<?xml version="1.0" encoding="UTF-8"?>
<alto xmlns:xsi="http://www.w3.org/2001/XMLSchema-instance"
      xmlns="http://www.loc.gov/standards/alto/ns-v2#"
      xmlns:page="http://schema.primaresearch.org/PAGE/gts/pagecontent/2013-07-15"
      xsi:schemaLocation="http://www.loc.gov/standards/alto/ns-v2# http://www.loc.gov/standards/alto/alto.xsd">
   <Description>
      <MeasurementUnit>pixel</MeasurementUnit>
      <OCRProcessing ID="IdOcr">
         <ocrProcessingStep>
            <processingDateTime>2021-02-17T08:20:23.353-05:00</processingDateTime>
            <processingSoftware>
               <softwareCreator>READ COOP</softwareCreator>
               <softwareName>Transkribus</softwareName>
            </processingSoftware>
         </ocrProcessingStep>
      </OCRProcessing>
   </Description>
   <Tags/>
   <Layout>
      <Page ID="Page1" PHYSICAL_IMG_NR="1" HEIGHT="2500" WIDTH="1812">
         <TopMargin HEIGHT="0" WIDTH="1812" VPOS="0" HPOS="0"/>
         <LeftMargin HEIGHT="2500" WIDTH="0" VPOS="0" HPOS="0"/>
         <RightMargin HEIGHT="2500" WIDTH="0" VPOS="0" HPOS="1812"/>
         <BottomMargin HEIGHT="0" WIDTH="1812" VPOS="2500" HPOS="0"/>
         <PrintSpace HEIGHT="2500" WIDTH="1812" VPOS="0" HPOS="0">
            <TextBlock ID="TextRegion_1612379335273_2543"
                       HEIGHT="1997"
                       WIDTH="633"
                       VPOS="175"
                       HPOS="197">
               <Shape>
                  <Polygon POINTS="197,175 830,175 830,2172 197,2172"/>
               </Shape>
               <TextLine ID="r1l3"
                         BASELINE="279"
                         HEIGHT="55"
                         WIDTH="615"
                         VPOS="224"
                         HPOS="206">
                  <String HEIGHT="55" WIDTH="80" VPOS="224" HPOS="193" CONTENT="ad"/>
                  <SP HEIGHT="55" WIDTH="13" VPOS="224" HPOS="273"/>
                  <String HEIGHT="55"
                          WIDTH="107"
                          VPOS="224"
                          HPOS="233"
                          CONTENT="hoc."/>
                  <SP HEIGHT="55" WIDTH="13" VPOS="224" HPOS="340"/>
                  <String HEIGHT="55" WIDTH="94" VPOS="224" HPOS="300" CONTENT="Sed"/>
                  <SP HEIGHT="55" WIDTH="13" VPOS="224" HPOS="393"/>
                  <String HEIGHT="55" WIDTH="80" VPOS="224" HPOS="353" CONTENT="ad"/>
                  <SP HEIGHT="55" WIDTH="13" VPOS="224" HPOS="433"/>
                  <String HEIGHT="55"
                          WIDTH="174"
                          VPOS="224"
                          HPOS="393"
                          CONTENT="oppositam"/>
                  <SP HEIGHT="55" WIDTH="13" VPOS="224" HPOS="567"/>
                  <String HEIGHT="55"
                          WIDTH="134"
                          VPOS="224"
                          HPOS="527"
                          CONTENT="partem"/>
                  <SP HEIGHT="55" WIDTH="13" VPOS="224" HPOS="661"/>
                  <String HEIGHT="55"
                          WIDTH="120"
                          VPOS="224"
                          HPOS="620"
                          CONTENT="tenet"/>
                  <SP HEIGHT="55" WIDTH="13" VPOS="224" HPOS="741"/>
                  <String HEIGHT="55"
                          WIDTH="134"
                          VPOS="224"
                          HPOS="687"
                          CONTENT="augusti"
                          SUBS_TYPE="HypPart1"
                          SUBS_CONTENT="augustinus"/>
                  <HYP CONTENT="-"/>
               </TextLine>
               <TextLine ID="r1l6"
                         BASELINE="309"
                         HEIGHT="33"
                         WIDTH="604"
                         VPOS="276"
                         HPOS="205">
                  <String HEIGHT="33"
                          WIDTH="85"
                          VPOS="276"
                          HPOS="193"
                          CONTENT="nus"
                          SUBS_TYPE="HypPart2"
                          SUBS_CONTENT="augustinus"/>
                  <SP HEIGHT="33" WIDTH="12" VPOS="276" HPOS="277"/>
                  <String HEIGHT="33"
                          WIDTH="145"
                          VPOS="276"
                          HPOS="241"
                          CONTENT="expresse"/>
                  <SP HEIGHT="33" WIDTH="12" VPOS="276" HPOS="386"/>
                  <String HEIGHT="33" WIDTH="85" VPOS="276" HPOS="350" CONTENT="vbi"/>
                  <SP HEIGHT="33" WIDTH="12" VPOS="276" HPOS="435"/>
                  <String HEIGHT="33"
                          WIDTH="109"
                          VPOS="276"
                          HPOS="398"
                          CONTENT="supra"/>
                  <SP HEIGHT="33" WIDTH="12" VPOS="276" HPOS="507"/>
                  <String HEIGHT="33" WIDTH="72" VPOS="276" HPOS="471" CONTENT="et"/>
                  <SP HEIGHT="33" WIDTH="12" VPOS="276" HPOS="543"/>
                  <String HEIGHT="33"
                          WIDTH="145"
                          VPOS="276"
                          HPOS="507"
                          CONTENT="sequitur"/>
                  <SP HEIGHT="33" WIDTH="12" VPOS="276" HPOS="652"/>
                  <String HEIGHT="33"
                          WIDTH="121"
                          VPOS="276"
                          HPOS="616"
                          CONTENT="ibidem"/>
                  <SP HEIGHT="33" WIDTH="12" VPOS="276" HPOS="737"/>
                  <String HEIGHT="33"
                          WIDTH="109"
                          VPOS="276"
                          HPOS="700"
                          CONTENT="neque"/>
                  <SP HEIGHT="33" WIDTH="12" VPOS="276" HPOS="809"/>
                  <String HEIGHT="33" WIDTH="48" VPOS="276" HPOS="761" CONTENT="du"/>
               </TextLine>
               <TextLine ID="r1l8"
                         BASELINE="336"
                         HEIGHT="33"
                         WIDTH="599"
                         VPOS="303"
                         HPOS="206">
                  <String HEIGHT="33" WIDTH="78" VPOS="303" HPOS="193" CONTENT="as"/>
                  <SP HEIGHT="33" WIDTH="13" VPOS="303" HPOS="271"/>
                  <String HEIGHT="33"
                          WIDTH="130"
                          VPOS="303"
                          HPOS="232"
                          CONTENT="animas"/>
                  <SP HEIGHT="33" WIDTH="13" VPOS="303" HPOS="362"/>
                  <String HEIGHT="33"
                          WIDTH="104"
                          VPOS="303"
                          HPOS="323"
                          CONTENT="esse"/>
                  <SP HEIGHT="33" WIDTH="13" VPOS="303" HPOS="427"/>
                  <String HEIGHT="33" WIDTH="78" VPOS="303" HPOS="388" CONTENT="in"/>
                  <SP HEIGHT="33" WIDTH="13" VPOS="303" HPOS="466"/>
                  <String HEIGHT="33"
                          WIDTH="117"
                          VPOS="303"
                          HPOS="427"
                          CONTENT="eodem"/>
                  <SP HEIGHT="33" WIDTH="13" VPOS="303" HPOS="545"/>
                  <String HEIGHT="33"
                          WIDTH="104"
                          VPOS="303"
                          HPOS="506"
                          CONTENT="vnam"/>
                  <SP HEIGHT="33" WIDTH="13" VPOS="303" HPOS="610"/>
                  <String HEIGHT="33"
                          WIDTH="156"
                          VPOS="303"
                          HPOS="571"
                          CONTENT="animalem"/>
                  <SP HEIGHT="33" WIDTH="13" VPOS="303" HPOS="727"/>
                  <String HEIGHT="33" WIDTH="91" VPOS="303" HPOS="688" CONTENT="qua"/>
                  <SP HEIGHT="33" WIDTH="13" VPOS="303" HPOS="779"/>
                  <String HEIGHT="33"
                          WIDTH="78"
                          VPOS="303"
                          HPOS="727"
                          CONTENT="ani"
                          SUBS_TYPE="HypPart1"
                          SUBS_CONTENT="animatur"/>
                  <HYP CONTENT="-"/>
               </TextLine>
               <TextLine ID="r1l10"
                         BASELINE="368"
                         HEIGHT="39"
                         WIDTH="597"
                         VPOS="329"
                         HPOS="212">
                  <String HEIGHT="39"
                          WIDTH="107"
                          VPOS="329"
                          HPOS="200"
                          CONTENT="matur"
                          SUBS_TYPE="HypPart2"
                          SUBS_CONTENT="animatur"/>
                  <SP HEIGHT="39" WIDTH="12" VPOS="329" HPOS="308"/>
                  <String HEIGHT="39"
                          WIDTH="119"
                          VPOS="329"
                          HPOS="272"
                          CONTENT="corpus"/>
                  <SP HEIGHT="39" WIDTH="12" VPOS="329" HPOS="391"/>
                  <String HEIGHT="39" WIDTH="72" VPOS="329" HPOS="355" CONTENT="et"/>
                  <SP HEIGHT="39" WIDTH="12" VPOS="329" HPOS="427"/>
                  <String HEIGHT="39"
                          WIDTH="107"
                          VPOS="329"
                          HPOS="391"
                          CONTENT="aliam"/>
                  <SP HEIGHT="39" WIDTH="12" VPOS="329" HPOS="499"/>
                  <String HEIGHT="39"
                          WIDTH="179"
                          VPOS="329"
                          HPOS="463"
                          CONTENT="spiritualem"/>
                  <SP HEIGHT="39" WIDTH="12" VPOS="329" HPOS="642"/>
                  <String HEIGHT="39" WIDTH="84" VPOS="329" HPOS="606" CONTENT="que"/>
                  <SP HEIGHT="39" WIDTH="12" VPOS="329" HPOS="690"/>
                  <String HEIGHT="39"
                          WIDTH="143"
                          VPOS="329"
                          HPOS="654"
                          CONTENT="rationem"/>
                  <SP HEIGHT="39" WIDTH="12" VPOS="329" HPOS="797"/>
                  <String HEIGHT="39" WIDTH="72" VPOS="329" HPOS="761" CONTENT="ad"/>
                  <SP HEIGHT="39" WIDTH="12" VPOS="329" HPOS="833"/>
                  <String HEIGHT="39" WIDTH="24" VPOS="329" HPOS="785" CONTENT=""/>
               </TextLine>
               <TextLine ID="r1l12"
                         BASELINE="391"
                         HEIGHT="34"
                         WIDTH="601"
                         VPOS="357"
                         HPOS="202">
                  <String HEIGHT="34"
                          WIDTH="142"
                          VPOS="357"
                          HPOS="191"
                          CONTENT="ministrat"/>
                  <SP HEIGHT="34" WIDTH="11" VPOS="357" HPOS="333"/>
                  <String HEIGHT="34" WIDTH="76" VPOS="357" HPOS="300" CONTENT="sed"/>
                  <SP HEIGHT="34" WIDTH="11" VPOS="357" HPOS="377"/>
                  <String HEIGHT="34"
                          WIDTH="120"
                          VPOS="357"
                          HPOS="344"
                          CONTENT="dicimus"/>
                  <SP HEIGHT="34" WIDTH="11" VPOS="357" HPOS="464"/>
                  <String HEIGHT="34" WIDTH="87" VPOS="357" HPOS="431" CONTENT="vnam"/>
                  <SP HEIGHT="34" WIDTH="11" VPOS="357" HPOS="519"/>
                  <String HEIGHT="34"
                          WIDTH="109"
                          VPOS="357"
                          HPOS="486"
                          CONTENT="animam"/>
                  <SP HEIGHT="34" WIDTH="11" VPOS="357" HPOS="595"/>
                  <String HEIGHT="34" WIDTH="87" VPOS="357" HPOS="563" CONTENT="esse"/>
                  <SP HEIGHT="34" WIDTH="11" VPOS="357" HPOS="650"/>
                  <String HEIGHT="34"
                          WIDTH="120"
                          VPOS="357"
                          HPOS="617"
                          CONTENT="hominis"/>
                  <SP HEIGHT="34" WIDTH="11" VPOS="357" HPOS="737"/>
                  <String HEIGHT="34" WIDTH="87" VPOS="357" HPOS="705" CONTENT="quae"/>
                  <SP HEIGHT="34" WIDTH="11" VPOS="357" HPOS="792"/>
                  <String HEIGHT="34" WIDTH="55" VPOS="357" HPOS="748" CONTENT="cor"/>
               </TextLine>
               <TextLine ID="r1l13"
                         BASELINE="421"
                         HEIGHT="35"
                         WIDTH="596"
                         VPOS="386"
                         HPOS="206">
                  <String HEIGHT="35" WIDTH="79" VPOS="386" HPOS="195" CONTENT="pus"/>
                  <SP HEIGHT="35" WIDTH="11" VPOS="386" HPOS="273"/>
                  <String HEIGHT="35" WIDTH="79" VPOS="386" HPOS="240" CONTENT="sua"/>
                  <SP HEIGHT="35" WIDTH="11" VPOS="386" HPOS="318"/>
                  <String HEIGHT="35"
                          WIDTH="146"
                          VPOS="386"
                          HPOS="285"
                          CONTENT="societate"/>
                  <SP HEIGHT="35" WIDTH="11" VPOS="386" HPOS="431"/>
                  <String HEIGHT="35"
                          WIDTH="146"
                          VPOS="386"
                          HPOS="397"
                          CONTENT="viuificat"/>
                  <SP HEIGHT="35" WIDTH="11" VPOS="386" HPOS="543"/>
                  <String HEIGHT="35" WIDTH="67" VPOS="386" HPOS="510" CONTENT="et"/>
                  <SP HEIGHT="35" WIDTH="11" VPOS="386" HPOS="577"/>
                  <String HEIGHT="35"
                          WIDTH="157"
                          VPOS="386"
                          HPOS="543"
                          CONTENT="semetipsam"/>
                  <SP HEIGHT="35" WIDTH="11" VPOS="386" HPOS="701"/>
                  <String HEIGHT="35" WIDTH="79" VPOS="386" HPOS="667" CONTENT="sua"/>
                  <SP HEIGHT="35" WIDTH="11" VPOS="386" HPOS="746"/>
                  <String HEIGHT="35"
                          WIDTH="101"
                          VPOS="386"
                          HPOS="701"
                          CONTENT="ratione"/>
               </TextLine>
               <TextLine ID="r1l15"
                         BASELINE="450"
                         HEIGHT="32"
                         WIDTH="598"
                         VPOS="418"
                         HPOS="205">
                  <String HEIGHT="32"
                          WIDTH="141"
                          VPOS="418"
                          HPOS="193"
                          CONTENT="disponat"/>
                  <SP HEIGHT="32" WIDTH="12" VPOS="418" HPOS="334"/>
                  <String HEIGHT="32"
                          WIDTH="117"
                          VPOS="418"
                          HPOS="299"
                          CONTENT="habens"/>
                  <SP HEIGHT="32" WIDTH="12" VPOS="418" HPOS="416"/>
                  <String HEIGHT="32" WIDTH="70" VPOS="418" HPOS="381" CONTENT="in"/>
                  <SP HEIGHT="32" WIDTH="12" VPOS="418" HPOS="451"/>
                  <String HEIGHT="32" WIDTH="70" VPOS="418" HPOS="416" CONTENT="se"/>
                  <SP HEIGHT="32" WIDTH="12" VPOS="418" HPOS="486"/>
                  <String HEIGHT="32"
                          WIDTH="164"
                          VPOS="418"
                          HPOS="451"
                          CONTENT="libertatem"/>
                  <SP HEIGHT="32" WIDTH="12" VPOS="418" HPOS="615"/>
                  <String HEIGHT="32"
                          WIDTH="141"
                          VPOS="418"
                          HPOS="580"
                          CONTENT="arbitrum"/>
                  <SP HEIGHT="32" WIDTH="12" VPOS="418" HPOS="721"/>
                  <String HEIGHT="32" WIDTH="70" VPOS="418" HPOS="686" CONTENT="vt"/>
                  <SP HEIGHT="32" WIDTH="12" VPOS="418" HPOS="756"/>
                  <String HEIGHT="32"
                          WIDTH="94"
                          VPOS="418"
                          HPOS="709"
                          CONTENT="eligat"/>
               </TextLine>
               <TextLine ID="r1l18"
                         BASELINE="477"
                         HEIGHT="32"
                         WIDTH="600"
                         VPOS="445"
                         HPOS="202">
                  <String HEIGHT="32"
                          WIDTH="104"
                          VPOS="445"
                          HPOS="189"
                          CONTENT="quod"/>
                  <SP HEIGHT="32" WIDTH="13" VPOS="445" HPOS="293"/>
                  <String HEIGHT="32"
                          WIDTH="104"
                          VPOS="445"
                          HPOS="254"
                          CONTENT="vult"/>
                  <SP HEIGHT="32" WIDTH="13" VPOS="445" HPOS="359"/>
                  <String HEIGHT="32"
                          WIDTH="117"
                          VPOS="445"
                          HPOS="319"
                          CONTENT="solum"/>
                  <SP HEIGHT="32" WIDTH="13" VPOS="445" HPOS="437"/>
                  <String HEIGHT="32"
                          WIDTH="143"
                          VPOS="445"
                          HPOS="398"
                          CONTENT="hominem"/>
                  <SP HEIGHT="32" WIDTH="13" VPOS="445" HPOS="541"/>
                  <String HEIGHT="32"
                          WIDTH="157"
                          VPOS="445"
                          HPOS="502"
                          CONTENT="credimus"/>
                  <SP HEIGHT="32" WIDTH="13" VPOS="445" HPOS="659"/>
                  <String HEIGHT="32"
                          WIDTH="130"
                          VPOS="445"
                          HPOS="619"
                          CONTENT="habere"/>
                  <SP HEIGHT="32" WIDTH="13" VPOS="445" HPOS="750"/>
                  <String HEIGHT="32"
                          WIDTH="104"
                          VPOS="445"
                          HPOS="698"
                          CONTENT="animam"/>
               </TextLine>
               <TextLine ID="r1l20"
                         BASELINE="507"
                         HEIGHT="33"
                         WIDTH="606"
                         VPOS="474"
                         HPOS="202">
                  <String HEIGHT="33" WIDTH="76" VPOS="474" HPOS="189" CONTENT="et"/>
                  <SP HEIGHT="33" WIDTH="13" VPOS="474" HPOS="265"/>
                  <String HEIGHT="33"
                          WIDTH="189"
                          VPOS="474"
                          HPOS="227"
                          CONTENT="substantiam"/>
                  <SP HEIGHT="33" WIDTH="13" VPOS="474" HPOS="417"/>
                  <String HEIGHT="33" WIDTH="88" VPOS="474" HPOS="379" CONTENT="que"/>
                  <SP HEIGHT="33" WIDTH="13" VPOS="474" HPOS="467"/>
                  <String HEIGHT="33"
                          WIDTH="114"
                          VPOS="474"
                          HPOS="429"
                          CONTENT="exuta"/>
                  <SP HEIGHT="33" WIDTH="13" VPOS="474" HPOS="543"/>
                  <String HEIGHT="33"
                          WIDTH="139"
                          VPOS="474"
                          HPOS="505"
                          CONTENT="corpore"/>
                  <SP HEIGHT="33" WIDTH="13" VPOS="474" HPOS="644"/>
                  <String HEIGHT="33"
                          WIDTH="114"
                          VPOS="474"
                          HPOS="606"
                          CONTENT="viuit"/>
                  <SP HEIGHT="33" WIDTH="13" VPOS="474" HPOS="720"/>
                  <String HEIGHT="33" WIDTH="76" VPOS="474" HPOS="682" CONTENT="et"/>
                  <SP HEIGHT="33" WIDTH="13" VPOS="474" HPOS="758"/>
                  <String HEIGHT="33"
                          WIDTH="101"
                          VPOS="474"
                          HPOS="707"
                          CONTENT="sensus"/>
               </TextLine>
               <TextLine ID="r1l21"
                         BASELINE="535"
                         HEIGHT="34"
                         WIDTH="601"
                         VPOS="501"
                         HPOS="208">
                  <String HEIGHT="34" WIDTH="96" VPOS="501" HPOS="196" CONTENT="suos"/>
                  <SP HEIGHT="34" WIDTH="12" VPOS="501" HPOS="292"/>
                  <String HEIGHT="34"
                          WIDTH="108"
                          VPOS="501"
                          HPOS="256"
                          CONTENT="atque"/>
                  <SP HEIGHT="34" WIDTH="12" VPOS="501" HPOS="364"/>
                  <String HEIGHT="34"
                          WIDTH="132"
                          VPOS="501"
                          HPOS="328"
                          CONTENT="ingenia"/>
                  <SP HEIGHT="34" WIDTH="12" VPOS="501" HPOS="460"/>
                  <String HEIGHT="34"
                          WIDTH="156"
                          VPOS="501"
                          HPOS="424"
                          CONTENT="viuaciter"/>
                  <SP HEIGHT="34" WIDTH="12" VPOS="501" HPOS="581"/>
                  <String HEIGHT="34"
                          WIDTH="108"
                          VPOS="501"
                          HPOS="545"
                          CONTENT="tenet"/>
                  <SP HEIGHT="34" WIDTH="12" VPOS="501" HPOS="653"/>
                  <String HEIGHT="34"
                          WIDTH="108"
                          VPOS="501"
                          HPOS="617"
                          CONTENT="neque"/>
                  <SP HEIGHT="34" WIDTH="12" VPOS="501" HPOS="725"/>
                  <String HEIGHT="34" WIDTH="84" VPOS="501" HPOS="689" CONTENT="cum"/>
                  <SP HEIGHT="34" WIDTH="12" VPOS="501" HPOS="773"/>
                  <String HEIGHT="34"
                          WIDTH="84"
                          VPOS="501"
                          HPOS="725"
                          CONTENT="corpo"/>
               </TextLine>
               <TextLine ID="r1l24"
                         BASELINE="562"
                         HEIGHT="34"
                         WIDTH="601"
                         VPOS="528"
                         HPOS="206">
                  <String HEIGHT="34" WIDTH="68" VPOS="528" HPOS="195" CONTENT="re"/>
                  <SP HEIGHT="34" WIDTH="11" VPOS="528" HPOS="263"/>
                  <String HEIGHT="34"
                          WIDTH="136"
                          VPOS="528"
                          HPOS="229"
                          CONTENT="moritur."/>
                  <SP HEIGHT="34" WIDTH="11" VPOS="528" HPOS="365"/>
                  <String HEIGHT="34" WIDTH="57" VPOS="528" HPOS="331" CONTENT="⁋"/>
                  <SP HEIGHT="34" WIDTH="11" VPOS="528" HPOS="387"/>
                  <String HEIGHT="34" WIDTH="68" VPOS="528" HPOS="353" CONTENT="Et"/>
                  <SP HEIGHT="34" WIDTH="11" VPOS="528" HPOS="421"/>
                  <String HEIGHT="34"
                          WIDTH="136"
                          VPOS="528"
                          HPOS="387"
                          CONTENT="sequitur"/>
                  <SP HEIGHT="34" WIDTH="11" VPOS="528" HPOS="524"/>
                  <String HEIGHT="34" WIDTH="79" VPOS="528" HPOS="489" CONTENT="ca."/>
                  <SP HEIGHT="34" WIDTH="11" VPOS="528" HPOS="569"/>
                  <String HEIGHT="34" WIDTH="68" VPOS="528" HPOS="535" CONTENT="13"/>
                  <SP HEIGHT="34" WIDTH="11" VPOS="528" HPOS="603"/>
                  <String HEIGHT="34"
                          WIDTH="147"
                          VPOS="528"
                          HPOS="569"
                          CONTENT="animalium"/>
                  <SP HEIGHT="34" WIDTH="11" VPOS="528" HPOS="716"/>
                  <String HEIGHT="34" WIDTH="91" VPOS="528" HPOS="682" CONTENT="vere"/>
                  <SP HEIGHT="34" WIDTH="11" VPOS="528" HPOS="773"/>
                  <String HEIGHT="34"
                          WIDTH="79"
                          VPOS="528"
                          HPOS="728"
                          CONTENT="anime"/>
               </TextLine>
               <TextLine ID="r1l26"
                         BASELINE="591"
                         HEIGHT="32"
                         WIDTH="599"
                         VPOS="559"
                         HPOS="203">
                  <String HEIGHT="32" WIDTH="84" VPOS="559" HPOS="191" CONTENT="non"/>
                  <SP HEIGHT="32" WIDTH="12" VPOS="559" HPOS="275"/>
                  <String HEIGHT="32" WIDTH="96" VPOS="559" HPOS="239" CONTENT="sunt"/>
                  <SP HEIGHT="32" WIDTH="12" VPOS="559" HPOS="335"/>
                  <String HEIGHT="32"
                          WIDTH="168"
                          VPOS="559"
                          HPOS="299"
                          CONTENT="substantie"/>
                  <SP HEIGHT="32" WIDTH="12" VPOS="559" HPOS="467"/>
                  <String HEIGHT="32" WIDTH="84" VPOS="559" HPOS="431" CONTENT="sed"/>
                  <SP HEIGHT="32" WIDTH="12" VPOS="559" HPOS="514"/>
                  <String HEIGHT="32" WIDTH="84" VPOS="559" HPOS="479" CONTENT="cum"/>
                  <SP HEIGHT="32" WIDTH="12" VPOS="559" HPOS="562"/>
                  <String HEIGHT="32"
                          WIDTH="108"
                          VPOS="559"
                          HPOS="526"
                          CONTENT="carne"/>
                  <SP HEIGHT="32" WIDTH="12" VPOS="559" HPOS="634"/>
                  <String HEIGHT="32" WIDTH="72" VPOS="559" HPOS="598" CONTENT="in"/>
                  <SP HEIGHT="32" WIDTH="12" VPOS="559" HPOS="670"/>
                  <String HEIGHT="32"
                          WIDTH="120"
                          VPOS="559"
                          HPOS="634"
                          CONTENT="aliqua"/>
                  <SP HEIGHT="32" WIDTH="12" VPOS="559" HPOS="754"/>
                  <String HEIGHT="32"
                          WIDTH="96"
                          VPOS="559"
                          HPOS="706"
                          CONTENT="carnis"/>
               </TextLine>
               <TextLine ID="r1l28"
                         BASELINE="620"
                         HEIGHT="33"
                         WIDTH="601"
                         VPOS="587"
                         HPOS="202">
                  <String HEIGHT="33"
                          WIDTH="175"
                          VPOS="587"
                          HPOS="189"
                          CONTENT="viuacitate"/>
                  <SP HEIGHT="33" WIDTH="13" VPOS="587" HPOS="365"/>
                  <String HEIGHT="33"
                          WIDTH="163"
                          VPOS="587"
                          HPOS="327"
                          CONTENT="nascuntur"/>
                  <SP HEIGHT="33" WIDTH="13" VPOS="587" HPOS="490"/>
                  <String HEIGHT="33" WIDTH="75" VPOS="587" HPOS="452" CONTENT="et"/>
                  <SP HEIGHT="33" WIDTH="13" VPOS="587" HPOS="528"/>
                  <String HEIGHT="33" WIDTH="88" VPOS="587" HPOS="490" CONTENT="cum"/>
                  <SP HEIGHT="33" WIDTH="13" VPOS="587" HPOS="578"/>
                  <String HEIGHT="33"
                          WIDTH="125"
                          VPOS="587"
                          HPOS="540"
                          CONTENT="carnis"/>
                  <SP HEIGHT="33" WIDTH="13" VPOS="587" HPOS="665"/>
                  <String HEIGHT="33"
                          WIDTH="113"
                          VPOS="587"
                          HPOS="628"
                          CONTENT="morte"/>
                  <SP HEIGHT="33" WIDTH="13" VPOS="587" HPOS="740"/>
                  <String HEIGHT="33"
                          WIDTH="113"
                          VPOS="587"
                          HPOS="690"
                          CONTENT="morium"
                          SUBS_TYPE="HypPart1"
                          SUBS_CONTENT="moriumtur."/>
                  <HYP CONTENT="-"/>
               </TextLine>
               <TextLine ID="r1l30"
                         BASELINE="651"
                         HEIGHT="33"
                         WIDTH="592"
                         VPOS="618"
                         HPOS="208">
                  <String HEIGHT="33"
                          WIDTH="97"
                          VPOS="618"
                          HPOS="196"
                          CONTENT="tur."
                          SUBS_TYPE="HypPart2"
                          SUBS_CONTENT="moriumtur."/>
                  <SP HEIGHT="33" WIDTH="12" VPOS="618" HPOS="293"/>
                  <String HEIGHT="33" WIDTH="97" VPOS="618" HPOS="256" CONTENT="Ideo"/>
                  <SP HEIGHT="33" WIDTH="12" VPOS="618" HPOS="353"/>
                  <String HEIGHT="33" WIDTH="85" VPOS="618" HPOS="317" CONTENT="nec"/>
                  <SP HEIGHT="33" WIDTH="12" VPOS="618" HPOS="401"/>
                  <String HEIGHT="33"
                          WIDTH="133"
                          VPOS="618"
                          HPOS="365"
                          CONTENT="ratione"/>
                  <SP HEIGHT="33" WIDTH="12" VPOS="618" HPOS="498"/>
                  <String HEIGHT="33"
                          WIDTH="145"
                          VPOS="618"
                          HPOS="462"
                          CONTENT="reguntur"/>
                  <SP HEIGHT="33" WIDTH="12" VPOS="618" HPOS="607"/>
                  <String HEIGHT="33" WIDTH="85" VPOS="618" HPOS="570" CONTENT="hec"/>
                  <SP HEIGHT="33" WIDTH="12" VPOS="618" HPOS="655"/>
                  <String HEIGHT="33"
                          WIDTH="109"
                          VPOS="618"
                          HPOS="619"
                          CONTENT="ille."/>
                  <SP HEIGHT="33" WIDTH="12" VPOS="618" HPOS="728"/>
                  <String HEIGHT="33" WIDTH="72" VPOS="618" HPOS="691" CONTENT="Et"/>
                  <SP HEIGHT="33" WIDTH="12" VPOS="618" HPOS="764"/>
                  <String HEIGHT="33"
                          WIDTH="85"
                          VPOS="618"
                          HPOS="715"
                          CONTENT="capi"
                          SUBS_TYPE="HypPart1"
                          SUBS_CONTENT="capi12"/>
                  <HYP CONTENT="-"/>
               </TextLine>
               <TextLine ID="r1l32"
                         BASELINE="677"
                         HEIGHT="33"
                         WIDTH="601"
                         VPOS="644"
                         HPOS="198">
                  <String HEIGHT="33"
                          WIDTH="77"
                          VPOS="644"
                          HPOS="185"
                          CONTENT="12"
                          SUBS_TYPE="HypPart2"
                          SUBS_CONTENT="capi12"/>
                  <SP HEIGHT="33" WIDTH="13" VPOS="644" HPOS="262"/>
                  <String HEIGHT="33"
                          WIDTH="166"
                          VPOS="644"
                          HPOS="224"
                          CONTENT="finaliter"/>
                  <SP HEIGHT="33" WIDTH="13" VPOS="644" HPOS="390"/>
                  <String HEIGHT="33"
                          WIDTH="115"
                          VPOS="644"
                          HPOS="351"
                          CONTENT="ponit"/>
                  <SP HEIGHT="33" WIDTH="13" VPOS="644" HPOS="467"/>
                  <String HEIGHT="33"
                          WIDTH="102"
                          VPOS="644"
                          HPOS="428"
                          CONTENT="idem"/>
                  <SP HEIGHT="33" WIDTH="13" VPOS="644" HPOS="530"/>
                  <String HEIGHT="33" WIDTH="90" VPOS="644" HPOS="492" CONTENT="cap"/>
                  <SP HEIGHT="33" WIDTH="13" VPOS="644" HPOS="582"/>
                  <String HEIGHT="33" WIDTH="90" VPOS="644" HPOS="543" CONTENT="1d."/>
                  <SP HEIGHT="33" WIDTH="13" VPOS="644" HPOS="633"/>
                  <String HEIGHT="33"
                          WIDTH="153"
                          VPOS="644"
                          HPOS="594"
                          CONTENT="Probatur"/>
                  <SP HEIGHT="33" WIDTH="13" VPOS="644" HPOS="748"/>
                  <String HEIGHT="33"
                          WIDTH="102"
                          VPOS="644"
                          HPOS="697"
                          CONTENT="aliter"/>
               </TextLine>
               <TextLine ID="r1l33"
                         BASELINE="704"
                         HEIGHT="28"
                         WIDTH="608"
                         VPOS="676"
                         HPOS="198">
                  <String HEIGHT="28"
                          WIDTH="98"
                          VPOS="676"
                          HPOS="187"
                          CONTENT="anima"/>
                  <SP HEIGHT="28" WIDTH="11" VPOS="676" HPOS="285"/>
                  <String HEIGHT="28"
                          WIDTH="119"
                          VPOS="676"
                          HPOS="252"
                          CONTENT="Christi"/>
                  <SP HEIGHT="28" WIDTH="11" VPOS="676" HPOS="372"/>
                  <String HEIGHT="28"
                          WIDTH="141"
                          VPOS="676"
                          HPOS="339"
                          CONTENT="sensitiua"/>
                  <SP HEIGHT="28" WIDTH="11" VPOS="676" HPOS="480"/>
                  <String HEIGHT="28"
                          WIDTH="119"
                          VPOS="676"
                          HPOS="448"
                          CONTENT="fuisset"/>
                  <SP HEIGHT="28" WIDTH="11" VPOS="676" HPOS="567"/>
                  <String HEIGHT="28"
                          WIDTH="109"
                          VPOS="676"
                          HPOS="535"
                          CONTENT="mortua"/>
                  <SP HEIGHT="28" WIDTH="11" VPOS="676" HPOS="643"/>
                  <String HEIGHT="28"
                          WIDTH="109"
                          VPOS="676"
                          HPOS="611"
                          CONTENT="mortuo"/>
                  <SP HEIGHT="28" WIDTH="11" VPOS="676" HPOS="719"/>
                  <String HEIGHT="28"
                          WIDTH="119"
                          VPOS="676"
                          HPOS="687"
                          CONTENT="Christo"/>
                  <SP HEIGHT="28" WIDTH="11" VPOS="676" HPOS="806"/>
                  <String HEIGHT="28" WIDTH="43" VPOS="676" HPOS="763" CONTENT="et"/>
               </TextLine>
               <TextLine ID="r1l35"
                         BASELINE="737"
                         HEIGHT="35"
                         WIDTH="595"
                         VPOS="702"
                         HPOS="204">
                  <String HEIGHT="35" WIDTH="83" VPOS="702" HPOS="192" CONTENT="ita"/>
                  <SP HEIGHT="35" WIDTH="12" VPOS="702" HPOS="275"/>
                  <String HEIGHT="35"
                          WIDTH="143"
                          VPOS="702"
                          HPOS="240"
                          CONTENT="deposuit"/>
                  <SP HEIGHT="35" WIDTH="12" VPOS="702" HPOS="383"/>
                  <String HEIGHT="35" WIDTH="95" VPOS="702" HPOS="347" CONTENT="quod"/>
                  <SP HEIGHT="35" WIDTH="12" VPOS="702" HPOS="442"/>
                  <String HEIGHT="35"
                          WIDTH="155"
                          VPOS="702"
                          HPOS="406"
                          CONTENT="assumpsit"/>
                  <SP HEIGHT="35" WIDTH="12" VPOS="702" HPOS="561"/>
                  <String HEIGHT="35" WIDTH="95" VPOS="702" HPOS="525" CONTENT="quod"/>
                  <SP HEIGHT="35" WIDTH="12" VPOS="702" HPOS="621"/>
                  <String HEIGHT="35" WIDTH="83" VPOS="702" HPOS="585" CONTENT="non"/>
                  <SP HEIGHT="35" WIDTH="12" VPOS="702" HPOS="668"/>
                  <String HEIGHT="35"
                          WIDTH="131"
                          VPOS="702"
                          HPOS="632"
                          CONTENT="recipit"/>
                  <SP HEIGHT="35" WIDTH="12" VPOS="702" HPOS="763"/>
                  <String HEIGHT="35"
                          WIDTH="83"
                          VPOS="702"
                          HPOS="716"
                          CONTENT="fides"/>
               </TextLine>
               <TextLine ID="r1l37"
                         BASELINE="763"
                         HEIGHT="31"
                         WIDTH="596"
                         VPOS="732"
                         HPOS="210">
                  <String HEIGHT="31" WIDTH="75" VPOS="732" HPOS="199" CONTENT="vel"/>
                  <SP HEIGHT="31" WIDTH="11" VPOS="732" HPOS="274"/>
                  <String HEIGHT="31"
                          WIDTH="106"
                          VPOS="732"
                          HPOS="242"
                          CONTENT="corpus"/>
                  <SP HEIGHT="31" WIDTH="11" VPOS="732" HPOS="348"/>
                  <String HEIGHT="31"
                          WIDTH="117"
                          VPOS="732"
                          HPOS="316"
                          CONTENT="Christi"/>
                  <SP HEIGHT="31" WIDTH="11" VPOS="732" HPOS="434"/>
                  <String HEIGHT="31"
                          WIDTH="128"
                          VPOS="732"
                          HPOS="402"
                          CONTENT="vixisset"/>
                  <SP HEIGHT="31" WIDTH="11" VPOS="732" HPOS="529"/>
                  <String HEIGHT="31" WIDTH="64" VPOS="732" HPOS="497" CONTENT="in"/>
                  <SP HEIGHT="31" WIDTH="11" VPOS="732" HPOS="561"/>
                  <String HEIGHT="31"
                          WIDTH="106"
                          VPOS="732"
                          HPOS="529"
                          CONTENT="triduo"/>
                  <SP HEIGHT="31" WIDTH="11" VPOS="732" HPOS="636"/>
                  <String HEIGHT="31"
                          WIDTH="106"
                          VPOS="732"
                          HPOS="604"
                          CONTENT="mortis"/>
                  <SP HEIGHT="31" WIDTH="11" VPOS="732" HPOS="710"/>
                  <String HEIGHT="31" WIDTH="75" VPOS="732" HPOS="678" CONTENT="vel"/>
                  <SP HEIGHT="31" WIDTH="11" VPOS="732" HPOS="753"/>
                  <String HEIGHT="31"
                          WIDTH="96"
                          VPOS="732"
                          HPOS="710"
                          CONTENT="sensiti"/>
               </TextLine>
               <TextLine ID="r1l40"
                         BASELINE="793"
                         HEIGHT="31"
                         WIDTH="604"
                         VPOS="762"
                         HPOS="206">
                  <String HEIGHT="31" WIDTH="67" VPOS="762" HPOS="195" CONTENT="ua"/>
                  <SP HEIGHT="31" WIDTH="11" VPOS="762" HPOS="262"/>
                  <String HEIGHT="31" WIDTH="78" VPOS="762" HPOS="228" CONTENT="vel"/>
                  <SP HEIGHT="31" WIDTH="11" VPOS="762" HPOS="307"/>
                  <String HEIGHT="31"
                          WIDTH="157"
                          VPOS="762"
                          HPOS="273"
                          CONTENT="vegetatiua"/>
                  <SP HEIGHT="31" WIDTH="11" VPOS="762" HPOS="430"/>
                  <String HEIGHT="31"
                          WIDTH="123"
                          VPOS="762"
                          HPOS="396"
                          CONTENT="Christi"/>
                  <SP HEIGHT="31" WIDTH="11" VPOS="762" HPOS="519"/>
                  <String HEIGHT="31"
                          WIDTH="145"
                          VPOS="762"
                          HPOS="486"
                          CONTENT="distincta"/>
                  <SP HEIGHT="31" WIDTH="11" VPOS="762" HPOS="631"/>
                  <String HEIGHT="31" WIDTH="67" VPOS="762" HPOS="597" CONTENT="ab"/>
                  <SP HEIGHT="31" WIDTH="11" VPOS="762" HPOS="665"/>
                  <String HEIGHT="31"
                          WIDTH="179"
                          VPOS="762"
                          HPOS="631"
                          CONTENT="intellectiua"/>
                  <SP HEIGHT="31" WIDTH="11" VPOS="762" HPOS="810"/>
                  <String HEIGHT="31" WIDTH="45" VPOS="762" HPOS="765" CONTENT="de"/>
               </TextLine>
               <TextLine ID="r1l42"
                         BASELINE="820"
                         HEIGHT="32"
                         WIDTH="601"
                         VPOS="788"
                         HPOS="203">
                  <String HEIGHT="32"
                          WIDTH="172"
                          VPOS="788"
                          HPOS="191"
                          CONTENT="scendisset"/>
                  <SP HEIGHT="32" WIDTH="12" VPOS="788" HPOS="362"/>
                  <String HEIGHT="32" WIDTH="74" VPOS="788" HPOS="326" CONTENT="ad"/>
                  <SP HEIGHT="32" WIDTH="12" VPOS="788" HPOS="399"/>
                  <String HEIGHT="32"
                          WIDTH="135"
                          VPOS="788"
                          HPOS="362"
                          CONTENT="inferos"/>
                  <SP HEIGHT="32" WIDTH="12" VPOS="788" HPOS="497"/>
                  <String HEIGHT="32"
                          WIDTH="123"
                          VPOS="788"
                          HPOS="461"
                          CONTENT="quorum"/>
                  <SP HEIGHT="32" WIDTH="12" VPOS="788" HPOS="583"/>
                  <String HEIGHT="32"
                          WIDTH="123"
                          VPOS="788"
                          HPOS="546"
                          CONTENT="nullum"/>
                  <SP HEIGHT="32" WIDTH="12" VPOS="788" HPOS="669"/>
                  <String HEIGHT="32" WIDTH="86" VPOS="788" HPOS="632" CONTENT="est"/>
                  <SP HEIGHT="32" WIDTH="12" VPOS="788" HPOS="718"/>
                  <String HEIGHT="32"
                          WIDTH="110"
                          VPOS="788"
                          HPOS="681"
                          CONTENT="verum"/>
                  <SP HEIGHT="32" WIDTH="12" VPOS="788" HPOS="792"/>
                  <String HEIGHT="32" WIDTH="61" VPOS="788" HPOS="743" CONTENT="nec"/>
               </TextLine>
               <TextLine ID="r1l44"
                         BASELINE="848"
                         HEIGHT="30"
                         WIDTH="602"
                         VPOS="818"
                         HPOS="204">
                  <String HEIGHT="30"
                          WIDTH="165"
                          VPOS="818"
                          HPOS="192"
                          CONTENT="admittitur"/>
                  <SP HEIGHT="30" WIDTH="12" VPOS="818" HPOS="357"/>
                  <String HEIGHT="30"
                          WIDTH="118"
                          VPOS="818"
                          HPOS="322"
                          CONTENT="igitur"/>
                  <SP HEIGHT="30" WIDTH="12" VPOS="818" HPOS="440"/>
                  <String HEIGHT="30" WIDTH="94" VPOS="818" HPOS="405" CONTENT="etc."/>
                  <SP HEIGHT="30" WIDTH="12" VPOS="818" HPOS="499"/>
                  <String HEIGHT="30" WIDTH="59" VPOS="818" HPOS="464" CONTENT="⁋"/>
                  <SP HEIGHT="30" WIDTH="12" VPOS="818" HPOS="523"/>
                  <String HEIGHT="30" WIDTH="71" VPOS="818" HPOS="487" CONTENT="De"/>
                  <SP HEIGHT="30" WIDTH="12" VPOS="818" HPOS="558"/>
                  <String HEIGHT="30" WIDTH="83" VPOS="818" HPOS="523" CONTENT="hoc"/>
                  <SP HEIGHT="30" WIDTH="12" VPOS="818" HPOS="605"/>
                  <String HEIGHT="30"
                          WIDTH="118"
                          VPOS="818"
                          HPOS="570"
                          CONTENT="doctor"/>
                  <SP HEIGHT="30" WIDTH="12" VPOS="818" HPOS="688"/>
                  <String HEIGHT="30"
                          WIDTH="142"
                          VPOS="818"
                          HPOS="653"
                          CONTENT="solemnis"/>
                  <SP HEIGHT="30" WIDTH="12" VPOS="818" HPOS="794"/>
                  <String HEIGHT="30"
                          WIDTH="59"
                          VPOS="818"
                          HPOS="747"
                          CONTENT="lo"
                          SUBS_TYPE="HypPart1"
                          SUBS_CONTENT="loquitur"/>
                  <HYP CONTENT="-"/>
               </TextLine>
               <TextLine ID="r1l45"
                         BASELINE="878"
                         HEIGHT="32"
                         WIDTH="603"
                         VPOS="846"
                         HPOS="202">
                  <String HEIGHT="32"
                          WIDTH="128"
                          VPOS="846"
                          HPOS="189"
                          CONTENT="quitur"
                          SUBS_TYPE="HypPart2"
                          SUBS_CONTENT="loquitur"/>
                  <SP HEIGHT="32" WIDTH="13" VPOS="846" HPOS="317"/>
                  <String HEIGHT="32" WIDTH="64" VPOS="846" HPOS="279" CONTENT="3"/>
                  <SP HEIGHT="32" WIDTH="13" VPOS="846" HPOS="343"/>
                  <String HEIGHT="32"
                          WIDTH="180"
                          VPOS="846"
                          HPOS="305"
                          CONTENT="quolibeti."/>
                  <SP HEIGHT="32" WIDTH="13" VPOS="846" HPOS="484"/>
                  <String HEIGHT="32" WIDTH="77" VPOS="846" HPOS="446" CONTENT="q."/>
                  <SP HEIGHT="32" WIDTH="13" VPOS="846" HPOS="523"/>
                  <String HEIGHT="32" WIDTH="77" VPOS="846" HPOS="484" CONTENT="6."/>
                  <SP HEIGHT="32" WIDTH="13" VPOS="846" HPOS="561"/>
                  <String HEIGHT="32"
                          WIDTH="115"
                          VPOS="846"
                          HPOS="523"
                          CONTENT="Tamen"/>
                  <SP HEIGHT="32" WIDTH="13" VPOS="846" HPOS="638"/>
                  <String HEIGHT="32"
                          WIDTH="128"
                          VPOS="846"
                          HPOS="600"
                          CONTENT="contra"/>
                  <SP HEIGHT="32" WIDTH="13" VPOS="846" HPOS="728"/>
                  <String HEIGHT="32" WIDTH="90" VPOS="846" HPOS="690" CONTENT="hoc"/>
                  <SP HEIGHT="32" WIDTH="13" VPOS="846" HPOS="779"/>
                  <String HEIGHT="32" WIDTH="77" VPOS="846" HPOS="728" CONTENT="vide"/>
               </TextLine>
               <TextLine ID="r1l47"
                         BASELINE="905"
                         HEIGHT="30"
                         WIDTH="600"
                         VPOS="875"
                         HPOS="202">
                  <String HEIGHT="30" WIDTH="72" VPOS="875" HPOS="192" CONTENT="tur"/>
                  <SP HEIGHT="30" WIDTH="10" VPOS="875" HPOS="264"/>
                  <String HEIGHT="30"
                          WIDTH="134"
                          VPOS="875"
                          HPOS="233"
                          CONTENT="sententia"/>
                  <SP HEIGHT="30" WIDTH="10" VPOS="875" HPOS="368"/>
                  <String HEIGHT="30"
                          WIDTH="145"
                          VPOS="875"
                          HPOS="336"
                          CONTENT="philosophy"/>
                  <SP HEIGHT="30" WIDTH="10" VPOS="875" HPOS="481"/>
                  <String HEIGHT="30" WIDTH="62" VPOS="875" HPOS="450" CONTENT="10"/>
                  <SP HEIGHT="30" WIDTH="10" VPOS="875" HPOS="512"/>
                  <String HEIGHT="30" WIDTH="62" VPOS="875" HPOS="481" CONTENT="de"/>
                  <SP HEIGHT="30" WIDTH="10" VPOS="875" HPOS="543"/>
                  <String HEIGHT="30"
                          WIDTH="124"
                          VPOS="875"
                          HPOS="512"
                          CONTENT="animabus"/>
                  <SP HEIGHT="30" WIDTH="10" VPOS="875" HPOS="636"/>
                  <String HEIGHT="30" WIDTH="72" VPOS="875" HPOS="605" CONTENT="vbi"/>
                  <SP HEIGHT="30" WIDTH="10" VPOS="875" HPOS="678"/>
                  <String HEIGHT="30"
                          WIDTH="93"
                          VPOS="875"
                          HPOS="647"
                          CONTENT="dicit"/>
                  <SP HEIGHT="30" WIDTH="10" VPOS="875" HPOS="740"/>
                  <String HEIGHT="30" WIDTH="83" VPOS="875" HPOS="709" CONTENT="quod"/>
                  <SP HEIGHT="30" WIDTH="10" VPOS="875" HPOS="792"/>
                  <String HEIGHT="30"
                          WIDTH="52"
                          VPOS="875"
                          HPOS="750"
                          CONTENT="so"
                          SUBS_TYPE="HypPart1"
                          SUBS_CONTENT="solum"/>
                  <HYP CONTENT="-"/>
               </TextLine>
               <TextLine ID="r1l49"
                         BASELINE="940"
                         HEIGHT="41"
                         WIDTH="607"
                         VPOS="899"
                         HPOS="202">
                  <String HEIGHT="41"
                          WIDTH="82"
                          VPOS="899"
                          HPOS="190"
                          CONTENT="lum"
                          SUBS_TYPE="HypPart2"
                          SUBS_CONTENT="solum"/>
                  <SP HEIGHT="41" WIDTH="12" VPOS="899" HPOS="272"/>
                  <String HEIGHT="41"
                          WIDTH="175"
                          VPOS="899"
                          HPOS="237"
                          CONTENT="intellectus"/>
                  <SP HEIGHT="41" WIDTH="12" VPOS="899" HPOS="412"/>
                  <String HEIGHT="41"
                          WIDTH="105"
                          VPOS="899"
                          HPOS="377"
                          CONTENT="venit"/>
                  <SP HEIGHT="41" WIDTH="12" VPOS="899" HPOS="482"/>
                  <String HEIGHT="41" WIDTH="70" VPOS="899" HPOS="447" CONTENT="ab"/>
                  <SP HEIGHT="41" WIDTH="12" VPOS="899" HPOS="517"/>
                  <String HEIGHT="41"
                          WIDTH="163"
                          VPOS="899"
                          HPOS="482"
                          CONTENT="extrinseco"/>
                  <SP HEIGHT="41" WIDTH="12" VPOS="899" HPOS="646"/>
                  <String HEIGHT="41" WIDTH="70" VPOS="899" HPOS="611" CONTENT="et"/>
                  <SP HEIGHT="41" WIDTH="12" VPOS="899" HPOS="681"/>
                  <String HEIGHT="41"
                          WIDTH="105"
                          VPOS="899"
                          HPOS="646"
                          CONTENT="primo"/>
                  <SP HEIGHT="41" WIDTH="12" VPOS="899" HPOS="751"/>
                  <String HEIGHT="41" WIDTH="70" VPOS="899" HPOS="716" CONTENT="de"/>
                  <SP HEIGHT="41" WIDTH="12" VPOS="899" HPOS="786"/>
                  <String HEIGHT="41"
                          WIDTH="70"
                          VPOS="899"
                          HPOS="739"
                          CONTENT="ani"
                          SUBS_TYPE="HypPart1"
                          SUBS_CONTENT="anima"/>
                  <HYP CONTENT="-"/>
               </TextLine>
               <TextLine ID="r1l51"
                         BASELINE="968"
                         HEIGHT="36"
                         WIDTH="603"
                         VPOS="932"
                         HPOS="200">
                  <String HEIGHT="36"
                          WIDTH="71"
                          VPOS="932"
                          HPOS="188"
                          CONTENT="ma"
                          SUBS_TYPE="HypPart2"
                          SUBS_CONTENT="anima"/>
                  <SP HEIGHT="36" WIDTH="12" VPOS="932" HPOS="259"/>
                  <String HEIGHT="36" WIDTH="95" VPOS="932" HPOS="224" CONTENT="quod"/>
                  <SP HEIGHT="36" WIDTH="12" VPOS="932" HPOS="318"/>
                  <String HEIGHT="36"
                          WIDTH="106"
                          VPOS="932"
                          HPOS="283"
                          CONTENT="solum"/>
                  <SP HEIGHT="36" WIDTH="12" VPOS="932" HPOS="389"/>
                  <String HEIGHT="36"
                          WIDTH="177"
                          VPOS="932"
                          HPOS="354"
                          CONTENT="intellectus"/>
                  <SP HEIGHT="36" WIDTH="12" VPOS="932" HPOS="531"/>
                  <String HEIGHT="36"
                          WIDTH="154"
                          VPOS="932"
                          HPOS="496"
                          CONTENT="separatur"/>
                  <SP HEIGHT="36" WIDTH="12" VPOS="932" HPOS="649"/>
                  <String HEIGHT="36" WIDTH="59" VPOS="932" HPOS="614" CONTENT="a"/>
                  <SP HEIGHT="36" WIDTH="12" VPOS="932" HPOS="673"/>
                  <String HEIGHT="36"
                          WIDTH="130"
                          VPOS="932"
                          HPOS="637"
                          CONTENT="corpore"/>
                  <SP HEIGHT="36" WIDTH="12" VPOS="932" HPOS="768"/>
                  <String HEIGHT="36"
                          WIDTH="83"
                          VPOS="932"
                          HPOS="720"
                          CONTENT="sicut"/>
               </TextLine>
               <TextLine ID="r1l53"
                         BASELINE="995"
                         HEIGHT="35"
                         WIDTH="603"
                         VPOS="960"
                         HPOS="205">
                  <String HEIGHT="35"
                          WIDTH="163"
                          VPOS="960"
                          HPOS="192"
                          CONTENT="perpetuum"/>
                  <SP HEIGHT="35" WIDTH="13" VPOS="960" HPOS="356"/>
                  <String HEIGHT="35" WIDTH="63" VPOS="960" HPOS="318" CONTENT="a"/>
                  <SP HEIGHT="35" WIDTH="13" VPOS="960" HPOS="381"/>
                  <String HEIGHT="35"
                          WIDTH="214"
                          VPOS="960"
                          HPOS="343"
                          CONTENT="corruptibili."/>
                  <SP HEIGHT="35" WIDTH="13" VPOS="960" HPOS="557"/>
                  <String HEIGHT="35" WIDTH="63" VPOS="960" HPOS="519" CONTENT="⁋"/>
                  <SP HEIGHT="35" WIDTH="13" VPOS="960" HPOS="582"/>
                  <String HEIGHT="35" WIDTH="75" VPOS="960" HPOS="544" CONTENT="Ad"/>
                  <SP HEIGHT="35" WIDTH="13" VPOS="960" HPOS="620"/>
                  <String HEIGHT="35"
                          WIDTH="113"
                          VPOS="960"
                          HPOS="582"
                          CONTENT="istud"/>
                  <SP HEIGHT="35" WIDTH="13" VPOS="960" HPOS="695"/>
                  <String HEIGHT="35"
                          WIDTH="126"
                          VPOS="960"
                          HPOS="657"
                          CONTENT="inquit"/>
                  <SP HEIGHT="35" WIDTH="13" VPOS="960" HPOS="783"/>
                  <String HEIGHT="35" WIDTH="75" VPOS="960" HPOS="733" CONTENT="vide"/>
               </TextLine>
               <TextLine ID="r1l55"
                         BASELINE="1020"
                         HEIGHT="33"
                         WIDTH="596"
                         VPOS="987"
                         HPOS="203">
                  <String HEIGHT="33" WIDTH="82" VPOS="987" HPOS="191" CONTENT="tur"/>
                  <SP HEIGHT="33" WIDTH="12" VPOS="987" HPOS="273"/>
                  <String HEIGHT="33" WIDTH="93" VPOS="987" HPOS="238" CONTENT="mihi"/>
                  <SP HEIGHT="33" WIDTH="12" VPOS="987" HPOS="332"/>
                  <String HEIGHT="33"
                          WIDTH="152"
                          VPOS="987"
                          HPOS="296"
                          CONTENT="probabile"/>
                  <SP HEIGHT="33" WIDTH="12" VPOS="987" HPOS="448"/>
                  <String HEIGHT="33"
                          WIDTH="117"
                          VPOS="987"
                          HPOS="413"
                          CONTENT="dicere"/>
                  <SP HEIGHT="33" WIDTH="12" VPOS="987" HPOS="530"/>
                  <String HEIGHT="33"
                          WIDTH="105"
                          VPOS="987"
                          HPOS="495"
                          CONTENT="sicut"/>
                  <SP HEIGHT="33" WIDTH="12" VPOS="987" HPOS="600"/>
                  <String HEIGHT="33"
                          WIDTH="105"
                          VPOS="987"
                          HPOS="565"
                          CONTENT="dicit"/>
                  <SP HEIGHT="33" WIDTH="12" VPOS="987" HPOS="670"/>
                  <String HEIGHT="33"
                          WIDTH="117"
                          VPOS="987"
                          HPOS="635"
                          CONTENT="doctor"/>
                  <SP HEIGHT="33" WIDTH="12" VPOS="987" HPOS="752"/>
                  <String HEIGHT="33"
                          WIDTH="93"
                          VPOS="987"
                          HPOS="706"
                          CONTENT="solen"
                          SUBS_TYPE="HypPart1"
                          SUBS_CONTENT="solennis"/>
                  <HYP CONTENT="-"/>
               </TextLine>
               <TextLine ID="r1l57"
                         BASELINE="1047"
                         HEIGHT="32"
                         WIDTH="601"
                         VPOS="1015"
                         HPOS="199">
                  <String HEIGHT="32"
                          WIDTH="79"
                          VPOS="1015"
                          HPOS="188"
                          CONTENT="nis"
                          SUBS_TYPE="HypPart2"
                          SUBS_CONTENT="solennis"/>
                  <SP HEIGHT="32" WIDTH="11" VPOS="1015" HPOS="267"/>
                  <String HEIGHT="32" WIDTH="57" VPOS="1015" HPOS="233" CONTENT="3"/>
                  <SP HEIGHT="32" WIDTH="11" VPOS="1015" HPOS="290"/>
                  <String HEIGHT="32"
                          WIDTH="159"
                          VPOS="1015"
                          HPOS="256"
                          CONTENT="quolibeti."/>
                  <SP HEIGHT="32" WIDTH="11" VPOS="1015" HPOS="414"/>
                  <String HEIGHT="32" WIDTH="68" VPOS="1015" HPOS="380" CONTENT="q."/>
                  <SP HEIGHT="32" WIDTH="11" VPOS="1015" HPOS="448"/>
                  <String HEIGHT="32" WIDTH="57" VPOS="1015" HPOS="414" CONTENT="6"/>
                  <SP HEIGHT="32" WIDTH="11" VPOS="1015" HPOS="471"/>
                  <String HEIGHT="32"
                          WIDTH="91"
                          VPOS="1015"
                          HPOS="437"
                          CONTENT="quod"/>
                  <SP HEIGHT="32" WIDTH="11" VPOS="1015" HPOS="528"/>
                  <String HEIGHT="32" WIDTH="79" VPOS="1015" HPOS="494" CONTENT="non"/>
                  <SP HEIGHT="32" WIDTH="11" VPOS="1015" HPOS="573"/>
                  <String HEIGHT="32" WIDTH="79" VPOS="1015" HPOS="539" CONTENT="est"/>
                  <SP HEIGHT="32" WIDTH="11" VPOS="1015" HPOS="619"/>
                  <String HEIGHT="32" WIDTH="68" VPOS="1015" HPOS="585" CONTENT="in"/>
                  <SP HEIGHT="32" WIDTH="11" VPOS="1015" HPOS="653"/>
                  <String HEIGHT="32"
                          WIDTH="113"
                          VPOS="1015"
                          HPOS="619"
                          CONTENT="homine"/>
                  <SP HEIGHT="32" WIDTH="11" VPOS="1015" HPOS="732"/>
                  <String HEIGHT="32"
                          WIDTH="91"
                          VPOS="1015"
                          HPOS="698"
                          CONTENT="nisi"/>
                  <SP HEIGHT="32" WIDTH="11" VPOS="1015" HPOS="789"/>
                  <String HEIGHT="32" WIDTH="57" VPOS="1015" HPOS="743" CONTENT="ani"/>
               </TextLine>
               <TextLine ID="r1l59"
                         BASELINE="1081"
                         HEIGHT="37"
                         WIDTH="605"
                         VPOS="1044"
                         HPOS="203">
                  <String HEIGHT="37" WIDTH="71" VPOS="1044" HPOS="191" CONTENT="ma"/>
                  <SP HEIGHT="37" WIDTH="12" VPOS="1044" HPOS="262"/>
                  <String HEIGHT="37"
                          WIDTH="190"
                          VPOS="1044"
                          HPOS="227"
                          CONTENT="intellectiua"/>
                  <SP HEIGHT="37" WIDTH="12" VPOS="1044" HPOS="417"/>
                  <String HEIGHT="37" WIDTH="83" VPOS="1044" HPOS="381" CONTENT="que"/>
                  <SP HEIGHT="37" WIDTH="12" VPOS="1044" HPOS="464"/>
                  <String HEIGHT="37" WIDTH="83" VPOS="1044" HPOS="428" CONTENT="est"/>
                  <SP HEIGHT="37" WIDTH="12" VPOS="1044" HPOS="511"/>
                  <String HEIGHT="37"
                          WIDTH="154"
                          VPOS="1044"
                          HPOS="476"
                          CONTENT="sensitiua"/>
                  <SP HEIGHT="37" WIDTH="12" VPOS="1044" HPOS="630"/>
                  <String HEIGHT="37" WIDTH="71" VPOS="1044" HPOS="594" CONTENT="et"/>
                  <SP HEIGHT="37" WIDTH="12" VPOS="1044" HPOS="666"/>
                  <String HEIGHT="37"
                          WIDTH="166"
                          VPOS="1044"
                          HPOS="630"
                          CONTENT="vegetatiua"/>
                  <SP HEIGHT="37" WIDTH="12" VPOS="1044" HPOS="796"/>
                  <String HEIGHT="37"
                          WIDTH="59"
                          VPOS="1044"
                          HPOS="749"
                          CONTENT="si"
                          SUBS_TYPE="HypPart1"
                          SUBS_CONTENT="sicut"/>
                  <HYP CONTENT="-"/>
               </TextLine>
               <TextLine ID="r1l61"
                         BASELINE="1108"
                         HEIGHT="35"
                         WIDTH="612"
                         VPOS="1073"
                         HPOS="198">
                  <String HEIGHT="35"
                          WIDTH="79"
                          VPOS="1073"
                          HPOS="187"
                          CONTENT="cut"
                          SUBS_TYPE="HypPart2"
                          SUBS_CONTENT="sicut"/>
                  <SP HEIGHT="35" WIDTH="11" VPOS="1073" HPOS="266"/>
                  <String HEIGHT="35"
                          WIDTH="125"
                          VPOS="1073"
                          HPOS="232"
                          CONTENT="allegat"/>
                  <SP HEIGHT="35" WIDTH="11" VPOS="1073" HPOS="357"/>
                  <String HEIGHT="35"
                          WIDTH="159"
                          VPOS="1073"
                          HPOS="323"
                          CONTENT="augustinus"/>
                  <SP HEIGHT="35" WIDTH="11" VPOS="1073" HPOS="481"/>
                  <String HEIGHT="35" WIDTH="68" VPOS="1073" HPOS="447" CONTENT="de"/>
                  <SP HEIGHT="35" WIDTH="11" VPOS="1073" HPOS="515"/>
                  <String HEIGHT="35"
                          WIDTH="125"
                          VPOS="1073"
                          HPOS="481"
                          CONTENT="spiritu"/>
                  <SP HEIGHT="35" WIDTH="11" VPOS="1073" HPOS="606"/>
                  <String HEIGHT="35" WIDTH="68" VPOS="1073" HPOS="572" CONTENT="et"/>
                  <SP HEIGHT="35" WIDTH="11" VPOS="1073" HPOS="640"/>
                  <String HEIGHT="35"
                          WIDTH="113"
                          VPOS="1073"
                          HPOS="606"
                          CONTENT="anima."/>
                  <SP HEIGHT="35" WIDTH="11" VPOS="1073" HPOS="719"/>
                  <String HEIGHT="35" WIDTH="57" VPOS="1073" HPOS="685" CONTENT="⁋"/>
                  <SP HEIGHT="35" WIDTH="11" VPOS="1073" HPOS="742"/>
                  <String HEIGHT="35" WIDTH="68" VPOS="1073" HPOS="708" CONTENT="Ad"/>
                  <SP HEIGHT="35" WIDTH="11" VPOS="1073" HPOS="776"/>
                  <String HEIGHT="35"
                          WIDTH="79"
                          VPOS="1073"
                          HPOS="731"
                          CONTENT="argu"
                          SUBS_TYPE="HypPart1"
                          SUBS_CONTENT="argumentum"/>
                  <HYP CONTENT="-"/>
               </TextLine>
               <TextLine ID="r1l63"
                         BASELINE="1137"
                         HEIGHT="35"
                         WIDTH="609"
                         VPOS="1102"
                         HPOS="202">
                  <String HEIGHT="35"
                          WIDTH="113"
                          VPOS="1102"
                          HPOS="191"
                          CONTENT="mentum"
                          SUBS_TYPE="HypPart2"
                          SUBS_CONTENT="argumentum"/>
                  <SP HEIGHT="35" WIDTH="11" VPOS="1102" HPOS="304"/>
                  <String HEIGHT="35"
                          WIDTH="113"
                          VPOS="1102"
                          HPOS="270"
                          CONTENT="igitur"/>
                  <SP HEIGHT="35" WIDTH="11" VPOS="1102" HPOS="382"/>
                  <String HEIGHT="35"
                          WIDTH="158"
                          VPOS="1102"
                          HPOS="349"
                          CONTENT="principale"/>
                  <SP HEIGHT="35" WIDTH="11" VPOS="1102" HPOS="507"/>
                  <String HEIGHT="35"
                          WIDTH="135"
                          VPOS="1102"
                          HPOS="473"
                          CONTENT="dicendum"/>
                  <SP HEIGHT="35" WIDTH="11" VPOS="1102" HPOS="608"/>
                  <String HEIGHT="35"
                          WIDTH="90"
                          VPOS="1102"
                          HPOS="574"
                          CONTENT="quod"/>
                  <SP HEIGHT="35" WIDTH="11" VPOS="1102" HPOS="664"/>
                  <String HEIGHT="35"
                          WIDTH="102"
                          VPOS="1102"
                          HPOS="631"
                          CONTENT="licet"/>
                  <SP HEIGHT="35" WIDTH="11" VPOS="1102" HPOS="732"/>
                  <String HEIGHT="35"
                          WIDTH="90"
                          VPOS="1102"
                          HPOS="698"
                          CONTENT="homo"/>
                  <SP HEIGHT="35" WIDTH="11" VPOS="1102" HPOS="788"/>
                  <String HEIGHT="35"
                          WIDTH="68"
                          VPOS="1102"
                          HPOS="743"
                          CONTENT="habe"/>
               </TextLine>
               <TextLine ID="r1l65"
                         BASELINE="1162"
                         HEIGHT="35"
                         WIDTH="605"
                         VPOS="1127"
                         HPOS="203">
                  <String HEIGHT="35" WIDTH="68" VPOS="1127" HPOS="192" CONTENT="at"/>
                  <SP HEIGHT="35" WIDTH="11" VPOS="1127" HPOS="260"/>
                  <String HEIGHT="35"
                          WIDTH="148"
                          VPOS="1127"
                          HPOS="226"
                          CONTENT="potentiam"/>
                  <SP HEIGHT="35" WIDTH="11" VPOS="1127" HPOS="374"/>
                  <String HEIGHT="35"
                          WIDTH="171"
                          VPOS="1127"
                          HPOS="340"
                          CONTENT="generatiuam"/>
                  <SP HEIGHT="35" WIDTH="11" VPOS="1127" HPOS="511"/>
                  <String HEIGHT="35"
                          WIDTH="183"
                          VPOS="1127"
                          HPOS="477"
                          CONTENT="perfectiorem"/>
                  <SP HEIGHT="35" WIDTH="11" VPOS="1127" HPOS="660"/>
                  <String HEIGHT="35" WIDTH="80" VPOS="1127" HPOS="625" CONTENT="quo"/>
                  <SP HEIGHT="35" WIDTH="11" VPOS="1127" HPOS="705"/>
                  <String HEIGHT="35" WIDTH="68" VPOS="1127" HPOS="671" CONTENT="ad"/>
                  <SP HEIGHT="35" WIDTH="11" VPOS="1127" HPOS="740"/>
                  <String HEIGHT="35"
                          WIDTH="114"
                          VPOS="1127"
                          HPOS="694"
                          CONTENT="disposi"
                          SUBS_TYPE="HypPart1"
                          SUBS_CONTENT="dispositionem"/>
                  <HYP CONTENT="-"/>
               </TextLine>
               <TextLine ID="r1l67"
                         BASELINE="1193"
                         HEIGHT="36"
                         WIDTH="603"
                         VPOS="1157"
                         HPOS="203">
                  <String HEIGHT="36"
                          WIDTH="110"
                          VPOS="1157"
                          HPOS="192"
                          CONTENT="tionem"
                          SUBS_TYPE="HypPart2"
                          SUBS_CONTENT="dispositionem"/>
                  <SP HEIGHT="36" WIDTH="11" VPOS="1157" HPOS="302"/>
                  <String HEIGHT="36"
                          WIDTH="121"
                          VPOS="1157"
                          HPOS="269"
                          CONTENT="materie"/>
                  <SP HEIGHT="36" WIDTH="11" VPOS="1157" HPOS="389"/>
                  <String HEIGHT="36"
                          WIDTH="88"
                          VPOS="1157"
                          HPOS="356"
                          CONTENT="quam"/>
                  <SP HEIGHT="36" WIDTH="11" VPOS="1157" HPOS="444"/>
                  <String HEIGHT="36"
                          WIDTH="110"
                          VPOS="1157"
                          HPOS="411"
                          CONTENT="cetera"/>
                  <SP HEIGHT="36" WIDTH="11" VPOS="1157" HPOS="521"/>
                  <String HEIGHT="36"
                          WIDTH="132"
                          VPOS="1157"
                          HPOS="488"
                          CONTENT="animalia"/>
                  <SP HEIGHT="36" WIDTH="11" VPOS="1157" HPOS="620"/>
                  <String HEIGHT="36" WIDTH="77" VPOS="1157" HPOS="587" CONTENT="non"/>
                  <SP HEIGHT="36" WIDTH="11" VPOS="1157" HPOS="663"/>
                  <String HEIGHT="36"
                          WIDTH="99"
                          VPOS="1157"
                          HPOS="631"
                          CONTENT="tamen"/>
                  <SP HEIGHT="36" WIDTH="11" VPOS="1157" HPOS="729"/>
                  <String HEIGHT="36"
                          WIDTH="121"
                          VPOS="1157"
                          HPOS="696"
                          CONTENT="nobilit"/>
                  <SP HEIGHT="36" WIDTH="11" VPOS="1157" HPOS="817"/>
                  <String HEIGHT="36" WIDTH="33" VPOS="1157" HPOS="773" CONTENT="a"/>
               </TextLine>
               <TextLine ID="r1l69"
                         BASELINE="1222"
                         HEIGHT="36"
                         WIDTH="597"
                         VPOS="1186"
                         HPOS="205">
                  <String HEIGHT="36" WIDTH="84" VPOS="1186" HPOS="193" CONTENT="ret"/>
                  <SP HEIGHT="36" WIDTH="12" VPOS="1186" HPOS="277"/>
                  <String HEIGHT="36" WIDTH="84" VPOS="1186" HPOS="241" CONTENT="quo"/>
                  <SP HEIGHT="36" WIDTH="12" VPOS="1186" HPOS="324"/>
                  <String HEIGHT="36" WIDTH="72" VPOS="1186" HPOS="289" CONTENT="ad"/>
                  <SP HEIGHT="36" WIDTH="12" VPOS="1186" HPOS="360"/>
                  <String HEIGHT="36"
                          WIDTH="119"
                          VPOS="1186"
                          HPOS="324"
                          CONTENT="formam"/>
                  <SP HEIGHT="36" WIDTH="12" VPOS="1186" HPOS="444"/>
                  <String HEIGHT="36"
                          WIDTH="96"
                          VPOS="1186"
                          HPOS="408"
                          CONTENT="quam"/>
                  <SP HEIGHT="36" WIDTH="12" VPOS="1186" HPOS="504"/>
                  <String HEIGHT="36"
                          WIDTH="155"
                          VPOS="1186"
                          HPOS="468"
                          CONTENT="producere"/>
                  <SP HEIGHT="36" WIDTH="12" VPOS="1186" HPOS="623"/>
                  <String HEIGHT="36"
                          WIDTH="119"
                          VPOS="1186"
                          HPOS="587"
                          CONTENT="potest"/>
                  <SP HEIGHT="36" WIDTH="12" VPOS="1186" HPOS="706"/>
                  <String HEIGHT="36" WIDTH="72" VPOS="1186" HPOS="671" CONTENT="et"/>
                  <SP HEIGHT="36" WIDTH="12" VPOS="1186" HPOS="742"/>
                  <String HEIGHT="36"
                          WIDTH="107"
                          VPOS="1186"
                          HPOS="695"
                          CONTENT="natura"
                          SUBS_TYPE="HypPart1"
                          SUBS_CONTENT="naturadiminuebat"/>
                  <HYP CONTENT="-"/>
               </TextLine>
               <TextLine ID="r1l71"
                         BASELINE="1250"
                         HEIGHT="34"
                         WIDTH="597"
                         VPOS="1216"
                         HPOS="200">
                  <String HEIGHT="34"
                          WIDTH="155"
                          VPOS="1216"
                          HPOS="189"
                          CONTENT="diminuebat"
                          SUBS_TYPE="HypPart2"
                          SUBS_CONTENT="naturadiminuebat"/>
                  <SP HEIGHT="34" WIDTH="11" VPOS="1216" HPOS="344"/>
                  <String HEIGHT="34" WIDTH="66" VPOS="1216" HPOS="311" CONTENT="ab"/>
                  <SP HEIGHT="34" WIDTH="11" VPOS="1216" HPOS="377"/>
                  <String HEIGHT="34"
                          WIDTH="88"
                          VPOS="1216"
                          HPOS="344"
                          CONTENT="ipsa"/>
                  <SP HEIGHT="34" WIDTH="11" VPOS="1216" HPOS="432"/>
                  <String HEIGHT="34"
                          WIDTH="122"
                          VPOS="1216"
                          HPOS="399"
                          CONTENT="propter"/>
                  <SP HEIGHT="34" WIDTH="11" VPOS="1216" HPOS="521"/>
                  <String HEIGHT="34"
                          WIDTH="188"
                          VPOS="1216"
                          HPOS="487"
                          CONTENT="meliuscilicet"/>
                  <SP HEIGHT="34" WIDTH="11" VPOS="1216" HPOS="675"/>
                  <String HEIGHT="34" WIDTH="66" VPOS="1216" HPOS="642" CONTENT="vt"/>
                  <SP HEIGHT="34" WIDTH="11" VPOS="1216" HPOS="709"/>
                  <String HEIGHT="34"
                          WIDTH="111"
                          VPOS="1216"
                          HPOS="675"
                          CONTENT="habere"/>
                  <SP HEIGHT="34" WIDTH="11" VPOS="1216" HPOS="786"/>
                  <String HEIGHT="34" WIDTH="55" VPOS="1216" HPOS="742" CONTENT="for"/>
               </TextLine>
               <TextLine ID="r1l73"
                         BASELINE="1278"
                         HEIGHT="37"
                         WIDTH="605"
                         VPOS="1241"
                         HPOS="199">
                  <String HEIGHT="37" WIDTH="88" VPOS="1241" HPOS="186" CONTENT="mam"/>
                  <SP HEIGHT="37" WIDTH="13" VPOS="1241" HPOS="275"/>
                  <String HEIGHT="37"
                          WIDTH="176"
                          VPOS="1241"
                          HPOS="237"
                          CONTENT="nobiliorem"/>
                  <SP HEIGHT="37" WIDTH="13" VPOS="1241" HPOS="413"/>
                  <String HEIGHT="37" WIDTH="63" VPOS="1241" HPOS="375" CONTENT="a"/>
                  <SP HEIGHT="37" WIDTH="13" VPOS="1241" HPOS="438"/>
                  <String HEIGHT="37"
                          WIDTH="164"
                          VPOS="1241"
                          HPOS="401"
                          CONTENT="principio"/>
                  <SP HEIGHT="37" WIDTH="13" VPOS="1241" HPOS="565"/>
                  <String HEIGHT="37"
                          WIDTH="113"
                          VPOS="1241"
                          HPOS="527"
                          CONTENT="primo"/>
                  <SP HEIGHT="37" WIDTH="13" VPOS="1241" HPOS="640"/>
                  <String HEIGHT="37"
                          WIDTH="139"
                          VPOS="1241"
                          HPOS="602"
                          CONTENT="negatur"/>
                  <SP HEIGHT="37" WIDTH="13" VPOS="1241" HPOS="741"/>
                  <String HEIGHT="37" WIDTH="76" VPOS="1241" HPOS="703" CONTENT="et"/>
                  <SP HEIGHT="37" WIDTH="13" VPOS="1241" HPOS="779"/>
                  <String HEIGHT="37"
                          WIDTH="76"
                          VPOS="1241"
                          HPOS="728"
                          CONTENT="alia"/>
               </TextLine>
               <TextLine ID="r1l75"
                         BASELINE="1311"
                         HEIGHT="38"
                         WIDTH="612"
                         VPOS="1273"
                         HPOS="198">
                  <String HEIGHT="38"
                          WIDTH="115"
                          VPOS="1273"
                          HPOS="185"
                          CONTENT="anima"/>
                  <SP HEIGHT="38" WIDTH="13" VPOS="1273" HPOS="300"/>
                  <String HEIGHT="38"
                          WIDTH="204"
                          VPOS="1273"
                          HPOS="262"
                          CONTENT="superfiueret"/>
                  <SP HEIGHT="38" WIDTH="13" VPOS="1273" HPOS="466"/>
                  <String HEIGHT="38" WIDTH="77" VPOS="1273" HPOS="428" CONTENT="in"/>
                  <SP HEIGHT="38" WIDTH="13" VPOS="1273" HPOS="504"/>
                  <String HEIGHT="38"
                          WIDTH="128"
                          VPOS="1273"
                          HPOS="466"
                          CONTENT="homine"/>
                  <SP HEIGHT="38" WIDTH="13" VPOS="1273" HPOS="593"/>
                  <String HEIGHT="38" WIDTH="89" VPOS="1273" HPOS="555" CONTENT="cum"/>
                  <SP HEIGHT="38" WIDTH="13" VPOS="1273" HPOS="644"/>
                  <String HEIGHT="38" WIDTH="89" VPOS="1273" HPOS="606" CONTENT="per"/>
                  <SP HEIGHT="38" WIDTH="13" VPOS="1273" HPOS="695"/>
                  <String HEIGHT="38"
                          WIDTH="166"
                          VPOS="1273"
                          HPOS="644"
                          CONTENT="intellecti"
                          SUBS_TYPE="HypPart1"
                          SUBS_CONTENT="intellectiuam"/>
                  <HYP CONTENT="-"/>
               </TextLine>
               <TextLine ID="r1l77"
                         BASELINE="1339"
                         HEIGHT="35"
                         WIDTH="601"
                         VPOS="1304"
                         HPOS="198">
                  <String HEIGHT="35"
                          WIDTH="91"
                          VPOS="1304"
                          HPOS="185"
                          CONTENT="uam"
                          SUBS_TYPE="HypPart2"
                          SUBS_CONTENT="intellectiuam"/>
                  <SP HEIGHT="35" WIDTH="13" VPOS="1304" HPOS="276"/>
                  <String HEIGHT="35"
                          WIDTH="144"
                          VPOS="1304"
                          HPOS="237"
                          CONTENT="creatam"/>
                  <SP HEIGHT="35" WIDTH="13" VPOS="1304" HPOS="381"/>
                  <String HEIGHT="35"
                          WIDTH="144"
                          VPOS="1304"
                          HPOS="342"
                          CONTENT="possent"/>
                  <SP HEIGHT="35" WIDTH="13" VPOS="1304" HPOS="485"/>
                  <String HEIGHT="35"
                          WIDTH="144"
                          VPOS="1304"
                          HPOS="446"
                          CONTENT="homines"/>
                  <SP HEIGHT="35" WIDTH="13" VPOS="1304" HPOS="590"/>
                  <String HEIGHT="35"
                          WIDTH="209"
                          VPOS="1304"
                          HPOS="551"
                          CONTENT="sufficienter"/>
                  <SP HEIGHT="35" WIDTH="13" VPOS="1304" HPOS="760"/>
                  <String HEIGHT="35"
                          WIDTH="91"
                          VPOS="1304"
                          HPOS="708"
                          CONTENT="omens"/>
               </TextLine>
               <TextLine ID="r1l79"
                         BASELINE="1367"
                         HEIGHT="38"
                         WIDTH="599"
                         VPOS="1329"
                         HPOS="203">
                  <String HEIGHT="38"
                          WIDTH="150"
                          VPOS="1329"
                          HPOS="191"
                          CONTENT="actiones"/>
                  <SP HEIGHT="38" WIDTH="12" VPOS="1329" HPOS="340"/>
                  <String HEIGHT="38"
                          WIDTH="100"
                          VPOS="1329"
                          HPOS="303"
                          CONTENT="vice"/>
                  <SP HEIGHT="38" WIDTH="12" VPOS="1329" HPOS="403"/>
                  <String HEIGHT="38"
                          WIDTH="162"
                          VPOS="1329"
                          HPOS="365"
                          CONTENT="perficere"/>
                  <SP HEIGHT="38" WIDTH="12" VPOS="1329" HPOS="527"/>
                  <String HEIGHT="38"
                          WIDTH="112"
                          VPOS="1329"
                          HPOS="490"
                          CONTENT="forma"/>
                  <SP HEIGHT="38" WIDTH="12" VPOS="1329" HPOS="602"/>
                  <String HEIGHT="38"
                          WIDTH="137"
                          VPOS="1329"
                          HPOS="565"
                          CONTENT="secunda"/>
                  <SP HEIGHT="38" WIDTH="12" VPOS="1329" HPOS="702"/>
                  <String HEIGHT="38" WIDTH="87" VPOS="1329" HPOS="665" CONTENT="non"/>
                  <SP HEIGHT="38" WIDTH="12" VPOS="1329" HPOS="752"/>
                  <String HEIGHT="38"
                          WIDTH="100"
                          VPOS="1329"
                          HPOS="702"
                          CONTENT="probat"/>
               </TextLine>
               <TextLine ID="r1l81"
                         BASELINE="1398"
                         HEIGHT="43"
                         WIDTH="608"
                         VPOS="1355"
                         HPOS="194">
                  <String HEIGHT="43"
                          WIDTH="88"
                          VPOS="1355"
                          HPOS="183"
                          CONTENT="nisi"/>
                  <SP HEIGHT="43" WIDTH="11" VPOS="1355" HPOS="271"/>
                  <String HEIGHT="43"
                          WIDTH="88"
                          VPOS="1355"
                          HPOS="238"
                          CONTENT="quod"/>
                  <SP HEIGHT="43" WIDTH="11" VPOS="1355" HPOS="327"/>
                  <String HEIGHT="43" WIDTH="77" VPOS="1355" HPOS="293" CONTENT="non"/>
                  <SP HEIGHT="43" WIDTH="11" VPOS="1355" HPOS="371"/>
                  <String HEIGHT="43" WIDTH="77" VPOS="1355" HPOS="338" CONTENT="ita"/>
                  <SP HEIGHT="43" WIDTH="11" VPOS="1355" HPOS="415"/>
                  <String HEIGHT="43"
                          WIDTH="177"
                          VPOS="1355"
                          HPOS="382"
                          CONTENT="sufficienter"/>
                  <SP HEIGHT="43" WIDTH="11" VPOS="1355" HPOS="559"/>
                  <String HEIGHT="43" WIDTH="66" VPOS="1355" HPOS="526" CONTENT="ex"/>
                  <SP HEIGHT="43" WIDTH="11" VPOS="1355" HPOS="592"/>
                  <String HEIGHT="43" WIDTH="66" VPOS="1355" HPOS="559" CONTENT="se"/>
                  <SP HEIGHT="43" WIDTH="11" VPOS="1355" HPOS="625"/>
                  <String HEIGHT="43" WIDTH="77" VPOS="1355" HPOS="592" CONTENT="est"/>
                  <SP HEIGHT="43" WIDTH="11" VPOS="1355" HPOS="669"/>
                  <String HEIGHT="43"
                          WIDTH="122"
                          VPOS="1355"
                          HPOS="636"
                          CONTENT="species"/>
                  <SP HEIGHT="43" WIDTH="11" VPOS="1355" HPOS="758"/>
                  <String HEIGHT="43"
                          WIDTH="88"
                          VPOS="1355"
                          HPOS="714"
                          CONTENT="humana"/>
               </TextLine>
               <TextLine ID="r1l83"
                         BASELINE="1424"
                         HEIGHT="39"
                         WIDTH="611"
                         VPOS="1385"
                         HPOS="197">
                  <String HEIGHT="39"
                          WIDTH="127"
                          VPOS="1385"
                          HPOS="185"
                          CONTENT="species"/>
                  <SP HEIGHT="39" WIDTH="12" VPOS="1385" HPOS="312"/>
                  <String HEIGHT="39"
                          WIDTH="173"
                          VPOS="1385"
                          HPOS="278"
                          CONTENT="essentialis"/>
                  <SP HEIGHT="39" WIDTH="12" VPOS="1385" HPOS="451"/>
                  <String HEIGHT="39" WIDTH="69" VPOS="1385" HPOS="416" CONTENT="et"/>
                  <SP HEIGHT="39" WIDTH="12" VPOS="1385" HPOS="485"/>
                  <String HEIGHT="39"
                          WIDTH="115"
                          VPOS="1385"
                          HPOS="451"
                          CONTENT="eterna"/>
                  <SP HEIGHT="39" WIDTH="12" VPOS="1385" HPOS="566"/>
                  <String HEIGHT="39"
                          WIDTH="104"
                          VPOS="1385"
                          HPOS="531"
                          CONTENT="sicut"/>
                  <SP HEIGHT="39" WIDTH="12" VPOS="1385" HPOS="635"/>
                  <String HEIGHT="39"
                          WIDTH="115"
                          VPOS="1385"
                          HPOS="600"
                          CONTENT="cetere"/>
                  <SP HEIGHT="39" WIDTH="12" VPOS="1385" HPOS="716"/>
                  <String HEIGHT="39"
                          WIDTH="127"
                          VPOS="1385"
                          HPOS="681"
                          CONTENT="species"/>
                  <SP HEIGHT="39" WIDTH="12" VPOS="1385" HPOS="808"/>
                  <String HEIGHT="39" WIDTH="46" VPOS="1385" HPOS="762" CONTENT="et"/>
               </TextLine>
               <TextLine ID="r1l85"
                         BASELINE="1452"
                         HEIGHT="41"
                         WIDTH="612"
                         VPOS="1411"
                         HPOS="194">
                  <String HEIGHT="41" WIDTH="86" VPOS="1411" HPOS="182" CONTENT="hoc"/>
                  <SP HEIGHT="41" WIDTH="12" VPOS="1411" HPOS="267"/>
                  <String HEIGHT="41" WIDTH="86" VPOS="1411" HPOS="231" CONTENT="est"/>
                  <SP HEIGHT="41" WIDTH="12" VPOS="1411" HPOS="316"/>
                  <String HEIGHT="41"
                          WIDTH="135"
                          VPOS="1411"
                          HPOS="280"
                          CONTENT="propter"/>
                  <SP HEIGHT="41" WIDTH="12" VPOS="1411" HPOS="414"/>
                  <String HEIGHT="41"
                          WIDTH="122"
                          VPOS="1411"
                          HPOS="378"
                          CONTENT="melius"/>
                  <SP HEIGHT="41" WIDTH="12" VPOS="1411" HPOS="500"/>
                  <String HEIGHT="41" WIDTH="73" VPOS="1411" HPOS="463" CONTENT="vt"/>
                  <SP HEIGHT="41" WIDTH="12" VPOS="1411" HPOS="537"/>
                  <String HEIGHT="41"
                          WIDTH="122"
                          VPOS="1411"
                          HPOS="500"
                          CONTENT="dictum"/>
                  <SP HEIGHT="41" WIDTH="12" VPOS="1411" HPOS="622"/>
                  <String HEIGHT="41"
                          WIDTH="98"
                          VPOS="1411"
                          HPOS="586"
                          CONTENT="est."/>
                  <SP HEIGHT="41" WIDTH="12" VPOS="1411" HPOS="684"/>
                  <String HEIGHT="41" WIDTH="61" VPOS="1411" HPOS="647" CONTENT="⁋"/>
                  <SP HEIGHT="41" WIDTH="12" VPOS="1411" HPOS="708"/>
                  <String HEIGHT="41" WIDTH="73" VPOS="1411" HPOS="671" CONTENT="Ad"/>
                  <SP HEIGHT="41" WIDTH="12" VPOS="1411" HPOS="745"/>
                  <String HEIGHT="41"
                          WIDTH="110"
                          VPOS="1411"
                          HPOS="696"
                          CONTENT="articu"
                          SUBS_TYPE="HypPart1"
                          SUBS_CONTENT="articulos"/>
                  <HYP CONTENT="-"/>
               </TextLine>
               <TextLine ID="r1l87"
                         BASELINE="1485"
                         HEIGHT="45"
                         WIDTH="610"
                         VPOS="1440"
                         HPOS="198">
                  <String HEIGHT="45"
                          WIDTH="89"
                          VPOS="1440"
                          HPOS="185"
                          CONTENT="los"
                          SUBS_TYPE="HypPart2"
                          SUBS_CONTENT="articulos"/>
                  <SP HEIGHT="45" WIDTH="13" VPOS="1440" HPOS="274"/>
                  <String HEIGHT="45"
                          WIDTH="178"
                          VPOS="1440"
                          HPOS="236"
                          CONTENT="ribeluardi"/>
                  <SP HEIGHT="45" WIDTH="13" VPOS="1440" HPOS="414"/>
                  <String HEIGHT="45"
                          WIDTH="153"
                          VPOS="1440"
                          HPOS="376"
                          CONTENT="respondi"/>
                  <SP HEIGHT="45" WIDTH="13" VPOS="1440" HPOS="528"/>
                  <String HEIGHT="45" WIDTH="76" VPOS="1440" HPOS="490" CONTENT="in"/>
                  <SP HEIGHT="45" WIDTH="13" VPOS="1440" HPOS="567"/>
                  <String HEIGHT="45"
                          WIDTH="165"
                          VPOS="1440"
                          HPOS="528"
                          CONTENT="questione"/>
                  <SP HEIGHT="45" WIDTH="13" VPOS="1440" HPOS="694"/>
                  <String HEIGHT="45"
                          WIDTH="153"
                          VPOS="1440"
                          HPOS="656"
                          CONTENT="speciali"/>
                  <SP HEIGHT="45" WIDTH="13" VPOS="1440" HPOS="808"/>
                  <String HEIGHT="45" WIDTH="51" VPOS="1440" HPOS="757" CONTENT="de"/>
               </TextLine>
               <TextLine ID="r1l89"
                         BASELINE="1510"
                         HEIGHT="44"
                         WIDTH="617"
                         VPOS="1466"
                         HPOS="194">
                  <String HEIGHT="44" WIDTH="85" VPOS="1466" HPOS="182" CONTENT="hac"/>
                  <SP HEIGHT="44" WIDTH="12" VPOS="1466" HPOS="267"/>
                  <String HEIGHT="44"
                          WIDTH="133"
                          VPOS="1466"
                          HPOS="230"
                          CONTENT="materia"/>
                  <SP HEIGHT="44" WIDTH="12" VPOS="1466" HPOS="363"/>
                  <String HEIGHT="44"
                          WIDTH="97"
                          VPOS="1466"
                          HPOS="327"
                          CONTENT="quod"/>
                  <SP HEIGHT="44" WIDTH="12" VPOS="1466" HPOS="424"/>
                  <String HEIGHT="44" WIDTH="85" VPOS="1466" HPOS="388" CONTENT="non"/>
                  <SP HEIGHT="44" WIDTH="12" VPOS="1466" HPOS="472"/>
                  <String HEIGHT="44" WIDTH="85" VPOS="1466" HPOS="436" CONTENT="est"/>
                  <SP HEIGHT="44" WIDTH="12" VPOS="1466" HPOS="521"/>
                  <String HEIGHT="44" WIDTH="73" VPOS="1466" HPOS="484" CONTENT="de"/>
                  <SP HEIGHT="44" WIDTH="12" VPOS="1466" HPOS="557"/>
                  <String HEIGHT="44"
                          WIDTH="109"
                          VPOS="1466"
                          HPOS="521"
                          CONTENT="illis"/>
                  <SP HEIGHT="44" WIDTH="12" VPOS="1466" HPOS="630"/>
                  <String HEIGHT="44"
                          WIDTH="145"
                          VPOS="1466"
                          HPOS="593"
                          CONTENT="curandum"/>
                  <SP HEIGHT="44" WIDTH="12" VPOS="1466" HPOS="738"/>
                  <String HEIGHT="44"
                          WIDTH="97"
                          VPOS="1466"
                          HPOS="702"
                          CONTENT="quia"/>
                  <SP HEIGHT="44" WIDTH="12" VPOS="1466" HPOS="799"/>
                  <String HEIGHT="44"
                          WIDTH="60"
                          VPOS="1466"
                          HPOS="751"
                          CONTENT="au"
                          SUBS_TYPE="HypPart1"
                          SUBS_CONTENT="augustinus"/>
                  <HYP CONTENT="-"/>
               </TextLine>
               <TextLine ID="r1l91"
                         BASELINE="1539"
                         HEIGHT="39"
                         WIDTH="609"
                         VPOS="1500"
                         HPOS="199">
                  <String HEIGHT="39"
                          WIDTH="149"
                          VPOS="1500"
                          HPOS="187"
                          CONTENT="gustinus"
                          SUBS_TYPE="HypPart2"
                          SUBS_CONTENT="augustinus"/>
                  <SP HEIGHT="39" WIDTH="12" VPOS="1500" HPOS="336"/>
                  <String HEIGHT="39" WIDTH="87" VPOS="1500" HPOS="298" CONTENT="est"/>
                  <SP HEIGHT="39" WIDTH="12" VPOS="1500" HPOS="385"/>
                  <String HEIGHT="39" WIDTH="75" VPOS="1500" HPOS="348" CONTENT="in"/>
                  <SP HEIGHT="39" WIDTH="12" VPOS="1500" HPOS="423"/>
                  <String HEIGHT="39"
                          WIDTH="174"
                          VPOS="1500"
                          HPOS="385"
                          CONTENT="contrarium"/>
                  <SP HEIGHT="39" WIDTH="12" VPOS="1500" HPOS="559"/>
                  <String HEIGHT="39" WIDTH="75" VPOS="1500" HPOS="522" CONTENT="et"/>
                  <SP HEIGHT="39" WIDTH="12" VPOS="1500" HPOS="597"/>
                  <String HEIGHT="39" WIDTH="87" VPOS="1500" HPOS="559" CONTENT="hoc"/>
                  <SP HEIGHT="39" WIDTH="12" VPOS="1500" HPOS="646"/>
                  <String HEIGHT="39"
                          WIDTH="162"
                          VPOS="1500"
                          HPOS="609"
                          CONTENT="condemnat"/>
                  <SP HEIGHT="39" WIDTH="12" VPOS="1500" HPOS="771"/>
                  <String HEIGHT="39" WIDTH="75" VPOS="1500" HPOS="733" CONTENT="in"/>
                  <SP HEIGHT="39" WIDTH="12" VPOS="1500" HPOS="808"/>
                  <String HEIGHT="39" WIDTH="50" VPOS="1500" HPOS="758" CONTENT="ec"/>
               </TextLine>
               <TextLine ID="r1l93"
                         BASELINE="1566"
                         HEIGHT="35"
                         WIDTH="607"
                         VPOS="1531"
                         HPOS="198">
                  <String HEIGHT="35"
                          WIDTH="198"
                          VPOS="1531"
                          HPOS="186"
                          CONTENT="clesiasticis"/>
                  <SP HEIGHT="35" WIDTH="12" VPOS="1531" HPOS="384"/>
                  <String HEIGHT="35"
                          WIDTH="173"
                          VPOS="1531"
                          HPOS="347"
                          CONTENT="dogmatibus"/>
                  <SP HEIGHT="35" WIDTH="12" VPOS="1531" HPOS="520"/>
                  <String HEIGHT="35" WIDTH="74" VPOS="1531" HPOS="483" CONTENT="et"/>
                  <SP HEIGHT="35" WIDTH="12" VPOS="1531" HPOS="557"/>
                  <String HEIGHT="35"
                          WIDTH="111"
                          VPOS="1531"
                          HPOS="520"
                          CONTENT="pauci"/>
                  <SP HEIGHT="35" WIDTH="12" VPOS="1531" HPOS="632"/>
                  <String HEIGHT="35"
                          WIDTH="124"
                          VPOS="1531"
                          HPOS="594"
                          CONTENT="curant"/>
                  <SP HEIGHT="35" WIDTH="12" VPOS="1531" HPOS="718"/>
                  <String HEIGHT="35" WIDTH="74" VPOS="1531" HPOS="681" CONTENT="de"/>
                  <SP HEIGHT="35" WIDTH="12" VPOS="1531" HPOS="755"/>
                  <String HEIGHT="35" WIDTH="87" VPOS="1531" HPOS="718" CONTENT="his"/>
                  <SP HEIGHT="35" WIDTH="12" VPOS="1531" HPOS="805"/>
                  <String HEIGHT="35" WIDTH="50" VPOS="1531" HPOS="755" CONTENT="ar"/>
               </TextLine>
               <TextLine ID="r1l95"
                         BASELINE="1595"
                         HEIGHT="42"
                         WIDTH="605"
                         VPOS="1553"
                         HPOS="196">
                  <String HEIGHT="42"
                          WIDTH="123"
                          VPOS="1553"
                          HPOS="186"
                          CONTENT="ticulis."/>
                  <SP HEIGHT="42" WIDTH="10" VPOS="1553" HPOS="309"/>
                  <String HEIGHT="42" WIDTH="62" VPOS="1553" HPOS="278" CONTENT="Ad"/>
                  <SP HEIGHT="42" WIDTH="10" VPOS="1553" HPOS="340"/>
                  <String HEIGHT="42"
                          WIDTH="164"
                          VPOS="1553"
                          HPOS="309"
                          CONTENT="auctoritates"/>
                  <SP HEIGHT="42" WIDTH="10" VPOS="1553" HPOS="473"/>
                  <String HEIGHT="42"
                          WIDTH="144"
                          VPOS="1553"
                          HPOS="442"
                          CONTENT="philosophy"/>
                  <SP HEIGHT="42" WIDTH="10" VPOS="1553" HPOS="586"/>
                  <String HEIGHT="42"
                          WIDTH="103"
                          VPOS="1553"
                          HPOS="555"
                          CONTENT="vltimo"/>
                  <SP HEIGHT="42" WIDTH="10" VPOS="1553" HPOS="657"/>
                  <String HEIGHT="42"
                          WIDTH="113"
                          VPOS="1553"
                          HPOS="627"
                          CONTENT="positas"/>
                  <SP HEIGHT="42" WIDTH="10" VPOS="1553" HPOS="739"/>
                  <String HEIGHT="42"
                          WIDTH="82"
                          VPOS="1553"
                          HPOS="709"
                          CONTENT="quod"/>
                  <SP HEIGHT="42" WIDTH="10" VPOS="1553" HPOS="791"/>
                  <String HEIGHT="42"
                          WIDTH="51"
                          VPOS="1553"
                          HPOS="750"
                          CONTENT="in"
                          SUBS_TYPE="HypPart1"
                          SUBS_CONTENT="intellectus"/>
                  <HYP CONTENT="-"/>
               </TextLine>
               <TextLine ID="r1l97"
                         BASELINE="1624"
                         HEIGHT="41"
                         WIDTH="603"
                         VPOS="1583"
                         HPOS="199">
                  <String HEIGHT="41"
                          WIDTH="160"
                          VPOS="1583"
                          HPOS="187"
                          CONTENT="tellectus"
                          SUBS_TYPE="HypPart2"
                          SUBS_CONTENT="intellectus"/>
                  <SP HEIGHT="41" WIDTH="12" VPOS="1583" HPOS="347"/>
                  <String HEIGHT="41"
                          WIDTH="111"
                          VPOS="1583"
                          HPOS="310"
                          CONTENT="solum"/>
                  <SP HEIGHT="41" WIDTH="12" VPOS="1583" HPOS="421"/>
                  <String HEIGHT="41"
                          WIDTH="111"
                          VPOS="1583"
                          HPOS="384"
                          CONTENT="venit"/>
                  <SP HEIGHT="41" WIDTH="12" VPOS="1583" HPOS="494"/>
                  <String HEIGHT="41" WIDTH="74" VPOS="1583" HPOS="457" CONTENT="ad"/>
                  <SP HEIGHT="41" WIDTH="12" VPOS="1583" HPOS="531"/>
                  <String HEIGHT="41"
                          WIDTH="111"
                          VPOS="1583"
                          HPOS="494"
                          CONTENT="extra"/>
                  <SP HEIGHT="41" WIDTH="12" VPOS="1583" HPOS="605"/>
                  <String HEIGHT="41" WIDTH="74" VPOS="1583" HPOS="568" CONTENT="et"/>
                  <SP HEIGHT="41" WIDTH="12" VPOS="1583" HPOS="642"/>
                  <String HEIGHT="41"
                          WIDTH="111"
                          VPOS="1583"
                          HPOS="605"
                          CONTENT="solus"/>
                  <SP HEIGHT="41" WIDTH="12" VPOS="1583" HPOS="716"/>
                  <String HEIGHT="41"
                          WIDTH="135"
                          VPOS="1583"
                          HPOS="667"
                          CONTENT="separatur"/>
               </TextLine>
               <TextLine ID="r1l99"
                         BASELINE="1648"
                         HEIGHT="38"
                         WIDTH="604"
                         VPOS="1610"
                         HPOS="196">
                  <String HEIGHT="38"
                          WIDTH="107"
                          VPOS="1610"
                          HPOS="184"
                          CONTENT="sicut"/>
                  <SP HEIGHT="38" WIDTH="12" VPOS="1610" HPOS="291"/>
                  <String HEIGHT="38"
                          WIDTH="154"
                          VPOS="1610"
                          HPOS="255"
                          CONTENT="perpetuum"/>
                  <SP HEIGHT="38" WIDTH="12" VPOS="1610" HPOS="409"/>
                  <String HEIGHT="38"
                          WIDTH="95"
                          VPOS="1610"
                          HPOS="374"
                          CONTENT="etc."/>
                  <SP HEIGHT="38" WIDTH="12" VPOS="1610" HPOS="468"/>
                  <String HEIGHT="38"
                          WIDTH="107"
                          VPOS="1610"
                          HPOS="433"
                          CONTENT="verum"/>
                  <SP HEIGHT="38" WIDTH="12" VPOS="1610" HPOS="539"/>
                  <String HEIGHT="38" WIDTH="83" VPOS="1610" HPOS="504" CONTENT="est"/>
                  <SP HEIGHT="38" WIDTH="12" VPOS="1610" HPOS="587"/>
                  <String HEIGHT="38" WIDTH="71" VPOS="1610" HPOS="551" CONTENT="ad"/>
                  <SP HEIGHT="38" WIDTH="12" VPOS="1610" HPOS="622"/>
                  <String HEIGHT="38"
                          WIDTH="142"
                          VPOS="1610"
                          HPOS="587"
                          CONTENT="litteram"/>
                  <SP HEIGHT="38" WIDTH="12" VPOS="1610" HPOS="729"/>
                  <String HEIGHT="38"
                          WIDTH="107"
                          VPOS="1610"
                          HPOS="693"
                          CONTENT="sicut"/>
                  <SP HEIGHT="38" WIDTH="12" VPOS="1610" HPOS="800"/>
                  <String HEIGHT="38" WIDTH="47" VPOS="1610" HPOS="753" CONTENT="so"/>
               </TextLine>
               <TextLine ID="r1l101"
                         BASELINE="1677"
                         HEIGHT="34"
                         WIDTH="614"
                         VPOS="1643"
                         HPOS="192">
                  <String HEIGHT="34" WIDTH="84" VPOS="1643" HPOS="180" CONTENT="nat"/>
                  <SP HEIGHT="34" WIDTH="12" VPOS="1643" HPOS="264"/>
                  <String HEIGHT="34" WIDTH="72" VPOS="1643" HPOS="228" CONTENT="ex"/>
                  <SP HEIGHT="34" WIDTH="12" VPOS="1643" HPOS="300"/>
                  <String HEIGHT="34" WIDTH="84" VPOS="1643" HPOS="264" CONTENT="hoc"/>
                  <SP HEIGHT="34" WIDTH="12" VPOS="1643" HPOS="349"/>
                  <String HEIGHT="34"
                          WIDTH="144"
                          VPOS="1643"
                          HPOS="312"
                          CONTENT="sequitur"/>
                  <SP HEIGHT="34" WIDTH="12" VPOS="1643" HPOS="457"/>
                  <String HEIGHT="34"
                          WIDTH="96"
                          VPOS="1643"
                          HPOS="421"
                          CONTENT="quod"/>
                  <SP HEIGHT="34" WIDTH="12" VPOS="1643" HPOS="517"/>
                  <String HEIGHT="34"
                          WIDTH="157"
                          VPOS="1643"
                          HPOS="481"
                          CONTENT="sensitiua"/>
                  <SP HEIGHT="34" WIDTH="12" VPOS="1643" HPOS="637"/>
                  <String HEIGHT="34"
                          WIDTH="132"
                          VPOS="1643"
                          HPOS="601"
                          CONTENT="hominis"/>
                  <SP HEIGHT="34" WIDTH="12" VPOS="1643" HPOS="734"/>
                  <String HEIGHT="34"
                          WIDTH="108"
                          VPOS="1643"
                          HPOS="698"
                          CONTENT="esset"/>
                  <SP HEIGHT="34" WIDTH="12" VPOS="1643" HPOS="806"/>
                  <String HEIGHT="34" WIDTH="48" VPOS="1643" HPOS="758" CONTENT="ab"/>
               </TextLine>
               <TextLine ID="r1l103"
                         BASELINE="1709"
                         HEIGHT="40"
                         WIDTH="600"
                         VPOS="1669"
                         HPOS="199">
                  <String HEIGHT="40"
                          WIDTH="179"
                          VPOS="1669"
                          HPOS="186"
                          CONTENT="extrinseco"/>
                  <SP HEIGHT="40" WIDTH="13" VPOS="1669" HPOS="365"/>
                  <String HEIGHT="40" WIDTH="77" VPOS="1669" HPOS="327" CONTENT="et"/>
                  <SP HEIGHT="40" WIDTH="13" VPOS="1669" HPOS="403"/>
                  <String HEIGHT="40"
                          WIDTH="166"
                          VPOS="1669"
                          HPOS="365"
                          CONTENT="separatur"/>
                  <SP HEIGHT="40" WIDTH="13" VPOS="1669" HPOS="531"/>
                  <String HEIGHT="40"
                          WIDTH="115"
                          VPOS="1669"
                          HPOS="493"
                          CONTENT="etiam"/>
                  <SP HEIGHT="40" WIDTH="13" VPOS="1669" HPOS="608"/>
                  <String HEIGHT="40"
                          WIDTH="115"
                          VPOS="1669"
                          HPOS="569"
                          CONTENT="sicut"/>
                  <SP HEIGHT="40" WIDTH="13" VPOS="1669" HPOS="684"/>
                  <String HEIGHT="40"
                          WIDTH="166"
                          VPOS="1669"
                          HPOS="646"
                          CONTENT="perpetuum"/>
                  <SP HEIGHT="40" WIDTH="13" VPOS="1669" HPOS="812"/>
                  <String HEIGHT="40" WIDTH="38" VPOS="1669" HPOS="761" CONTENT="a"/>
               </TextLine>
               <TextLine ID="r1l105"
                         BASELINE="1740"
                         HEIGHT="43"
                         WIDTH="610"
                         VPOS="1697"
                         HPOS="196">
                  <String HEIGHT="43"
                          WIDTH="195"
                          VPOS="1697"
                          HPOS="184"
                          CONTENT="corruptibili"/>
                  <SP HEIGHT="43" WIDTH="12" VPOS="1697" HPOS="379"/>
                  <String HEIGHT="43"
                          WIDTH="98"
                          VPOS="1697"
                          HPOS="342"
                          CONTENT="quia"/>
                  <SP HEIGHT="43" WIDTH="12" VPOS="1697" HPOS="440"/>
                  <String HEIGHT="43"
                          WIDTH="159"
                          VPOS="1697"
                          HPOS="403"
                          CONTENT="sensitiua"/>
                  <SP HEIGHT="43" WIDTH="12" VPOS="1697" HPOS="562"/>
                  <String HEIGHT="43"
                          WIDTH="134"
                          VPOS="1697"
                          HPOS="525"
                          CONTENT="hominis"/>
                  <SP HEIGHT="43" WIDTH="12" VPOS="1697" HPOS="660"/>
                  <String HEIGHT="43" WIDTH="85" VPOS="1697" HPOS="623" CONTENT="est"/>
                  <SP HEIGHT="43" WIDTH="12" VPOS="1697" HPOS="708"/>
                  <String HEIGHT="43"
                          WIDTH="146"
                          VPOS="1697"
                          HPOS="660"
                          CONTENT="intellecti"/>
               </TextLine>
               <TextLine ID="r1l107"
                         BASELINE="1765"
                         HEIGHT="36"
                         WIDTH="602"
                         VPOS="1729"
                         HPOS="197">
                  <String HEIGHT="36" WIDTH="81" VPOS="1729" HPOS="185" CONTENT="ua."/>
                  <SP HEIGHT="36" WIDTH="12" VPOS="1729" HPOS="266"/>
                  <String HEIGHT="36" WIDTH="81" VPOS="1729" HPOS="232" CONTENT="Sed"/>
                  <SP HEIGHT="36" WIDTH="12" VPOS="1729" HPOS="313"/>
                  <String HEIGHT="36"
                          WIDTH="93"
                          VPOS="1729"
                          HPOS="278"
                          CONTENT="vult"/>
                  <SP HEIGHT="36" WIDTH="12" VPOS="1729" HPOS="371"/>
                  <String HEIGHT="36"
                          WIDTH="116"
                          VPOS="1729"
                          HPOS="336"
                          CONTENT="dicere"/>
                  <SP HEIGHT="36" WIDTH="12" VPOS="1729" HPOS="452"/>
                  <String HEIGHT="36"
                          WIDTH="93"
                          VPOS="1729"
                          HPOS="417"
                          CONTENT="quod"/>
                  <SP HEIGHT="36" WIDTH="12" VPOS="1729" HPOS="510"/>
                  <String HEIGHT="36"
                          WIDTH="104"
                          VPOS="1729"
                          HPOS="475"
                          CONTENT="nulla"/>
                  <SP HEIGHT="36" WIDTH="12" VPOS="1729" HPOS="579"/>
                  <String HEIGHT="36"
                          WIDTH="104"
                          VPOS="1729"
                          HPOS="544"
                          CONTENT="anima"/>
                  <SP HEIGHT="36" WIDTH="12" VPOS="1729" HPOS="649"/>
                  <String HEIGHT="36" WIDTH="81" VPOS="1729" HPOS="614" CONTENT="que"/>
                  <SP HEIGHT="36" WIDTH="12" VPOS="1729" HPOS="695"/>
                  <String HEIGHT="36" WIDTH="81" VPOS="1729" HPOS="660" CONTENT="non"/>
                  <SP HEIGHT="36" WIDTH="12" VPOS="1729" HPOS="741"/>
                  <String HEIGHT="36" WIDTH="81" VPOS="1729" HPOS="706" CONTENT="est"/>
                  <SP HEIGHT="36" WIDTH="12" VPOS="1729" HPOS="787"/>
                  <String HEIGHT="36"
                          WIDTH="58"
                          VPOS="1729"
                          HPOS="741"
                          CONTENT="in"
                          SUBS_TYPE="HypPart1"
                          SUBS_CONTENT="intellectiua"/>
                  <HYP CONTENT="-"/>
               </TextLine>
               <TextLine ID="r1l109"
                         BASELINE="1801"
                         HEIGHT="47"
                         WIDTH="607"
                         VPOS="1754"
                         HPOS="201">
                  <String HEIGHT="47"
                          WIDTH="167"
                          VPOS="1754"
                          HPOS="189"
                          CONTENT="tellectiua"
                          SUBS_TYPE="HypPart2"
                          SUBS_CONTENT="intellectiua"/>
                  <SP HEIGHT="47" WIDTH="12" VPOS="1754" HPOS="356"/>
                  <String HEIGHT="47"
                          WIDTH="107"
                          VPOS="1754"
                          HPOS="320"
                          CONTENT="sicut"/>
                  <SP HEIGHT="47" WIDTH="12" VPOS="1754" HPOS="427"/>
                  <String HEIGHT="47"
                          WIDTH="107"
                          VPOS="1754"
                          HPOS="391"
                          CONTENT="venit"/>
                  <SP HEIGHT="47" WIDTH="12" VPOS="1754" HPOS="499"/>
                  <String HEIGHT="47" WIDTH="71" VPOS="1754" HPOS="463" CONTENT="et"/>
                  <SP HEIGHT="47" WIDTH="12" VPOS="1754" HPOS="534"/>
                  <String HEIGHT="47" WIDTH="83" VPOS="1754" HPOS="499" CONTENT="sic"/>
                  <SP HEIGHT="47" WIDTH="12" VPOS="1754" HPOS="582"/>
                  <String HEIGHT="47"
                          WIDTH="167"
                          VPOS="1754"
                          HPOS="546"
                          CONTENT="separatur."/>
                  <SP HEIGHT="47" WIDTH="12" VPOS="1754" HPOS="713"/>
                  <String HEIGHT="47" WIDTH="71" VPOS="1754" HPOS="677" CONTENT="Ad"/>
                  <SP HEIGHT="47" WIDTH="12" VPOS="1754" HPOS="748"/>
                  <String HEIGHT="47"
                          WIDTH="107"
                          VPOS="1754"
                          HPOS="701"
                          CONTENT="argumen"/>
               </TextLine>
               <TextLine ID="r1l111"
                         BASELINE="1827"
                         HEIGHT="46"
                         WIDTH="523"
                         VPOS="1781"
                         HPOS="203">
                  <String HEIGHT="46" WIDTH="81" VPOS="1781" HPOS="191" CONTENT="tum"/>
                  <SP HEIGHT="46" WIDTH="12" VPOS="1781" HPOS="273"/>
                  <String HEIGHT="46"
                          WIDTH="163"
                          VPOS="1781"
                          HPOS="238"
                          CONTENT="principale"/>
                  <SP HEIGHT="46" WIDTH="12" VPOS="1781" HPOS="401"/>
                  <String HEIGHT="46"
                          WIDTH="105"
                          VPOS="1781"
                          HPOS="366"
                          CONTENT="patet"/>
                  <SP HEIGHT="46" WIDTH="12" VPOS="1781" HPOS="470"/>
                  <String HEIGHT="46"
                          WIDTH="151"
                          VPOS="1781"
                          HPOS="435"
                          CONTENT="responsio"/>
                  <SP HEIGHT="46" WIDTH="12" VPOS="1781" HPOS="587"/>
                  <String HEIGHT="46" WIDTH="70" VPOS="1781" HPOS="552" CONTENT="ex"/>
                  <SP HEIGHT="46" WIDTH="12" VPOS="1781" HPOS="621"/>
                  <String HEIGHT="46"
                          WIDTH="116"
                          VPOS="1781"
                          HPOS="587"
                          CONTENT="dictis"/>
                  <SP HEIGHT="46" WIDTH="12" VPOS="1781" HPOS="703"/>
                  <String HEIGHT="46"
                          WIDTH="70"
                          VPOS="1781"
                          HPOS="656"
                          CONTENT="etc."/>
               </TextLine>
               <TextLine ID="r1l114"
                         BASELINE="1880"
                         HEIGHT="63"
                         WIDTH="318"
                         VPOS="1817"
                         HPOS="490">
                  <String HEIGHT="63"
                          WIDTH="231"
                          VPOS="1817"
                          HPOS="461"
                          CONTENT="Trum"/>
                  <SP HEIGHT="63" WIDTH="29" VPOS="1817" HPOS="692"/>
                  <String HEIGHT="63"
                          WIDTH="231"
                          VPOS="1817"
                          HPOS="577"
                          CONTENT="homini"/>
               </TextLine>
               <TextLine ID="r1l116"
                         BASELINE="1906"
                         HEIGHT="33"
                         WIDTH="311"
                         VPOS="1873"
                         HPOS="488">
                  <String HEIGHT="33"
                          WIDTH="100"
                          VPOS="1873"
                          HPOS="476"
                          CONTENT="rite"/>
                  <SP HEIGHT="33" WIDTH="12" VPOS="1873" HPOS="575"/>
                  <String HEIGHT="33"
                          WIDTH="187"
                          VPOS="1873"
                          HPOS="538"
                          CONTENT="suscipienti"/>
                  <SP HEIGHT="33" WIDTH="12" VPOS="1873" HPOS="724"/>
                  <String HEIGHT="33"
                          WIDTH="124"
                          VPOS="1873"
                          HPOS="675"
                          CONTENT="sacramen"/>
               </TextLine>
               <TextLine ID="r1l118"
                         BASELINE="1940"
                         HEIGHT="37"
                         WIDTH="304"
                         VPOS="1903"
                         HPOS="490">
                  <String HEIGHT="37" WIDTH="85" VPOS="1903" HPOS="478" CONTENT="tum"/>
                  <SP HEIGHT="37" WIDTH="12" VPOS="1903" HPOS="563"/>
                  <String HEIGHT="37"
                          WIDTH="146"
                          VPOS="1903"
                          HPOS="526"
                          CONTENT="baptismi"/>
                  <SP HEIGHT="37" WIDTH="12" VPOS="1903" HPOS="672"/>
                  <String HEIGHT="37" WIDTH="85" VPOS="1903" HPOS="636" CONTENT="vel"/>
                  <SP HEIGHT="37" WIDTH="12" VPOS="1903" HPOS="721"/>
                  <String HEIGHT="37"
                          WIDTH="122"
                          VPOS="1903"
                          HPOS="672"
                          CONTENT="confirma"/>
               </TextLine>
               <TextLine ID="r1l120"
                         BASELINE="1971"
                         HEIGHT="38"
                         WIDTH="321"
                         VPOS="1933"
                         HPOS="482">
                  <String HEIGHT="38"
                          WIDTH="134"
                          VPOS="1933"
                          HPOS="469"
                          CONTENT="tionis"/>
                  <SP HEIGHT="38" WIDTH="13" VPOS="1933" HPOS="602"/>
                  <String HEIGHT="38"
                          WIDTH="187"
                          VPOS="1933"
                          HPOS="562"
                          CONTENT="conferatur"/>
                  <SP HEIGHT="38" WIDTH="13" VPOS="1933" HPOS="750"/>
                  <String HEIGHT="38"
                          WIDTH="107"
                          VPOS="1933"
                          HPOS="696"
                          CONTENT="gratia"/>
               </TextLine>
               <TextLine ID="r1l122"
                         BASELINE="1993"
                         HEIGHT="35"
                         WIDTH="312"
                         VPOS="1958"
                         HPOS="497">
                  <String HEIGHT="35"
                          WIDTH="144"
                          VPOS="1958"
                          HPOS="485"
                          CONTENT="alutaris"/>
                  <SP HEIGHT="35" WIDTH="12" VPOS="1958" HPOS="629"/>
                  <String HEIGHT="35"
                          WIDTH="96"
                          VPOS="1958"
                          HPOS="593"
                          CONTENT="quod"/>
                  <SP HEIGHT="35" WIDTH="12" VPOS="1958" HPOS="689"/>
                  <String HEIGHT="35" WIDTH="84" VPOS="1958" HPOS="653" CONTENT="non"/>
                  <SP HEIGHT="35" WIDTH="12" VPOS="1958" HPOS="737"/>
                  <String HEIGHT="35"
                          WIDTH="96"
                          VPOS="1958"
                          HPOS="701"
                          CONTENT="quia"/>
                  <SP HEIGHT="35" WIDTH="12" VPOS="1958" HPOS="797"/>
                  <String HEIGHT="35" WIDTH="60" VPOS="1958" HPOS="749" CONTENT="aut"/>
               </TextLine>
               <TextLine ID="r1l124"
                         BASELINE="2028"
                         HEIGHT="36"
                         WIDTH="300"
                         VPOS="1992"
                         HPOS="506">
                  <String HEIGHT="36"
                          WIDTH="115"
                          VPOS="1992"
                          HPOS="494"
                          CONTENT="qualis"/>
                  <SP HEIGHT="36" WIDTH="12" VPOS="1992" HPOS="610"/>
                  <String HEIGHT="36" WIDTH="81" VPOS="1992" HPOS="575" CONTENT="vni"/>
                  <SP HEIGHT="36" WIDTH="12" VPOS="1992" HPOS="656"/>
                  <String HEIGHT="36"
                          WIDTH="104"
                          VPOS="1992"
                          HPOS="621"
                          CONTENT="sicut"/>
                  <SP HEIGHT="36" WIDTH="12" VPOS="1992" HPOS="725"/>
                  <String HEIGHT="36"
                          WIDTH="115"
                          VPOS="1992"
                          HPOS="691"
                          CONTENT="alteri"/>
                  <SP HEIGHT="36" WIDTH="12" VPOS="1992" HPOS="806"/>
                  <String HEIGHT="36" WIDTH="46" VPOS="1992" HPOS="760" CONTENT="re"/>
               </TextLine>
               <TextLine ID="r1l126"
                         BASELINE="2054"
                         HEIGHT="38"
                         WIDTH="297"
                         VPOS="2016"
                         HPOS="510">
                  <String HEIGHT="38"
                          WIDTH="149"
                          VPOS="2016"
                          HPOS="498"
                          CONTENT="ilariter"/>
                  <SP HEIGHT="38" WIDTH="12" VPOS="2016" HPOS="646"/>
                  <String HEIGHT="38" WIDTH="74" VPOS="2016" HPOS="609" CONTENT="et"/>
                  <SP HEIGHT="38" WIDTH="12" VPOS="2016" HPOS="683"/>
                  <String HEIGHT="38" WIDTH="87" VPOS="2016" HPOS="646" CONTENT="hoc"/>
                  <SP HEIGHT="38" WIDTH="12" VPOS="2016" HPOS="733"/>
                  <String HEIGHT="38" WIDTH="87" VPOS="2016" HPOS="696" CONTENT="non"/>
                  <SP HEIGHT="38" WIDTH="12" VPOS="2016" HPOS="782"/>
                  <String HEIGHT="38"
                          WIDTH="74"
                          VPOS="2016"
                          HPOS="733"
                          CONTENT="quia"/>
               </TextLine>
               <TextLine ID="r1l128"
                         BASELINE="2081"
                         HEIGHT="35"
                         WIDTH="301"
                         VPOS="2046"
                         HPOS="506">
                  <String HEIGHT="35" WIDTH="84" VPOS="2046" HPOS="494" CONTENT="inc"/>
                  <SP HEIGHT="35" WIDTH="12" VPOS="2046" HPOS="578"/>
                  <String HEIGHT="35"
                          WIDTH="120"
                          VPOS="2046"
                          HPOS="542"
                          CONTENT="infans"/>
                  <SP HEIGHT="35" WIDTH="12" VPOS="2046" HPOS="663"/>
                  <String HEIGHT="35"
                          WIDTH="169"
                          VPOS="2046"
                          HPOS="626"
                          CONTENT="baptisatus"/>
                  <SP HEIGHT="35" WIDTH="12" VPOS="2046" HPOS="795"/>
                  <String HEIGHT="35" WIDTH="60" VPOS="2046" HPOS="747" CONTENT="tan"/>
               </TextLine>
               <TextLine ID="r1l130"
                         BASELINE="2109"
                         HEIGHT="38"
                         WIDTH="311"
                         VPOS="2071"
                         HPOS="489">
                  <String HEIGHT="38" WIDTH="78" VPOS="2071" HPOS="476" CONTENT="am"/>
                  <SP HEIGHT="38" WIDTH="13" VPOS="2071" HPOS="554"/>
                  <String HEIGHT="38"
                          WIDTH="168"
                          VPOS="2071"
                          HPOS="515"
                          CONTENT="reciperet"/>
                  <SP HEIGHT="38" WIDTH="13" VPOS="2071" HPOS="683"/>
                  <String HEIGHT="38"
                          WIDTH="143"
                          VPOS="2071"
                          HPOS="645"
                          CONTENT="gratiam"/>
                  <SP HEIGHT="38" WIDTH="13" VPOS="2071" HPOS="787"/>
                  <String HEIGHT="38" WIDTH="65" VPOS="2071" HPOS="735" CONTENT="qua"/>
               </TextLine>
               <TextLine ID="r1l132"
                         BASELINE="2152"
                         HEIGHT="54"
                         WIDTH="353"
                         VPOS="2098"
                         HPOS="450">
                  <String HEIGHT="54"
                          WIDTH="88"
                          VPOS="2098"
                          HPOS="439"
                          CONTENT="sens"/>
                  <SP HEIGHT="54" WIDTH="11" VPOS="2098" HPOS="527"/>
                  <String HEIGHT="54"
                          WIDTH="121"
                          VPOS="2098"
                          HPOS="494"
                          CONTENT="equalem"/>
                  <SP HEIGHT="54" WIDTH="11" VPOS="2098" HPOS="615"/>
                  <String HEIGHT="54"
                          WIDTH="121"
                          VPOS="2098"
                          HPOS="582"
                          CONTENT="gloriam"/>
                  <SP HEIGHT="54" WIDTH="11" VPOS="2098" HPOS="704"/>
                  <String HEIGHT="54" WIDTH="66" VPOS="2098" HPOS="671" CONTENT="si"/>
                  <SP HEIGHT="54" WIDTH="11" VPOS="2098" HPOS="737"/>
                  <String HEIGHT="54"
                          WIDTH="121"
                          VPOS="2098"
                          HPOS="704"
                          CONTENT="vterque"/>
                  <SP HEIGHT="54" WIDTH="11" VPOS="2098" HPOS="825"/>
                  <String HEIGHT="54" WIDTH="22" VPOS="2098" HPOS="781" CONTENT=""/>
               </TextLine>
            </TextBlock>
            <TextBlock ID="TextRegion_1612379335273_2542"
                       HEIGHT="1997"
                       WIDTH="621"
                       VPOS="175"
                       HPOS="830">
               <Shape>
                  <Polygon POINTS="830,175 1451,175 1451,2172 830,2172"/>
               </Shape>
               <TextLine ID="r1l4"
                         BASELINE="280"
                         HEIGHT="56"
                         WIDTH="616"
                         VPOS="224"
                         HPOS="836">
                  <String HEIGHT="56"
                          WIDTH="140"
                          VPOS="224"
                          HPOS="822"
                          CONTENT="statim"/>
                  <SP HEIGHT="56" WIDTH="14" VPOS="224" HPOS="962"/>
                  <String HEIGHT="56"
                          WIDTH="182"
                          VPOS="224"
                          HPOS="920"
                          CONTENT="moreretur"/>
                  <SP HEIGHT="56" WIDTH="14" VPOS="224" HPOS="1102"/>
                  <String HEIGHT="56"
                          WIDTH="112"
                          VPOS="224"
                          HPOS="1060"
                          CONTENT="quod"/>
                  <SP HEIGHT="56" WIDTH="14" VPOS="224" HPOS="1172"/>
                  <String HEIGHT="56" WIDTH="98" VPOS="224" HPOS="1130" CONTENT="non"/>
                  <SP HEIGHT="56" WIDTH="14" VPOS="224" HPOS="1228"/>
                  <String HEIGHT="56"
                          WIDTH="154"
                          VPOS="224"
                          HPOS="1186"
                          CONTENT="videtur"/>
                  <SP HEIGHT="56" WIDTH="14" VPOS="224" HPOS="1340"/>
                  <String HEIGHT="56"
                          WIDTH="126"
                          VPOS="224"
                          HPOS="1298"
                          CONTENT="verum"/>
                  <SP HEIGHT="56" WIDTH="14" VPOS="224" HPOS="1424"/>
                  <String HEIGHT="56"
                          WIDTH="84"
                          VPOS="224"
                          HPOS="1368"
                          CONTENT="quia"/>
               </TextLine>
               <TextLine ID="r1l5"
                         BASELINE="302"
                         HEIGHT="28"
                         WIDTH="611"
                         VPOS="274"
                         HPOS="840">
                  <String HEIGHT="28"
                          WIDTH="153"
                          VPOS="274"
                          HPOS="826"
                          CONTENT="adultum"/>
                  <SP HEIGHT="28" WIDTH="14" VPOS="274" HPOS="979"/>
                  <String HEIGHT="28"
                          WIDTH="153"
                          VPOS="274"
                          HPOS="937"
                          CONTENT="oportet"/>
                  <SP HEIGHT="28" WIDTH="14" VPOS="274" HPOS="1090"/>
                  <String HEIGHT="28"
                          WIDTH="139"
                          VPOS="274"
                          HPOS="1048"
                          CONTENT="habere"/>
                  <SP HEIGHT="28" WIDTH="14" VPOS="274" HPOS="1187"/>
                  <String HEIGHT="28"
                          WIDTH="167"
                          VPOS="274"
                          HPOS="1146"
                          CONTENT="proprium"/>
                  <SP HEIGHT="28" WIDTH="14" VPOS="274" HPOS="1312"/>
                  <String HEIGHT="28"
                          WIDTH="125"
                          VPOS="274"
                          HPOS="1270"
                          CONTENT="motum"/>
                  <SP HEIGHT="28" WIDTH="14" VPOS="274" HPOS="1395"/>
                  <String HEIGHT="28" WIDTH="83" VPOS="274" HPOS="1354" CONTENT="vt"/>
                  <SP HEIGHT="28" WIDTH="14" VPOS="274" HPOS="1437"/>
                  <String HEIGHT="28"
                          WIDTH="69"
                          VPOS="274"
                          HPOS="1382"
                          CONTENT="pa"
                          SUBS_TYPE="HypPart1"
                          SUBS_CONTENT="patet"/>
                  <HYP CONTENT="-"/>
               </TextLine>
               <TextLine ID="r1l7"
                         BASELINE="333"
                         HEIGHT="31"
                         WIDTH="602"
                         VPOS="302"
                         HPOS="844">
                  <String HEIGHT="31"
                          WIDTH="81"
                          VPOS="302"
                          HPOS="832"
                          CONTENT="tet"
                          SUBS_TYPE="HypPart2"
                          SUBS_CONTENT="patet"/>
                  <SP HEIGHT="31" WIDTH="12" VPOS="302" HPOS="913"/>
                  <String HEIGHT="31" WIDTH="81" VPOS="302" HPOS="879" CONTENT="per"/>
                  <SP HEIGHT="31" WIDTH="12" VPOS="302" HPOS="960"/>
                  <String HEIGHT="31"
                          WIDTH="162"
                          VPOS="302"
                          HPOS="925"
                          CONTENT="augustinum"/>
                  <SP HEIGHT="31" WIDTH="12" VPOS="302" HPOS="1087"/>
                  <String HEIGHT="31" WIDTH="69" VPOS="302" HPOS="1052" CONTENT="in"/>
                  <SP HEIGHT="31" WIDTH="12" VPOS="302" HPOS="1122"/>
                  <String HEIGHT="31"
                          WIDTH="104"
                          VPOS="302"
                          HPOS="1087"
                          CONTENT="libro"/>
                  <SP HEIGHT="31" WIDTH="12" VPOS="302" HPOS="1191"/>
                  <String HEIGHT="31" WIDTH="69" VPOS="302" HPOS="1157" CONTENT="de"/>
                  <SP HEIGHT="31" WIDTH="12" VPOS="302" HPOS="1226"/>
                  <String HEIGHT="31"
                          WIDTH="162"
                          VPOS="302"
                          HPOS="1191"
                          CONTENT="penitentia"/>
                  <SP HEIGHT="31" WIDTH="12" VPOS="302" HPOS="1353"/>
                  <String HEIGHT="31" WIDTH="69" VPOS="302" HPOS="1319" CONTENT="et"/>
                  <SP HEIGHT="31" WIDTH="12" VPOS="302" HPOS="1388"/>
                  <String HEIGHT="31"
                          WIDTH="104"
                          VPOS="302"
                          HPOS="1342"
                          CONTENT="ponitur"/>
               </TextLine>
               <TextLine ID="r1l9"
                         BASELINE="365"
                         HEIGHT="36"
                         WIDTH="603"
                         VPOS="329"
                         HPOS="841">
                  <String HEIGHT="36" WIDTH="84" VPOS="329" HPOS="829" CONTENT="di."/>
                  <SP HEIGHT="36" WIDTH="12" VPOS="329" HPOS="913"/>
                  <String HEIGHT="36" WIDTH="60" VPOS="329" HPOS="877" CONTENT="4"/>
                  <SP HEIGHT="36" WIDTH="12" VPOS="329" HPOS="937"/>
                  <String HEIGHT="36" WIDTH="96" VPOS="329" HPOS="901" CONTENT="cap."/>
                  <SP HEIGHT="36" WIDTH="12" VPOS="329" HPOS="998"/>
                  <String HEIGHT="36"
                          WIDTH="109"
                          VPOS="329"
                          HPOS="962"
                          CONTENT="primo"/>
                  <SP HEIGHT="36" WIDTH="12" VPOS="329" HPOS="1070"/>
                  <String HEIGHT="36" WIDTH="84" VPOS="329" HPOS="1034" CONTENT="vbi"/>
                  <SP HEIGHT="36" WIDTH="12" VPOS="329" HPOS="1118"/>
                  <String HEIGHT="36"
                          WIDTH="109"
                          VPOS="329"
                          HPOS="1082"
                          CONTENT="dicit"/>
                  <SP HEIGHT="36" WIDTH="12" VPOS="329" HPOS="1191"/>
                  <String HEIGHT="36"
                          WIDTH="109"
                          VPOS="329"
                          HPOS="1155"
                          CONTENT="omnis"/>
                  <SP HEIGHT="36" WIDTH="12" VPOS="329" HPOS="1263"/>
                  <String HEIGHT="36" WIDTH="84" VPOS="329" HPOS="1227" CONTENT="qui"/>
                  <SP HEIGHT="36" WIDTH="12" VPOS="329" HPOS="1311"/>
                  <String HEIGHT="36" WIDTH="84" VPOS="329" HPOS="1275" CONTENT="iam"/>
                  <SP HEIGHT="36" WIDTH="12" VPOS="329" HPOS="1360"/>
                  <String HEIGHT="36" WIDTH="84" VPOS="329" HPOS="1323" CONTENT="sue"/>
                  <SP HEIGHT="36" WIDTH="12" VPOS="329" HPOS="1408"/>
                  <String HEIGHT="36"
                          WIDTH="84"
                          VPOS="329"
                          HPOS="1360"
                          CONTENT="volu"
                          SUBS_TYPE="HypPart1"
                          SUBS_CONTENT="volutatis"/>
                  <HYP CONTENT="-"/>
               </TextLine>
               <TextLine ID="r1l11"
                         BASELINE="388"
                         HEIGHT="31"
                         WIDTH="614"
                         VPOS="357"
                         HPOS="839">
                  <String HEIGHT="31"
                          WIDTH="108"
                          VPOS="357"
                          HPOS="827"
                          CONTENT="tatis"
                          SUBS_TYPE="HypPart2"
                          SUBS_CONTENT="volutatis"/>
                  <SP HEIGHT="31" WIDTH="12" VPOS="357" HPOS="935"/>
                  <String HEIGHT="31"
                          WIDTH="132"
                          VPOS="357"
                          HPOS="899"
                          CONTENT="arbiter"/>
                  <SP HEIGHT="31" WIDTH="12" VPOS="357" HPOS="1032"/>
                  <String HEIGHT="31"
                          WIDTH="181"
                          VPOS="357"
                          HPOS="996"
                          CONTENT="constitutus"/>
                  <SP HEIGHT="31" WIDTH="12" VPOS="357" HPOS="1176"/>
                  <String HEIGHT="31" WIDTH="84" VPOS="357" HPOS="1140" CONTENT="est"/>
                  <SP HEIGHT="31" WIDTH="12" VPOS="357" HPOS="1224"/>
                  <String HEIGHT="31" WIDTH="84" VPOS="357" HPOS="1188" CONTENT="cum"/>
                  <SP HEIGHT="31" WIDTH="12" VPOS="357" HPOS="1272"/>
                  <String HEIGHT="31"
                          WIDTH="132"
                          VPOS="357"
                          HPOS="1236"
                          CONTENT="accedit"/>
                  <SP HEIGHT="31" WIDTH="12" VPOS="357" HPOS="1369"/>
                  <String HEIGHT="31" WIDTH="72" VPOS="357" HPOS="1333" CONTENT="ad"/>
                  <SP HEIGHT="31" WIDTH="12" VPOS="357" HPOS="1405"/>
                  <String HEIGHT="31"
                          WIDTH="96"
                          VPOS="357"
                          HPOS="1357"
                          CONTENT="sacra"
                          SUBS_TYPE="HypPart1"
                          SUBS_CONTENT="sacramentum"/>
                  <HYP CONTENT="-"/>
               </TextLine>
               <TextLine ID="r1l14"
                         BASELINE="423"
                         HEIGHT="38"
                         WIDTH="618"
                         VPOS="385"
                         HPOS="836">
                  <String HEIGHT="38"
                          WIDTH="119"
                          VPOS="385"
                          HPOS="824"
                          CONTENT="mentum"
                          SUBS_TYPE="HypPart2"
                          SUBS_CONTENT="sacramentum"/>
                  <SP HEIGHT="38" WIDTH="12" VPOS="385" HPOS="943"/>
                  <String HEIGHT="38"
                          WIDTH="143"
                          VPOS="385"
                          HPOS="907"
                          CONTENT="fidelium"/>
                  <SP HEIGHT="38" WIDTH="12" VPOS="385" HPOS="1050"/>
                  <String HEIGHT="38"
                          WIDTH="95"
                          VPOS="385"
                          HPOS="1014"
                          CONTENT="nisi"/>
                  <SP HEIGHT="38" WIDTH="12" VPOS="385" HPOS="1109"/>
                  <String HEIGHT="38"
                          WIDTH="143"
                          VPOS="385"
                          HPOS="1074"
                          CONTENT="peniteat"/>
                  <SP HEIGHT="38" WIDTH="12" VPOS="385" HPOS="1216"/>
                  <String HEIGHT="38" WIDTH="83" VPOS="385" HPOS="1181" CONTENT="eum"/>
                  <SP HEIGHT="38" WIDTH="12" VPOS="385" HPOS="1264"/>
                  <String HEIGHT="38"
                          WIDTH="131"
                          VPOS="385"
                          HPOS="1228"
                          CONTENT="veteris"/>
                  <SP HEIGHT="38" WIDTH="12" VPOS="385" HPOS="1359"/>
                  <String HEIGHT="38"
                          WIDTH="95"
                          VPOS="385"
                          HPOS="1323"
                          CONTENT="vite"/>
                  <SP HEIGHT="38" WIDTH="12" VPOS="385" HPOS="1418"/>
                  <String HEIGHT="38"
                          WIDTH="83"
                          VPOS="385"
                          HPOS="1371"
                          CONTENT="nouam"/>
               </TextLine>
               <TextLine ID="r1l16"
                         BASELINE="450"
                         HEIGHT="34"
                         WIDTH="612"
                         VPOS="416"
                         HPOS="844">
                  <String HEIGHT="34" WIDTH="93" VPOS="416" HPOS="831" CONTENT="non"/>
                  <SP HEIGHT="34" WIDTH="13" VPOS="416" HPOS="924"/>
                  <String HEIGHT="34"
                          WIDTH="146"
                          VPOS="416"
                          HPOS="884"
                          CONTENT="poterit"/>
                  <SP HEIGHT="34" WIDTH="13" VPOS="416" HPOS="1030"/>
                  <String HEIGHT="34"
                          WIDTH="173"
                          VPOS="416"
                          HPOS="990"
                          CONTENT="inchoare."/>
                  <SP HEIGHT="34" WIDTH="13" VPOS="416" HPOS="1163"/>
                  <String HEIGHT="34" WIDTH="93" VPOS="416" HPOS="1123" CONTENT="Sed"/>
                  <SP HEIGHT="34" WIDTH="13" VPOS="416" HPOS="1217"/>
                  <String HEIGHT="34"
                          WIDTH="120"
                          VPOS="416"
                          HPOS="1177"
                          CONTENT="talis"/>
                  <SP HEIGHT="34" WIDTH="13" VPOS="416" HPOS="1296"/>
                  <String HEIGHT="34"
                          WIDTH="120"
                          VPOS="416"
                          HPOS="1256"
                          CONTENT="motus"/>
                  <SP HEIGHT="34" WIDTH="13" VPOS="416" HPOS="1376"/>
                  <String HEIGHT="34"
                          WIDTH="120"
                          VPOS="416"
                          HPOS="1336"
                          CONTENT="bonus"/>
                  <SP HEIGHT="34" WIDTH="13" VPOS="416" HPOS="1456"/>
                  <String HEIGHT="34" WIDTH="53" VPOS="416" HPOS="1403" CONTENT="si"/>
               </TextLine>
               <TextLine ID="r1l17"
                         BASELINE="479"
                         HEIGHT="37"
                         WIDTH="611"
                         VPOS="442"
                         HPOS="844">
                  <String HEIGHT="37"
                          WIDTH="110"
                          VPOS="442"
                          HPOS="832"
                          CONTENT="assit"/>
                  <SP HEIGHT="37" WIDTH="12" VPOS="442" HPOS="942"/>
                  <String HEIGHT="37"
                          WIDTH="134"
                          VPOS="442"
                          HPOS="905"
                          CONTENT="videtur"/>
                  <SP HEIGHT="37" WIDTH="12" VPOS="442" HPOS="1040"/>
                  <String HEIGHT="37"
                          WIDTH="122"
                          VPOS="442"
                          HPOS="1003"
                          CONTENT="iuuare"/>
                  <SP HEIGHT="37" WIDTH="12" VPOS="442" HPOS="1125"/>
                  <String HEIGHT="37" WIDTH="86" VPOS="442" HPOS="1088" CONTENT="aut"/>
                  <SP HEIGHT="37" WIDTH="12" VPOS="442" HPOS="1174"/>
                  <String HEIGHT="37"
                          WIDTH="159"
                          VPOS="442"
                          HPOS="1137"
                          CONTENT="inequalis"/>
                  <SP HEIGHT="37" WIDTH="12" VPOS="442" HPOS="1296"/>
                  <String HEIGHT="37" WIDTH="73" VPOS="442" HPOS="1259" CONTENT="et"/>
                  <SP HEIGHT="37" WIDTH="12" VPOS="442" HPOS="1333"/>
                  <String HEIGHT="37" WIDTH="86" VPOS="442" HPOS="1296" CONTENT="nec"/>
                  <SP HEIGHT="37" WIDTH="12" VPOS="442" HPOS="1382"/>
                  <String HEIGHT="37" WIDTH="86" VPOS="442" HPOS="1345" CONTENT="hoc"/>
                  <SP HEIGHT="37" WIDTH="12" VPOS="442" HPOS="1431"/>
                  <String HEIGHT="37"
                          WIDTH="73"
                          VPOS="442"
                          HPOS="1382"
                          CONTENT="vide"/>
               </TextLine>
               <TextLine ID="r1l19"
                         BASELINE="503"
                         HEIGHT="30"
                         WIDTH="613"
                         VPOS="473"
                         HPOS="841">
                  <String HEIGHT="30" WIDTH="86" VPOS="473" HPOS="829" CONTENT="tur"/>
                  <SP HEIGHT="30" WIDTH="12" VPOS="473" HPOS="915"/>
                  <String HEIGHT="30" WIDTH="98" VPOS="473" HPOS="878" CONTENT="quia"/>
                  <SP HEIGHT="30" WIDTH="12" VPOS="473" HPOS="976"/>
                  <String HEIGHT="30"
                          WIDTH="135"
                          VPOS="473"
                          HPOS="939"
                          CONTENT="vtraque"/>
                  <SP HEIGHT="30" WIDTH="12" VPOS="473" HPOS="1074"/>
                  <String HEIGHT="30"
                          WIDTH="110"
                          VPOS="473"
                          HPOS="1037"
                          CONTENT="anima"/>
                  <SP HEIGHT="30" WIDTH="12" VPOS="473" HPOS="1148"/>
                  <String HEIGHT="30" WIDTH="86" VPOS="473" HPOS="1111" CONTENT="est"/>
                  <SP HEIGHT="30" WIDTH="12" VPOS="473" HPOS="1197"/>
                  <String HEIGHT="30"
                          WIDTH="135"
                          VPOS="473"
                          HPOS="1160"
                          CONTENT="equalis"/>
                  <SP HEIGHT="30" WIDTH="12" VPOS="473" HPOS="1295"/>
                  <String HEIGHT="30"
                          WIDTH="123"
                          VPOS="473"
                          HPOS="1258"
                          CONTENT="gratie"/>
                  <SP HEIGHT="30" WIDTH="12" VPOS="473" HPOS="1380"/>
                  <String HEIGHT="30"
                          WIDTH="123"
                          VPOS="473"
                          HPOS="1331"
                          CONTENT="recepti"
                          SUBS_TYPE="HypPart1"
                          SUBS_CONTENT="receptiua"/>
                  <HYP CONTENT="-"/>
               </TextLine>
               <TextLine ID="r1l22"
                         BASELINE="529"
                         HEIGHT="31"
                         WIDTH="617"
                         VPOS="498"
                         HPOS="838">
                  <String HEIGHT="31"
                          WIDTH="77"
                          VPOS="498"
                          HPOS="825"
                          CONTENT="ua"
                          SUBS_TYPE="HypPart2"
                          SUBS_CONTENT="receptiua"/>
                  <SP HEIGHT="31" WIDTH="13" VPOS="498" HPOS="902"/>
                  <String HEIGHT="31" WIDTH="77" VPOS="498" HPOS="864" CONTENT="et"/>
                  <SP HEIGHT="31" WIDTH="13" VPOS="498" HPOS="941"/>
                  <String HEIGHT="31"
                          WIDTH="193"
                          VPOS="498"
                          HPOS="902"
                          CONTENT="sacramentum"/>
                  <SP HEIGHT="31" WIDTH="13" VPOS="498" HPOS="1095"/>
                  <String HEIGHT="31" WIDTH="90" VPOS="498" HPOS="1057" CONTENT="est"/>
                  <SP HEIGHT="31" WIDTH="13" VPOS="498" HPOS="1146"/>
                  <String HEIGHT="31"
                          WIDTH="167"
                          VPOS="498"
                          HPOS="1108"
                          CONTENT="vniformis"/>
                  <SP HEIGHT="31" WIDTH="13" VPOS="498" HPOS="1275"/>
                  <String HEIGHT="31"
                          WIDTH="167"
                          VPOS="498"
                          HPOS="1236"
                          CONTENT="efficatie"/>
                  <SP HEIGHT="31" WIDTH="13" VPOS="498" HPOS="1404"/>
                  <String HEIGHT="31"
                          WIDTH="103"
                          VPOS="498"
                          HPOS="1352"
                          CONTENT="vtrobi"/>
               </TextLine>
               <TextLine ID="r1l23"
                         BASELINE="564"
                         HEIGHT="34"
                         WIDTH="611"
                         VPOS="530"
                         HPOS="838">
                  <String HEIGHT="34"
                          WIDTH="104"
                          VPOS="530"
                          HPOS="825"
                          CONTENT="que."/>
                  <SP HEIGHT="34" WIDTH="13" VPOS="530" HPOS="929"/>
                  <String HEIGHT="34"
                          WIDTH="156"
                          VPOS="530"
                          HPOS="890"
                          CONTENT="Probatur"/>
                  <SP HEIGHT="34" WIDTH="13" VPOS="530" HPOS="1046"/>
                  <String HEIGHT="34"
                          WIDTH="104"
                          VPOS="530"
                          HPOS="1007"
                          CONTENT="tunc"/>
                  <SP HEIGHT="34" WIDTH="13" VPOS="530" HPOS="1111"/>
                  <String HEIGHT="34" WIDTH="91" VPOS="530" HPOS="1072" CONTENT="duo"/>
                  <SP HEIGHT="34" WIDTH="13" VPOS="530" HPOS="1163"/>
                  <String HEIGHT="34"
                          WIDTH="143"
                          VPOS="530"
                          HPOS="1124"
                          CONTENT="paruuli"/>
                  <SP HEIGHT="34" WIDTH="13" VPOS="530" HPOS="1267"/>
                  <String HEIGHT="34"
                          WIDTH="169"
                          VPOS="530"
                          HPOS="1228"
                          CONTENT="baptisati"/>
                  <SP HEIGHT="34" WIDTH="13" VPOS="530" HPOS="1397"/>
                  <String HEIGHT="34"
                          WIDTH="104"
                          VPOS="530"
                          HPOS="1345"
                          CONTENT="mortui"/>
               </TextLine>
               <TextLine ID="r1l25"
                         BASELINE="590"
                         HEIGHT="34"
                         WIDTH="607"
                         VPOS="556"
                         HPOS="840">
                  <String HEIGHT="34"
                          WIDTH="121"
                          VPOS="556"
                          HPOS="827"
                          CONTENT="alter"/>
                  <SP HEIGHT="34" WIDTH="13" VPOS="556" HPOS="948"/>
                  <String HEIGHT="34"
                          WIDTH="202"
                          VPOS="556"
                          HPOS="907"
                          CONTENT="confitmatus"/>
                  <SP HEIGHT="34" WIDTH="13" VPOS="556" HPOS="1110"/>
                  <String HEIGHT="34" WIDTH="94" VPOS="556" HPOS="1069" CONTENT="non"/>
                  <SP HEIGHT="34" WIDTH="13" VPOS="556" HPOS="1164"/>
                  <String HEIGHT="34"
                          WIDTH="162"
                          VPOS="556"
                          HPOS="1123"
                          CONTENT="haberent"/>
                  <SP HEIGHT="34" WIDTH="13" VPOS="556" HPOS="1285"/>
                  <String HEIGHT="34"
                          WIDTH="175"
                          VPOS="556"
                          HPOS="1245"
                          CONTENT="inequalem"/>
                  <SP HEIGHT="34" WIDTH="13" VPOS="556" HPOS="1420"/>
                  <String HEIGHT="34"
                          WIDTH="81"
                          VPOS="556"
                          HPOS="1366"
                          CONTENT="glo"
                          SUBS_TYPE="HypPart1"
                          SUBS_CONTENT="gloriam"/>
                  <HYP CONTENT="-"/>
               </TextLine>
               <TextLine ID="r1l27"
                         BASELINE="622"
                         HEIGHT="34"
                         WIDTH="605"
                         VPOS="588"
                         HPOS="841">
                  <String HEIGHT="34"
                          WIDTH="101"
                          VPOS="588"
                          HPOS="828"
                          CONTENT="riam"
                          SUBS_TYPE="HypPart2"
                          SUBS_CONTENT="gloriam"/>
                  <SP HEIGHT="34" WIDTH="13" VPOS="588" HPOS="929"/>
                  <String HEIGHT="34" WIDTH="76" VPOS="588" HPOS="891" CONTENT="in"/>
                  <SP HEIGHT="34" WIDTH="13" VPOS="588" HPOS="967"/>
                  <String HEIGHT="34"
                          WIDTH="126"
                          VPOS="588"
                          HPOS="929"
                          CONTENT="patria"/>
                  <SP HEIGHT="34" WIDTH="13" VPOS="588" HPOS="1055"/>
                  <String HEIGHT="34"
                          WIDTH="101"
                          VPOS="588"
                          HPOS="1017"
                          CONTENT="quod"/>
                  <SP HEIGHT="34" WIDTH="13" VPOS="588" HPOS="1118"/>
                  <String HEIGHT="34"
                          WIDTH="139"
                          VPOS="588"
                          HPOS="1080"
                          CONTENT="videtur"/>
                  <SP HEIGHT="34" WIDTH="13" VPOS="588" HPOS="1219"/>
                  <String HEIGHT="34"
                          WIDTH="202"
                          VPOS="588"
                          HPOS="1181"
                          CONTENT="inconueniens"/>
                  <SP HEIGHT="34" WIDTH="13" VPOS="588" HPOS="1383"/>
                  <String HEIGHT="34" WIDTH="88" VPOS="588" HPOS="1345" CONTENT="cum"/>
                  <SP HEIGHT="34" WIDTH="13" VPOS="588" HPOS="1433"/>
                  <String HEIGHT="34" WIDTH="63" VPOS="588" HPOS="1383" CONTENT="neu"/>
               </TextLine>
               <TextLine ID="r1l29"
                         BASELINE="652"
                         HEIGHT="41"
                         WIDTH="604"
                         VPOS="611"
                         HPOS="845">
                  <String HEIGHT="41" WIDTH="88" VPOS="611" HPOS="832" CONTENT="ter"/>
                  <SP HEIGHT="41" WIDTH="13" VPOS="611" HPOS="921"/>
                  <String HEIGHT="41"
                          WIDTH="138"
                          VPOS="611"
                          HPOS="883"
                          CONTENT="aliquid"/>
                  <SP HEIGHT="41" WIDTH="13" VPOS="611" HPOS="1021"/>
                  <String HEIGHT="41"
                          WIDTH="101"
                          VPOS="611"
                          HPOS="983"
                          CONTENT="plus"/>
                  <SP HEIGHT="41" WIDTH="13" VPOS="611" HPOS="1084"/>
                  <String HEIGHT="41"
                          WIDTH="151"
                          VPOS="611"
                          HPOS="1046"
                          CONTENT="meruerit"/>
                  <SP HEIGHT="41" WIDTH="13" VPOS="611" HPOS="1197"/>
                  <String HEIGHT="41"
                          WIDTH="138"
                          VPOS="611"
                          HPOS="1160"
                          CONTENT="reliquo"/>
                  <SP HEIGHT="41" WIDTH="13" VPOS="611" HPOS="1298"/>
                  <String HEIGHT="41"
                          WIDTH="113"
                          VPOS="611"
                          HPOS="1260"
                          CONTENT="etiam"/>
                  <SP HEIGHT="41" WIDTH="13" VPOS="611" HPOS="1374"/>
                  <String HEIGHT="41"
                          WIDTH="101"
                          VPOS="611"
                          HPOS="1336"
                          CONTENT="tunc"/>
                  <SP HEIGHT="41" WIDTH="13" VPOS="611" HPOS="1436"/>
                  <String HEIGHT="41"
                          WIDTH="63"
                          VPOS="611"
                          HPOS="1386"
                          CONTENT="vi"
                          SUBS_TYPE="HypPart1"
                          SUBS_CONTENT="videretur"/>
                  <HYP CONTENT="-"/>
               </TextLine>
               <TextLine ID="r1l31"
                         BASELINE="680"
                         HEIGHT="38"
                         WIDTH="610"
                         VPOS="642"
                         HPOS="839">
                  <String HEIGHT="38"
                          WIDTH="134"
                          VPOS="642"
                          HPOS="827"
                          CONTENT="deretur"
                          SUBS_TYPE="HypPart2"
                          SUBS_CONTENT="videretur"/>
                  <SP HEIGHT="38" WIDTH="12" VPOS="642" HPOS="961"/>
                  <String HEIGHT="38"
                          WIDTH="146"
                          VPOS="642"
                          HPOS="924"
                          CONTENT="vtrumque"/>
                  <SP HEIGHT="38" WIDTH="12" VPOS="642" HPOS="1071"/>
                  <String HEIGHT="38"
                          WIDTH="110"
                          VPOS="642"
                          HPOS="1034"
                          CONTENT="simul"/>
                  <SP HEIGHT="38" WIDTH="12" VPOS="642" HPOS="1144"/>
                  <String HEIGHT="38"
                          WIDTH="183"
                          VPOS="642"
                          HPOS="1107"
                          CONTENT="sacramentum"/>
                  <SP HEIGHT="38" WIDTH="12" VPOS="642" HPOS="1290"/>
                  <String HEIGHT="38"
                          WIDTH="134"
                          VPOS="642"
                          HPOS="1254"
                          CONTENT="propter"/>
                  <SP HEIGHT="38" WIDTH="12" VPOS="642" HPOS="1388"/>
                  <String HEIGHT="38"
                          WIDTH="110"
                          VPOS="642"
                          HPOS="1339"
                          CONTENT="pericu"
                          SUBS_TYPE="HypPart1"
                          SUBS_CONTENT="pericula"/>
                  <HYP CONTENT="-"/>
               </TextLine>
               <TextLine ID="r1l34"
                         BASELINE="702"
                         HEIGHT="33"
                         WIDTH="616"
                         VPOS="669"
                         HPOS="836">
                  <String HEIGHT="33"
                          WIDTH="65"
                          VPOS="669"
                          HPOS="825"
                          CONTENT="la"
                          SUBS_TYPE="HypPart2"
                          SUBS_CONTENT="pericula"/>
                  <SP HEIGHT="33" WIDTH="11" VPOS="669" HPOS="890"/>
                  <String HEIGHT="33"
                          WIDTH="119"
                          VPOS="669"
                          HPOS="858"
                          CONTENT="omnibus"/>
                  <SP HEIGHT="33" WIDTH="11" VPOS="669" HPOS="976"/>
                  <String HEIGHT="33"
                          WIDTH="119"
                          VPOS="669"
                          HPOS="944"
                          CONTENT="pauulis"/>
                  <SP HEIGHT="33" WIDTH="11" VPOS="669" HPOS="1063"/>
                  <String HEIGHT="33"
                          WIDTH="173"
                          VPOS="669"
                          HPOS="1031"
                          CONTENT="confirmandum"/>
                  <SP HEIGHT="33" WIDTH="11" VPOS="669" HPOS="1203"/>
                  <String HEIGHT="33"
                          WIDTH="86"
                          VPOS="669"
                          HPOS="1171"
                          CONTENT="quod"/>
                  <SP HEIGHT="33" WIDTH="11" VPOS="669" HPOS="1257"/>
                  <String HEIGHT="33" WIDTH="76" VPOS="669" HPOS="1225" CONTENT="est"/>
                  <SP HEIGHT="33" WIDTH="11" VPOS="669" HPOS="1301"/>
                  <String HEIGHT="33"
                          WIDTH="108"
                          VPOS="669"
                          HPOS="1268"
                          CONTENT="contra"/>
                  <SP HEIGHT="33" WIDTH="11" VPOS="669" HPOS="1376"/>
                  <String HEIGHT="33"
                          WIDTH="119"
                          VPOS="669"
                          HPOS="1333"
                          CONTENT="consuetu"
                          SUBS_TYPE="HypPart1"
                          SUBS_CONTENT="consuetudinem"/>
                  <HYP CONTENT="-"/>
               </TextLine>
               <TextLine ID="r1l36"
                         BASELINE="733"
                         HEIGHT="33"
                         WIDTH="612"
                         VPOS="700"
                         HPOS="837">
                  <String HEIGHT="33"
                          WIDTH="104"
                          VPOS="700"
                          HPOS="825"
                          CONTENT="dinem"
                          SUBS_TYPE="HypPart2"
                          SUBS_CONTENT="consuetudinem"/>
                  <SP HEIGHT="33" WIDTH="12" VPOS="700" HPOS="929"/>
                  <String HEIGHT="33"
                          WIDTH="150"
                          VPOS="700"
                          HPOS="895"
                          CONTENT="ecclesie."/>
                  <SP HEIGHT="33" WIDTH="12" VPOS="700" HPOS="1045"/>
                  <String HEIGHT="33"
                          WIDTH="162"
                          VPOS="700"
                          HPOS="1010"
                          CONTENT="Oppositum."/>
                  <SP HEIGHT="33" WIDTH="12" VPOS="700" HPOS="1172"/>
                  <String HEIGHT="33"
                          WIDTH="104"
                          VPOS="700"
                          HPOS="1137"
                          CONTENT="patet"/>
                  <SP HEIGHT="33" WIDTH="12" VPOS="700" HPOS="1241"/>
                  <String HEIGHT="33" WIDTH="81" VPOS="700" HPOS="1207" CONTENT="per"/>
                  <SP HEIGHT="33" WIDTH="12" VPOS="700" HPOS="1287"/>
                  <String HEIGHT="33" WIDTH="81" VPOS="700" HPOS="1253" CONTENT="ma."/>
                  <SP HEIGHT="33" WIDTH="12" VPOS="700" HPOS="1334"/>
                  <String HEIGHT="33" WIDTH="81" VPOS="700" HPOS="1299" CONTENT="li."/>
                  <SP HEIGHT="33" WIDTH="12" VPOS="700" HPOS="1380"/>
                  <String HEIGHT="33" WIDTH="58" VPOS="700" HPOS="1345" CONTENT="4"/>
                  <SP HEIGHT="33" WIDTH="12" VPOS="700" HPOS="1403"/>
                  <String HEIGHT="33" WIDTH="81" VPOS="700" HPOS="1368" CONTENT="di."/>
                  <SP HEIGHT="33" WIDTH="12" VPOS="700" HPOS="1449"/>
                  <String HEIGHT="33" WIDTH="58" VPOS="700" HPOS="1414" CONTENT="4"/>
                  <SP HEIGHT="33" WIDTH="12" VPOS="700" HPOS="1472"/>
                  <String HEIGHT="33" WIDTH="23" VPOS="700" HPOS="1426" CONTENT=""/>
               </TextLine>
               <TextLine ID="r1l38"
                         BASELINE="761"
                         HEIGHT="32"
                         WIDTH="609"
                         VPOS="729"
                         HPOS="835">
                  <String HEIGHT="32" WIDTH="79" VPOS="729" HPOS="824" CONTENT="ca."/>
                  <SP HEIGHT="32" WIDTH="11" VPOS="729" HPOS="903"/>
                  <String HEIGHT="32" WIDTH="68" VPOS="729" HPOS="869" CONTENT="4."/>
                  <SP HEIGHT="32" WIDTH="11" VPOS="729" HPOS="937"/>
                  <String HEIGHT="32" WIDTH="79" VPOS="729" HPOS="903" CONTENT="vbi"/>
                  <SP HEIGHT="32" WIDTH="11" VPOS="729" HPOS="982"/>
                  <String HEIGHT="32"
                          WIDTH="102"
                          VPOS="729"
                          HPOS="948"
                          CONTENT="dicit"/>
                  <SP HEIGHT="32" WIDTH="11" VPOS="729" HPOS="1049"/>
                  <String HEIGHT="32"
                          WIDTH="90"
                          VPOS="729"
                          HPOS="1015"
                          CONTENT="quod"/>
                  <SP HEIGHT="32" WIDTH="11" VPOS="729" HPOS="1106"/>
                  <String HEIGHT="32" WIDTH="68" VPOS="729" HPOS="1072" CONTENT="in"/>
                  <SP HEIGHT="32" WIDTH="11" VPOS="729" HPOS="1140"/>
                  <String HEIGHT="32"
                          WIDTH="124"
                          VPOS="729"
                          HPOS="1106"
                          CONTENT="habente"/>
                  <SP HEIGHT="32" WIDTH="11" VPOS="729" HPOS="1230"/>
                  <String HEIGHT="32"
                          WIDTH="124"
                          VPOS="729"
                          HPOS="1196"
                          CONTENT="gratiam"/>
                  <SP HEIGHT="32" WIDTH="11" VPOS="729" HPOS="1320"/>
                  <String HEIGHT="32"
                          WIDTH="124"
                          VPOS="729"
                          HPOS="1286"
                          CONTENT="augetur"/>
                  <SP HEIGHT="32" WIDTH="11" VPOS="729" HPOS="1410"/>
                  <String HEIGHT="32" WIDTH="68" VPOS="729" HPOS="1376" CONTENT="in"/>
                  <SP HEIGHT="32" WIDTH="11" VPOS="729" HPOS="1444"/>
                  <String HEIGHT="32" WIDTH="45" VPOS="729" HPOS="1399" CONTENT="ba"/>
               </TextLine>
               <TextLine ID="r1l39"
                         BASELINE="794"
                         HEIGHT="34"
                         WIDTH="614"
                         VPOS="760"
                         HPOS="835">
                  <String HEIGHT="34"
                          WIDTH="116"
                          VPOS="760"
                          HPOS="823"
                          CONTENT="ptismo"/>
                  <SP HEIGHT="34" WIDTH="12" VPOS="760" HPOS="939"/>
                  <String HEIGHT="34"
                          WIDTH="116"
                          VPOS="760"
                          HPOS="905"
                          CONTENT="gratia"/>
                  <SP HEIGHT="34" WIDTH="12" VPOS="760" HPOS="1020"/>
                  <String HEIGHT="34"
                          WIDTH="139"
                          VPOS="760"
                          HPOS="986"
                          CONTENT="adiutrix"/>
                  <SP HEIGHT="34" WIDTH="12" VPOS="760" HPOS="1125"/>
                  <String HEIGHT="34" WIDTH="70" VPOS="760" HPOS="1090" CONTENT="et"/>
                  <SP HEIGHT="34" WIDTH="12" VPOS="760" HPOS="1159"/>
                  <String HEIGHT="34"
                          WIDTH="104"
                          VPOS="760"
                          HPOS="1125"
                          CONTENT="omnis"/>
                  <SP HEIGHT="34" WIDTH="12" VPOS="760" HPOS="1229"/>
                  <String HEIGHT="34"
                          WIDTH="116"
                          VPOS="760"
                          HPOS="1194"
                          CONTENT="vertus"/>
                  <SP HEIGHT="34" WIDTH="12" VPOS="760" HPOS="1310"/>
                  <String HEIGHT="34" WIDTH="70" VPOS="760" HPOS="1275" CONTENT="et"/>
                  <SP HEIGHT="34" WIDTH="12" VPOS="760" HPOS="1345"/>
                  <String HEIGHT="34" WIDTH="81" VPOS="760" HPOS="1310" CONTENT="non"/>
                  <SP HEIGHT="34" WIDTH="12" VPOS="760" HPOS="1391"/>
                  <String HEIGHT="34"
                          WIDTH="104"
                          VPOS="760"
                          HPOS="1345"
                          CONTENT="habenti"/>
               </TextLine>
               <TextLine ID="r1l41"
                         BASELINE="824"
                         HEIGHT="34"
                         WIDTH="614"
                         VPOS="790"
                         HPOS="834">
                  <String HEIGHT="34"
                          WIDTH="151"
                          VPOS="790"
                          HPOS="822"
                          CONTENT="confertur"/>
                  <SP HEIGHT="34" WIDTH="12" VPOS="790" HPOS="973"/>
                  <String HEIGHT="34"
                          WIDTH="127"
                          VPOS="790"
                          HPOS="938"
                          CONTENT="nouiter"/>
                  <SP HEIGHT="34" WIDTH="12" VPOS="790" HPOS="1066"/>
                  <String HEIGHT="34"
                          WIDTH="93"
                          VPOS="790"
                          HPOS="1031"
                          CONTENT="etc."/>
                  <SP HEIGHT="34" WIDTH="12" VPOS="790" HPOS="1124"/>
                  <String HEIGHT="34"
                          WIDTH="93"
                          VPOS="790"
                          HPOS="1089"
                          CONTENT="vide"/>
                  <SP HEIGHT="34" WIDTH="12" VPOS="790" HPOS="1182"/>
                  <String HEIGHT="34"
                          WIDTH="93"
                          VPOS="790"
                          HPOS="1147"
                          CONTENT="ibi."/>
                  <SP HEIGHT="34" WIDTH="12" VPOS="790" HPOS="1239"/>
                  <String HEIGHT="34" WIDTH="70" VPOS="790" HPOS="1205" CONTENT="Et"/>
                  <SP HEIGHT="34" WIDTH="12" VPOS="790" HPOS="1274"/>
                  <String HEIGHT="34" WIDTH="70" VPOS="790" HPOS="1239" CONTENT="de"/>
                  <SP HEIGHT="34" WIDTH="12" VPOS="790" HPOS="1309"/>
                  <String HEIGHT="34"
                          WIDTH="127"
                          VPOS="790"
                          HPOS="1274"
                          CONTENT="vtroque"/>
                  <SP HEIGHT="34" WIDTH="12" VPOS="790" HPOS="1402"/>
                  <String HEIGHT="34"
                          WIDTH="93"
                          VPOS="790"
                          HPOS="1355"
                          CONTENT="sacra"
                          SUBS_TYPE="HypPart1"
                          SUBS_CONTENT="sacramento"/>
                  <HYP CONTENT="-"/>
               </TextLine>
               <TextLine ID="r1l43"
                         BASELINE="851"
                         HEIGHT="37"
                         WIDTH="608"
                         VPOS="814"
                         HPOS="841">
                  <String HEIGHT="37"
                          WIDTH="109"
                          VPOS="814"
                          HPOS="829"
                          CONTENT="mento"
                          SUBS_TYPE="HypPart2"
                          SUBS_CONTENT="sacramento"/>
                  <SP HEIGHT="37" WIDTH="12" VPOS="814" HPOS="938"/>
                  <String HEIGHT="37"
                          WIDTH="109"
                          VPOS="814"
                          HPOS="902"
                          CONTENT="simul"/>
                  <SP HEIGHT="37" WIDTH="12" VPOS="814" HPOS="1011"/>
                  <String HEIGHT="37"
                          WIDTH="109"
                          VPOS="814"
                          HPOS="975"
                          CONTENT="dicit"/>
                  <SP HEIGHT="37" WIDTH="12" VPOS="814" HPOS="1084"/>
                  <String HEIGHT="37"
                          WIDTH="134"
                          VPOS="814"
                          HPOS="1048"
                          CONTENT="rabanus"/>
                  <SP HEIGHT="37" WIDTH="12" VPOS="814" HPOS="1181"/>
                  <String HEIGHT="37" WIDTH="73" VPOS="814" HPOS="1145" CONTENT="et"/>
                  <SP HEIGHT="37" WIDTH="12" VPOS="814" HPOS="1218"/>
                  <String HEIGHT="37"
                          WIDTH="134"
                          VPOS="814"
                          HPOS="1181"
                          CONTENT="allegat"/>
                  <SP HEIGHT="37" WIDTH="12" VPOS="814" HPOS="1315"/>
                  <String HEIGHT="37"
                          WIDTH="122"
                          VPOS="814"
                          HPOS="1279"
                          CONTENT="ibidem"/>
                  <SP HEIGHT="37" WIDTH="12" VPOS="814" HPOS="1400"/>
                  <String HEIGHT="37" WIDTH="85" VPOS="814" HPOS="1364" CONTENT="di."/>
                  <SP HEIGHT="37" WIDTH="12" VPOS="814" HPOS="1449"/>
                  <String HEIGHT="37" WIDTH="61" VPOS="814" HPOS="1413" CONTENT="7"/>
                  <SP HEIGHT="37" WIDTH="12" VPOS="814" HPOS="1473"/>
                  <String HEIGHT="37" WIDTH="24" VPOS="814" HPOS="1425" CONTENT=""/>
               </TextLine>
               <TextLine ID="r1l46"
                         BASELINE="873"
                         HEIGHT="27"
                         WIDTH="613"
                         VPOS="846"
                         HPOS="834">
                  <String HEIGHT="27" WIDTH="66" VPOS="846" HPOS="823" CONTENT="et"/>
                  <SP HEIGHT="27" WIDTH="11" VPOS="846" HPOS="889"/>
                  <String HEIGHT="27"
                          WIDTH="120"
                          VPOS="846"
                          HPOS="856"
                          CONTENT="ponitur"/>
                  <SP HEIGHT="27" WIDTH="11" VPOS="846" HPOS="976"/>
                  <String HEIGHT="27" WIDTH="77" VPOS="846" HPOS="943" CONTENT="di."/>
                  <SP HEIGHT="27" WIDTH="11" VPOS="846" HPOS="1020"/>
                  <String HEIGHT="27"
                          WIDTH="109"
                          VPOS="846"
                          HPOS="987"
                          CONTENT="quinta"/>
                  <SP HEIGHT="27" WIDTH="11" VPOS="846" HPOS="1097"/>
                  <String HEIGHT="27" WIDTH="66" VPOS="846" HPOS="1064" CONTENT="de"/>
                  <SP HEIGHT="27" WIDTH="11" VPOS="846" HPOS="1130"/>
                  <String HEIGHT="27"
                          WIDTH="109"
                          VPOS="846"
                          HPOS="1097"
                          CONTENT="conse."/>
                  <SP HEIGHT="27" WIDTH="11" VPOS="846" HPOS="1206"/>
                  <String HEIGHT="27" WIDTH="77" VPOS="846" HPOS="1173" CONTENT="ca."/>
                  <SP HEIGHT="27" WIDTH="11" VPOS="846" HPOS="1250"/>
                  <String HEIGHT="27"
                          WIDTH="142"
                          VPOS="846"
                          HPOS="1217"
                          CONTENT="nouissime"/>
                  <SP HEIGHT="27" WIDTH="11" VPOS="846" HPOS="1359"/>
                  <String HEIGHT="27" WIDTH="66" VPOS="846" HPOS="1327" CONTENT="in"/>
                  <SP HEIGHT="27" WIDTH="11" VPOS="846" HPOS="1392"/>
                  <String HEIGHT="27"
                          WIDTH="99"
                          VPOS="846"
                          HPOS="1348"
                          CONTENT="vnctio"
                          SUBS_TYPE="HypPart1"
                          SUBS_CONTENT="vnctione"/>
                  <HYP CONTENT="-"/>
               </TextLine>
               <TextLine ID="r1l48"
                         BASELINE="904"
                         HEIGHT="31"
                         WIDTH="610"
                         VPOS="873"
                         HPOS="838">
                  <String HEIGHT="31"
                          WIDTH="61"
                          VPOS="873"
                          HPOS="828"
                          CONTENT="ne"
                          SUBS_TYPE="HypPart2"
                          SUBS_CONTENT="vnctione"/>
                  <SP HEIGHT="31" WIDTH="10" VPOS="873" HPOS="889"/>
                  <String HEIGHT="31"
                          WIDTH="122"
                          VPOS="873"
                          HPOS="858"
                          CONTENT="baptismi"/>
                  <SP HEIGHT="31" WIDTH="10" VPOS="873" HPOS="980"/>
                  <String HEIGHT="31" WIDTH="81" VPOS="873" HPOS="950" CONTENT="dict"/>
                  <SP HEIGHT="31" WIDTH="10" VPOS="873" HPOS="1031"/>
                  <String HEIGHT="31"
                          WIDTH="122"
                          VPOS="873"
                          HPOS="1001"
                          CONTENT="spiritus"/>
                  <SP HEIGHT="31" WIDTH="10" VPOS="873" HPOS="1123"/>
                  <String HEIGHT="31"
                          WIDTH="112"
                          VPOS="873"
                          HPOS="1092"
                          CONTENT="sanctus"/>
                  <SP HEIGHT="31" WIDTH="10" VPOS="873" HPOS="1204"/>
                  <String HEIGHT="31"
                          WIDTH="142"
                          VPOS="873"
                          HPOS="1174"
                          CONTENT="descendere"/>
                  <SP HEIGHT="31" WIDTH="10" VPOS="873" HPOS="1316"/>
                  <String HEIGHT="31" WIDTH="61" VPOS="873" HPOS="1285" CONTENT="ad"/>
                  <SP HEIGHT="31" WIDTH="10" VPOS="873" HPOS="1346"/>
                  <String HEIGHT="31"
                          WIDTH="142"
                          VPOS="873"
                          HPOS="1306"
                          CONTENT="habitationem"/>
               </TextLine>
               <TextLine ID="r1l50"
                         BASELINE="938"
                         HEIGHT="36"
                         WIDTH="610"
                         VPOS="902"
                         HPOS="833">
                  <String HEIGHT="36" WIDTH="89" VPOS="902" HPOS="820" CONTENT="deo"/>
                  <SP HEIGHT="36" WIDTH="13" VPOS="902" HPOS="909"/>
                  <String HEIGHT="36"
                          WIDTH="203"
                          VPOS="902"
                          HPOS="871"
                          CONTENT="consecrandam"/>
                  <SP HEIGHT="36" WIDTH="13" VPOS="902" HPOS="1074"/>
                  <String HEIGHT="36" WIDTH="76" VPOS="902" HPOS="1036" CONTENT="in"/>
                  <SP HEIGHT="36" WIDTH="13" VPOS="902" HPOS="1113"/>
                  <String HEIGHT="36" WIDTH="89" VPOS="902" HPOS="1074" CONTENT="hac"/>
                  <SP HEIGHT="36" WIDTH="13" VPOS="902" HPOS="1163"/>
                  <String HEIGHT="36"
                          WIDTH="102"
                          VPOS="902"
                          HPOS="1125"
                          CONTENT="vero"/>
                  <SP HEIGHT="36" WIDTH="13" VPOS="902" HPOS="1227"/>
                  <String HEIGHT="36"
                          WIDTH="140"
                          VPOS="902"
                          HPOS="1189"
                          CONTENT="eiusdem"/>
                  <SP HEIGHT="36" WIDTH="13" VPOS="902" HPOS="1329"/>
                  <String HEIGHT="36"
                          WIDTH="165"
                          VPOS="902"
                          HPOS="1278"
                          CONTENT="septiformen"/>
               </TextLine>
               <TextLine ID="r1l52"
                         BASELINE="962"
                         HEIGHT="32"
                         WIDTH="609"
                         VPOS="930"
                         HPOS="834">
                  <String HEIGHT="32"
                          WIDTH="137"
                          VPOS="930"
                          HPOS="822"
                          CONTENT="gratiam"/>
                  <SP HEIGHT="32" WIDTH="12" VPOS="930" HPOS="958"/>
                  <String HEIGHT="32" WIDTH="87" VPOS="930" HPOS="921" CONTENT="aut"/>
                  <SP HEIGHT="32" WIDTH="12" VPOS="930" HPOS="1008"/>
                  <String HEIGHT="32"
                          WIDTH="186"
                          VPOS="930"
                          HPOS="971"
                          CONTENT="plenitudine"/>
                  <SP HEIGHT="32" WIDTH="12" VPOS="930" HPOS="1157"/>
                  <String HEIGHT="32"
                          WIDTH="99"
                          VPOS="930"
                          HPOS="1120"
                          CONTENT="omni"/>
                  <SP HEIGHT="32" WIDTH="12" VPOS="930" HPOS="1219"/>
                  <String HEIGHT="32"
                          WIDTH="186"
                          VPOS="930"
                          HPOS="1182"
                          CONTENT="sanctitatis"/>
                  <SP HEIGHT="32" WIDTH="12" VPOS="930" HPOS="1368"/>
                  <String HEIGHT="32" WIDTH="75" VPOS="930" HPOS="1331" CONTENT="et"/>
                  <SP HEIGHT="32" WIDTH="12" VPOS="930" HPOS="1406"/>
                  <String HEIGHT="32"
                          WIDTH="87"
                          VPOS="930"
                          HPOS="1356"
                          CONTENT="veri"
                          SUBS_TYPE="HypPart1"
                          SUBS_CONTENT="veritatis"/>
                  <HYP CONTENT="-"/>
               </TextLine>
               <TextLine ID="r1l54"
                         BASELINE="997"
                         HEIGHT="37"
                         WIDTH="602"
                         VPOS="960"
                         HPOS="836">
                  <String HEIGHT="37"
                          WIDTH="104"
                          VPOS="960"
                          HPOS="824"
                          CONTENT="tatis"
                          SUBS_TYPE="HypPart2"
                          SUBS_CONTENT="veritatis"/>
                  <SP HEIGHT="37" WIDTH="12" VPOS="960" HPOS="929"/>
                  <String HEIGHT="37"
                          WIDTH="116"
                          VPOS="960"
                          HPOS="894"
                          CONTENT="venire"/>
                  <SP HEIGHT="37" WIDTH="12" VPOS="960" HPOS="1010"/>
                  <String HEIGHT="37"
                          WIDTH="139"
                          VPOS="960"
                          HPOS="975"
                          CONTENT="hominem."/>
                  <SP HEIGHT="37" WIDTH="12" VPOS="960" HPOS="1114"/>
                  <String HEIGHT="37" WIDTH="69" VPOS="960" HPOS="1079" CONTENT="In"/>
                  <SP HEIGHT="37" WIDTH="12" VPOS="960" HPOS="1149"/>
                  <String HEIGHT="37"
                          WIDTH="93"
                          VPOS="960"
                          HPOS="1114"
                          CONTENT="ista"/>
                  <SP HEIGHT="37" WIDTH="12" VPOS="960" HPOS="1206"/>
                  <String HEIGHT="37"
                          WIDTH="151"
                          VPOS="960"
                          HPOS="1172"
                          CONTENT="questione"/>
                  <SP HEIGHT="37" WIDTH="12" VPOS="960" HPOS="1322"/>
                  <String HEIGHT="37" WIDTH="81" VPOS="960" HPOS="1288" CONTENT="est"/>
                  <SP HEIGHT="37" WIDTH="12" VPOS="960" HPOS="1369"/>
                  <String HEIGHT="37"
                          WIDTH="116"
                          VPOS="960"
                          HPOS="1322"
                          CONTENT="tenendum"/>
               </TextLine>
               <TextLine ID="r1l56"
                         BASELINE="1020"
                         HEIGHT="31"
                         WIDTH="600"
                         VPOS="989"
                         HPOS="841">
                  <String HEIGHT="31" WIDTH="92" VPOS="989" HPOS="829" CONTENT="quod"/>
                  <SP HEIGHT="31" WIDTH="12" VPOS="989" HPOS="922"/>
                  <String HEIGHT="31" WIDTH="81" VPOS="989" HPOS="887" CONTENT="sic"/>
                  <SP HEIGHT="31" WIDTH="12" VPOS="989" HPOS="968"/>
                  <String HEIGHT="31"
                          WIDTH="104"
                          VPOS="989"
                          HPOS="933"
                          CONTENT="sicut"/>
                  <SP HEIGHT="31" WIDTH="12" VPOS="989" HPOS="1037"/>
                  <String HEIGHT="31"
                          WIDTH="104"
                          VPOS="989"
                          HPOS="1003"
                          CONTENT="patet"/>
                  <SP HEIGHT="31" WIDTH="12" VPOS="989" HPOS="1106"/>
                  <String HEIGHT="31" WIDTH="81" VPOS="989" HPOS="1072" CONTENT="per"/>
                  <SP HEIGHT="31" WIDTH="12" VPOS="989" HPOS="1153"/>
                  <String HEIGHT="31" WIDTH="81" VPOS="989" HPOS="1118" CONTENT="ma."/>
                  <SP HEIGHT="31" WIDTH="12" VPOS="989" HPOS="1199"/>
                  <String HEIGHT="31" WIDTH="69" VPOS="989" HPOS="1164" CONTENT="et"/>
                  <SP HEIGHT="31" WIDTH="12" VPOS="989" HPOS="1233"/>
                  <String HEIGHT="31"
                          WIDTH="138"
                          VPOS="989"
                          HPOS="1199"
                          CONTENT="doctores"/>
                  <SP HEIGHT="31" WIDTH="12" VPOS="989" HPOS="1337"/>
                  <String HEIGHT="31"
                          WIDTH="150"
                          VPOS="989"
                          HPOS="1291"
                          CONTENT="communiter."/>
               </TextLine>
               <TextLine ID="r1l58"
                         BASELINE="1049"
                         HEIGHT="33"
                         WIDTH="604"
                         VPOS="1016"
                         HPOS="834">
                  <String HEIGHT="33" WIDTH="74" VPOS="1016" HPOS="819" CONTENT="⁋"/>
                  <SP HEIGHT="33" WIDTH="15" VPOS="1016" HPOS="893"/>
                  <String HEIGHT="33"
                          WIDTH="147"
                          VPOS="1016"
                          HPOS="849"
                          CONTENT="Primum"/>
                  <SP HEIGHT="33" WIDTH="15" VPOS="1016" HPOS="996"/>
                  <String HEIGHT="33"
                          WIDTH="162"
                          VPOS="1016"
                          HPOS="952"
                          CONTENT="dubium."/>
                  <SP HEIGHT="33" WIDTH="15" VPOS="1016" HPOS="1114"/>
                  <String HEIGHT="33" WIDTH="88" VPOS="1016" HPOS="1070" CONTENT="An"/>
                  <SP HEIGHT="33" WIDTH="15" VPOS="1016" HPOS="1158"/>
                  <String HEIGHT="33"
                          WIDTH="118"
                          VPOS="1016"
                          HPOS="1114"
                          CONTENT="puer"/>
                  <SP HEIGHT="33" WIDTH="15" VPOS="1016" HPOS="1232"/>
                  <String HEIGHT="33"
                          WIDTH="206"
                          VPOS="1016"
                          HPOS="1188"
                          CONTENT="baptizatus"/>
                  <SP HEIGHT="33" WIDTH="15" VPOS="1016" HPOS="1394"/>
                  <String HEIGHT="33"
                          WIDTH="103"
                          VPOS="1016"
                          HPOS="1335"
                          CONTENT="forma"/>
               </TextLine>
               <TextLine ID="r1l60"
                         BASELINE="1076"
                         HEIGHT="34"
                         WIDTH="601"
                         VPOS="1042"
                         HPOS="836">
                  <String HEIGHT="34"
                          WIDTH="131"
                          VPOS="1042"
                          HPOS="825"
                          CONTENT="ecclesie"/>
                  <SP HEIGHT="34" WIDTH="11" VPOS="1042" HPOS="956"/>
                  <String HEIGHT="34" WIDTH="66" VPOS="1042" HPOS="923" CONTENT="ab"/>
                  <SP HEIGHT="34" WIDTH="11" VPOS="1042" HPOS="989"/>
                  <String HEIGHT="34"
                          WIDTH="131"
                          VPOS="1042"
                          HPOS="956"
                          CONTENT="infideli"/>
                  <SP HEIGHT="34" WIDTH="11" VPOS="1042" HPOS="1087"/>
                  <String HEIGHT="34"
                          WIDTH="131"
                          VPOS="1042"
                          HPOS="1055"
                          CONTENT="recipiat"/>
                  <SP HEIGHT="34" WIDTH="11" VPOS="1042" HPOS="1186"/>
                  <String HEIGHT="34"
                          WIDTH="120"
                          VPOS="1042"
                          HPOS="1153"
                          CONTENT="gratiam"/>
                  <SP HEIGHT="34" WIDTH="11" VPOS="1042" HPOS="1273"/>
                  <String HEIGHT="34" WIDTH="66" VPOS="1042" HPOS="1240" CONTENT="et"/>
                  <SP HEIGHT="34" WIDTH="11" VPOS="1042" HPOS="1306"/>
                  <String HEIGHT="34"
                          WIDTH="153"
                          VPOS="1042"
                          HPOS="1273"
                          CONTENT="charitatem"/>
                  <SP HEIGHT="34" WIDTH="11" VPOS="1042" HPOS="1426"/>
                  <String HEIGHT="34"
                          WIDTH="55"
                          VPOS="1042"
                          HPOS="1382"
                          CONTENT="ba"
                          SUBS_TYPE="HypPart1"
                          SUBS_CONTENT="baptismi"/>
                  <HYP CONTENT="-"/>
               </TextLine>
               <TextLine ID="r1l62"
                         BASELINE="1107"
                         HEIGHT="34"
                         WIDTH="599"
                         VPOS="1073"
                         HPOS="839">
                  <String HEIGHT="34"
                          WIDTH="105"
                          VPOS="1073"
                          HPOS="828"
                          CONTENT="ptismi"
                          SUBS_TYPE="HypPart2"
                          SUBS_CONTENT="baptismi"/>
                  <SP HEIGHT="34" WIDTH="11" VPOS="1073" HPOS="934"/>
                  <String HEIGHT="34"
                          WIDTH="84"
                          VPOS="1073"
                          HPOS="902"
                          CONTENT="quod"/>
                  <SP HEIGHT="34" WIDTH="11" VPOS="1073" HPOS="986"/>
                  <String HEIGHT="34" WIDTH="74" VPOS="1073" HPOS="955" CONTENT="sic"/>
                  <SP HEIGHT="34" WIDTH="11" VPOS="1073" HPOS="1028"/>
                  <String HEIGHT="34"
                          WIDTH="95"
                          VPOS="1073"
                          HPOS="997"
                          CONTENT="patet"/>
                  <SP HEIGHT="34" WIDTH="11" VPOS="1073" HPOS="1091"/>
                  <String HEIGHT="34" WIDTH="63" VPOS="1073" HPOS="1060" CONTENT="q."/>
                  <SP HEIGHT="34" WIDTH="11" VPOS="1073" HPOS="1123"/>
                  <String HEIGHT="34" WIDTH="63" VPOS="1073" HPOS="1091" CONTENT="p."/>
                  <SP HEIGHT="34" WIDTH="11" VPOS="1073" HPOS="1154"/>
                  <String HEIGHT="34" WIDTH="63" VPOS="1073" HPOS="1123" CONTENT="Si"/>
                  <SP HEIGHT="34" WIDTH="11" VPOS="1073" HPOS="1186"/>
                  <String HEIGHT="34"
                          WIDTH="84"
                          VPOS="1073"
                          HPOS="1154"
                          CONTENT="quis"/>
                  <SP HEIGHT="34" WIDTH="11" VPOS="1073" HPOS="1238"/>
                  <String HEIGHT="34"
                          WIDTH="74"
                          VPOS="1073"
                          HPOS="1207"
                          CONTENT="per"/>
                  <SP HEIGHT="34" WIDTH="11" VPOS="1073" HPOS="1280"/>
                  <String HEIGHT="34"
                          WIDTH="158"
                          VPOS="1073"
                          HPOS="1249"
                          CONTENT="ignorantiam"/>
                  <SP HEIGHT="34" WIDTH="11" VPOS="1073" HPOS="1406"/>
                  <String HEIGHT="34" WIDTH="63" VPOS="1073" HPOS="1375" CONTENT="et"/>
                  <SP HEIGHT="34" WIDTH="11" VPOS="1073" HPOS="1438"/>
                  <String HEIGHT="34" WIDTH="42" VPOS="1073" HPOS="1396" CONTENT="de"/>
               </TextLine>
               <TextLine ID="r1l64"
                         BASELINE="1138"
                         HEIGHT="34"
                         WIDTH="599"
                         VPOS="1104"
                         HPOS="840">
                  <String HEIGHT="34"
                          WIDTH="182"
                          VPOS="1104"
                          HPOS="829"
                          CONTENT="consecratione"/>
                  <SP HEIGHT="34" WIDTH="11" VPOS="1104" HPOS="1011"/>
                  <String HEIGHT="34" WIDTH="75" VPOS="1104" HPOS="979" CONTENT="di."/>
                  <SP HEIGHT="34" WIDTH="11" VPOS="1104" HPOS="1054"/>
                  <String HEIGHT="34" WIDTH="53" VPOS="1104" HPOS="1022" CONTENT="4"/>
                  <SP HEIGHT="34" WIDTH="11" VPOS="1104" HPOS="1075"/>
                  <String HEIGHT="34" WIDTH="64" VPOS="1104" HPOS="1043" CONTENT="ad"/>
                  <SP HEIGHT="34" WIDTH="11" VPOS="1104" HPOS="1107"/>
                  <String HEIGHT="34"
                          WIDTH="118"
                          VPOS="1104"
                          HPOS="1075"
                          CONTENT="romanos"/>
                  <SP HEIGHT="34" WIDTH="11" VPOS="1104" HPOS="1193"/>
                  <String HEIGHT="34" WIDTH="64" VPOS="1104" HPOS="1161" CONTENT="et"/>
                  <SP HEIGHT="34" WIDTH="11" VPOS="1104" HPOS="1225"/>
                  <String HEIGHT="34"
                          WIDTH="96"
                          VPOS="1104"
                          HPOS="1193"
                          CONTENT="ca.lo"/>
                  <SP HEIGHT="34" WIDTH="11" VPOS="1104" HPOS="1289"/>
                  <String HEIGHT="34"
                          WIDTH="107"
                          VPOS="1104"
                          HPOS="1257"
                          CONTENT="solet."/>
                  <SP HEIGHT="34" WIDTH="11" VPOS="1104" HPOS="1364"/>
                  <String HEIGHT="34"
                          WIDTH="118"
                          VPOS="1104"
                          HPOS="1321"
                          CONTENT="Contrari"
                          SUBS_TYPE="HypPart1"
                          SUBS_CONTENT="Contrarium"/>
                  <HYP CONTENT="-"/>
               </TextLine>
               <TextLine ID="r1l66"
                         BASELINE="1164"
                         HEIGHT="33"
                         WIDTH="611"
                         VPOS="1131"
                         HPOS="832">
                  <String HEIGHT="33"
                          WIDTH="64"
                          VPOS="1131"
                          HPOS="821"
                          CONTENT="um"
                          SUBS_TYPE="HypPart2"
                          SUBS_CONTENT="Contrarium"/>
                  <SP HEIGHT="33" WIDTH="11" VPOS="1131" HPOS="886"/>
                  <String HEIGHT="33"
                          WIDTH="118"
                          VPOS="1131"
                          HPOS="853"
                          CONTENT="videtur"/>
                  <SP HEIGHT="33" WIDTH="11" VPOS="1131" HPOS="971"/>
                  <String HEIGHT="33"
                          WIDTH="96"
                          VPOS="1131"
                          HPOS="939"
                          CONTENT="eadem"/>
                  <SP HEIGHT="33" WIDTH="11" VPOS="1131" HPOS="1036"/>
                  <String HEIGHT="33"
                          WIDTH="75"
                          VPOS="1131"
                          HPOS="1004"
                          CONTENT="di."/>
                  <SP HEIGHT="33" WIDTH="11" VPOS="1131" HPOS="1079"/>
                  <String HEIGHT="33"
                          WIDTH="86"
                          VPOS="1131"
                          HPOS="1046"
                          CONTENT="quod"/>
                  <SP HEIGHT="33" WIDTH="11" VPOS="1131" HPOS="1132"/>
                  <String HEIGHT="33" WIDTH="54" VPOS="1131" HPOS="1100" CONTENT="a"/>
                  <SP HEIGHT="33" WIDTH="11" VPOS="1131" HPOS="1154"/>
                  <String HEIGHT="33"
                          WIDTH="129"
                          VPOS="1131"
                          HPOS="1121"
                          CONTENT="paganis."/>
                  <SP HEIGHT="33" WIDTH="11" VPOS="1131" HPOS="1250"/>
                  <String HEIGHT="33"
                          WIDTH="75"
                          VPOS="1131"
                          HPOS="1218"
                          CONTENT="Sed"/>
                  <SP HEIGHT="33" WIDTH="11" VPOS="1131" HPOS="1293"/>
                  <String HEIGHT="33"
                          WIDTH="172"
                          VPOS="1131"
                          HPOS="1261"
                          CONTENT="intelligitur"/>
                  <SP HEIGHT="33" WIDTH="11" VPOS="1131" HPOS="1432"/>
                  <String HEIGHT="33"
                          WIDTH="54"
                          VPOS="1131"
                          HPOS="1389"
                          CONTENT="vbi"/>
               </TextLine>
               <TextLine ID="r1l68"
                         BASELINE="1196"
                         HEIGHT="39"
                         WIDTH="611"
                         VPOS="1157"
                         HPOS="837">
                  <String HEIGHT="39"
                          WIDTH="104"
                          VPOS="1157"
                          HPOS="825"
                          CONTENT="forma"/>
                  <SP HEIGHT="39" WIDTH="12" VPOS="1157" HPOS="929"/>
                  <String HEIGHT="39"
                          WIDTH="138"
                          VPOS="1157"
                          HPOS="895"
                          CONTENT="ecclesie"/>
                  <SP HEIGHT="39" WIDTH="12" VPOS="1157" HPOS="1033"/>
                  <String HEIGHT="39" WIDTH="81" VPOS="1157" HPOS="998" CONTENT="non"/>
                  <SP HEIGHT="39" WIDTH="12" VPOS="1157" HPOS="1079"/>
                  <String HEIGHT="39"
                          WIDTH="115"
                          VPOS="1157"
                          HPOS="1045"
                          CONTENT="seruat"/>
                  <SP HEIGHT="39" WIDTH="12" VPOS="1157" HPOS="1160"/>
                  <String HEIGHT="39"
                          WIDTH="138"
                          VPOS="1157"
                          HPOS="1125"
                          CONTENT="secundum"/>
                  <SP HEIGHT="39" WIDTH="12" VPOS="1157" HPOS="1264"/>
                  <String HEIGHT="39"
                          WIDTH="92"
                          VPOS="1157"
                          HPOS="1229"
                          CONTENT="glo."/>
                  <SP HEIGHT="39" WIDTH="12" VPOS="1157" HPOS="1321"/>
                  <String HEIGHT="39"
                          WIDTH="81"
                          VPOS="1157"
                          HPOS="1287"
                          CONTENT="Io."/>
                  <SP HEIGHT="39" WIDTH="12" VPOS="1157" HPOS="1367"/>
                  <String HEIGHT="39"
                          WIDTH="81"
                          VPOS="1157"
                          HPOS="1333"
                          CONTENT="Sed"/>
                  <SP HEIGHT="39" WIDTH="12" VPOS="1157" HPOS="1413"/>
                  <String HEIGHT="39"
                          WIDTH="81"
                          VPOS="1157"
                          HPOS="1367"
                          CONTENT="dices"/>
               </TextLine>
               <TextLine ID="r1l70"
                         BASELINE="1223"
                         HEIGHT="38"
                         WIDTH="616"
                         VPOS="1185"
                         HPOS="833">
                  <String HEIGHT="38"
                          WIDTH="107"
                          VPOS="1185"
                          HPOS="820"
                          CONTENT="nemo"/>
                  <SP HEIGHT="38" WIDTH="13" VPOS="1185" HPOS="927"/>
                  <String HEIGHT="38" WIDTH="94" VPOS="1185" HPOS="887" CONTENT="dat"/>
                  <SP HEIGHT="38" WIDTH="13" VPOS="1185" HPOS="980"/>
                  <String HEIGHT="38"
                          WIDTH="107"
                          VPOS="1185"
                          HPOS="940"
                          CONTENT="quod"/>
                  <SP HEIGHT="38" WIDTH="13" VPOS="1185" HPOS="1047"/>
                  <String HEIGHT="38"
                          WIDTH="94"
                          VPOS="1185"
                          HPOS="1007"
                          CONTENT="non"/>
                  <SP HEIGHT="38" WIDTH="13" VPOS="1185" HPOS="1101"/>
                  <String HEIGHT="38"
                          WIDTH="134"
                          VPOS="1185"
                          HPOS="1061"
                          CONTENT="habet."/>
                  <SP HEIGHT="38" WIDTH="13" VPOS="1185" HPOS="1195"/>
                  <String HEIGHT="38" WIDTH="80" VPOS="1185" HPOS="1154" CONTENT="p."/>
                  <SP HEIGHT="38" WIDTH="13" VPOS="1185" HPOS="1235"/>
                  <String HEIGHT="38" WIDTH="80" VPOS="1185" HPOS="1195" CONTENT="q."/>
                  <SP HEIGHT="38" WIDTH="13" VPOS="1185" HPOS="1275"/>
                  <String HEIGHT="38"
                          WIDTH="187"
                          VPOS="1185"
                          HPOS="1235"
                          CONTENT="dyaberium."/>
                  <SP HEIGHT="38" WIDTH="13" VPOS="1185" HPOS="1422"/>
                  <String HEIGHT="38"
                          WIDTH="80"
                          VPOS="1185"
                          HPOS="1369"
                          CONTENT="Item"/>
               </TextLine>
               <TextLine ID="r1l72"
                         BASELINE="1253"
                         HEIGHT="33"
                         WIDTH="608"
                         VPOS="1220"
                         HPOS="835">
                  <String HEIGHT="33" WIDTH="64" VPOS="1220" HPOS="824" CONTENT="ve"/>
                  <SP HEIGHT="33" WIDTH="11" VPOS="1220" HPOS="888"/>
                  <String HEIGHT="33"
                          WIDTH="181"
                          VPOS="1220"
                          HPOS="856"
                          CONTENT="consecratione"/>
                  <SP HEIGHT="33" WIDTH="11" VPOS="1220" HPOS="1038"/>
                  <String HEIGHT="33"
                          WIDTH="75"
                          VPOS="1220"
                          HPOS="1006"
                          CONTENT="di."/>
                  <SP HEIGHT="33" WIDTH="11" VPOS="1220" HPOS="1080"/>
                  <String HEIGHT="33" WIDTH="53" VPOS="1220" HPOS="1048" CONTENT="4"/>
                  <SP HEIGHT="33" WIDTH="11" VPOS="1220" HPOS="1102"/>
                  <String HEIGHT="33"
                          WIDTH="107"
                          VPOS="1220"
                          HPOS="1070"
                          CONTENT="factum"/>
                  <SP HEIGHT="33" WIDTH="11" VPOS="1220" HPOS="1176"/>
                  <String HEIGHT="33"
                          WIDTH="96"
                          VPOS="1220"
                          HPOS="1144"
                          CONTENT="dicit"/>
                  <SP HEIGHT="33" WIDTH="11" VPOS="1220" HPOS="1240"/>
                  <String HEIGHT="33"
                          WIDTH="149"
                          VPOS="1220"
                          HPOS="1208"
                          CONTENT="augustinus"/>
                  <SP HEIGHT="33" WIDTH="11" VPOS="1220" HPOS="1358"/>
                  <String HEIGHT="33" WIDTH="64" VPOS="1220" HPOS="1326" CONTENT="in"/>
                  <SP HEIGHT="33" WIDTH="11" VPOS="1220" HPOS="1390"/>
                  <String HEIGHT="33"
                          WIDTH="96"
                          VPOS="1220"
                          HPOS="1347"
                          CONTENT="episto"
                          SUBS_TYPE="HypPart1"
                          SUBS_CONTENT="epistola"/>
                  <HYP CONTENT="-"/>
               </TextLine>
               <TextLine ID="r1l74"
                         BASELINE="1278"
                         HEIGHT="33"
                         WIDTH="602"
                         VPOS="1245"
                         HPOS="839">
                  <String HEIGHT="33"
                          WIDTH="69"
                          VPOS="1245"
                          HPOS="827"
                          CONTENT="la"
                          SUBS_TYPE="HypPart2"
                          SUBS_CONTENT="epistola"/>
                  <SP HEIGHT="33" WIDTH="12" VPOS="1245" HPOS="897"/>
                  <String HEIGHT="33" WIDTH="69" VPOS="1245" HPOS="862" CONTENT="ad"/>
                  <SP HEIGHT="33" WIDTH="12" VPOS="1245" HPOS="932"/>
                  <String HEIGHT="33"
                          WIDTH="162"
                          VPOS="1245"
                          HPOS="897"
                          CONTENT="fortunatum"/>
                  <SP HEIGHT="33" WIDTH="12" VPOS="1245" HPOS="1059"/>
                  <String HEIGHT="33"
                          WIDTH="93"
                          VPOS="1245"
                          HPOS="1024"
                          CONTENT="quod"/>
                  <SP HEIGHT="33" WIDTH="12" VPOS="1245" HPOS="1117"/>
                  <String HEIGHT="33"
                          WIDTH="162"
                          VPOS="1245"
                          HPOS="1082"
                          CONTENT="auctoritas"/>
                  <SP HEIGHT="33" WIDTH="12" VPOS="1245" HPOS="1244"/>
                  <String HEIGHT="33"
                          WIDTH="174"
                          VPOS="1245"
                          HPOS="1209"
                          CONTENT="traditionis"/>
                  <SP HEIGHT="33" WIDTH="12" VPOS="1245" HPOS="1383"/>
                  <String HEIGHT="33"
                          WIDTH="104"
                          VPOS="1245"
                          HPOS="1337"
                          CONTENT="baptis"
                          SUBS_TYPE="HypPart1"
                          SUBS_CONTENT="baptismi"/>
                  <HYP CONTENT="-"/>
               </TextLine>
               <TextLine ID="r1l76"
                         BASELINE="1312"
                         HEIGHT="40"
                         WIDTH="611"
                         VPOS="1272"
                         HPOS="839">
                  <String HEIGHT="40"
                          WIDTH="72"
                          VPOS="1272"
                          HPOS="827"
                          CONTENT="mi"
                          SUBS_TYPE="HypPart2"
                          SUBS_CONTENT="baptismi"/>
                  <SP HEIGHT="40" WIDTH="12" VPOS="1272" HPOS="899"/>
                  <String HEIGHT="40" WIDTH="84" VPOS="1272" HPOS="863" CONTENT="per"/>
                  <SP HEIGHT="40" WIDTH="12" VPOS="1272" HPOS="947"/>
                  <String HEIGHT="40"
                          WIDTH="132"
                          VPOS="1272"
                          HPOS="911"
                          CONTENT="dominim"/>
                  <SP HEIGHT="40" WIDTH="12" VPOS="1272" HPOS="1043"/>
                  <String HEIGHT="40" WIDTH="72" VPOS="1272" HPOS="1007" CONTENT="ad"/>
                  <SP HEIGHT="40" WIDTH="12" VPOS="1272" HPOS="1079"/>
                  <String HEIGHT="40"
                          WIDTH="156"
                          VPOS="1272"
                          HPOS="1043"
                          CONTENT="apostolos"/>
                  <SP HEIGHT="40" WIDTH="12" VPOS="1272" HPOS="1198"/>
                  <String HEIGHT="40"
                          WIDTH="84"
                          VPOS="1272"
                          HPOS="1162"
                          CONTENT="per"/>
                  <SP HEIGHT="40" WIDTH="12" VPOS="1272" HPOS="1246"/>
                  <String HEIGHT="40"
                          WIDTH="84"
                          VPOS="1272"
                          HPOS="1210"
                          CONTENT="eos"/>
                  <SP HEIGHT="40" WIDTH="12" VPOS="1272" HPOS="1294"/>
                  <String HEIGHT="40" WIDTH="72" VPOS="1272" HPOS="1258" CONTENT="in"/>
                  <SP HEIGHT="40" WIDTH="12" VPOS="1272" HPOS="1330"/>
                  <String HEIGHT="40"
                          WIDTH="156"
                          VPOS="1272"
                          HPOS="1294"
                          CONTENT="episcopos"/>
                  <SP HEIGHT="40" WIDTH="12" VPOS="1272" HPOS="1450"/>
                  <String HEIGHT="40" WIDTH="48" VPOS="1272" HPOS="1402" CONTENT="et"/>
               </TextLine>
               <TextLine ID="r1l78"
                         BASELINE="1338"
                         HEIGHT="37"
                         WIDTH="609"
                         VPOS="1301"
                         HPOS="839">
                  <String HEIGHT="37"
                          WIDTH="158"
                          VPOS="1301"
                          HPOS="828"
                          CONTENT="sacerdotes"/>
                  <SP HEIGHT="37" WIDTH="11" VPOS="1301" HPOS="986"/>
                  <String HEIGHT="37"
                          WIDTH="102"
                          VPOS="1301"
                          HPOS="952"
                          CONTENT="etiam"/>
                  <SP HEIGHT="37" WIDTH="11" VPOS="1301" HPOS="1053"/>
                  <String HEIGHT="37" WIDTH="68" VPOS="1301" HPOS="1019" CONTENT="et"/>
                  <SP HEIGHT="37" WIDTH="11" VPOS="1301" HPOS="1087"/>
                  <String HEIGHT="37" WIDTH="68" VPOS="1301" HPOS="1053" CONTENT="in"/>
                  <SP HEIGHT="37" WIDTH="11" VPOS="1301" HPOS="1121"/>
                  <String HEIGHT="37"
                          WIDTH="113"
                          VPOS="1301"
                          HPOS="1087"
                          CONTENT="laycos"/>
                  <SP HEIGHT="37" WIDTH="11" VPOS="1301" HPOS="1200"/>
                  <String HEIGHT="37" WIDTH="68" VPOS="1301" HPOS="1166" CONTENT="et"/>
                  <SP HEIGHT="37" WIDTH="11" VPOS="1301" HPOS="1234"/>
                  <String HEIGHT="37"
                          WIDTH="169"
                          VPOS="1301"
                          HPOS="1200"
                          CONTENT="Christianos"/>
                  <SP HEIGHT="37" WIDTH="11" VPOS="1301" HPOS="1369"/>
                  <String HEIGHT="37"
                          WIDTH="79"
                          VPOS="1301"
                          HPOS="1335"
                          CONTENT="sub"/>
                  <SP HEIGHT="37" WIDTH="11" VPOS="1301" HPOS="1414"/>
                  <String HEIGHT="37"
                          WIDTH="79"
                          VPOS="1301"
                          HPOS="1369"
                          CONTENT="eadem"/>
               </TextLine>
               <TextLine ID="r1l80"
                         BASELINE="1366"
                         HEIGHT="34"
                         WIDTH="612"
                         VPOS="1332"
                         HPOS="836">
                  <String HEIGHT="34"
                          WIDTH="125"
                          VPOS="1332"
                          HPOS="825"
                          CONTENT="origine"/>
                  <SP HEIGHT="34" WIDTH="11" VPOS="1332" HPOS="949"/>
                  <String HEIGHT="34" WIDTH="68" VPOS="1332" HPOS="915" CONTENT="et"/>
                  <SP HEIGHT="34" WIDTH="11" VPOS="1332" HPOS="983"/>
                  <String HEIGHT="34"
                          WIDTH="113"
                          VPOS="1332"
                          HPOS="949"
                          CONTENT="stirpe"/>
                  <SP HEIGHT="34" WIDTH="11" VPOS="1332" HPOS="1063"/>
                  <String HEIGHT="34"
                          WIDTH="136"
                          VPOS="1332"
                          HPOS="1029"
                          CONTENT="viuentes"/>
                  <SP HEIGHT="34" WIDTH="11" VPOS="1332" HPOS="1165"/>
                  <String HEIGHT="34"
                          WIDTH="79"
                          VPOS="1332"
                          HPOS="1131"
                          CONTENT="nec"/>
                  <SP HEIGHT="34" WIDTH="11" VPOS="1332" HPOS="1210"/>
                  <String HEIGHT="34"
                          WIDTH="102"
                          VPOS="1332"
                          HPOS="1176"
                          CONTENT="alios"/>
                  <SP HEIGHT="34" WIDTH="11" VPOS="1332" HPOS="1278"/>
                  <String HEIGHT="34"
                          WIDTH="79"
                          VPOS="1332"
                          HPOS="1244"
                          CONTENT="ibi"/>
                  <SP HEIGHT="34" WIDTH="11" VPOS="1332" HPOS="1323"/>
                  <String HEIGHT="34"
                          WIDTH="113"
                          VPOS="1332"
                          HPOS="1289"
                          CONTENT="tangit"/>
                  <SP HEIGHT="34" WIDTH="11" VPOS="1332" HPOS="1403"/>
                  <String HEIGHT="34" WIDTH="68" VPOS="1332" HPOS="1369" CONTENT="et"/>
                  <SP HEIGHT="34" WIDTH="11" VPOS="1332" HPOS="1437"/>
                  <String HEIGHT="34" WIDTH="68" VPOS="1332" HPOS="1403" CONTENT="in"/>
                  <SP HEIGHT="34" WIDTH="11" VPOS="1332" HPOS="1471"/>
                  <String HEIGHT="34" WIDTH="23" VPOS="1332" HPOS="1425" CONTENT=""/>
               </TextLine>
               <TextLine ID="r1l82"
                         BASELINE="1397"
                         HEIGHT="35"
                         WIDTH="617"
                         VPOS="1362"
                         HPOS="838">
                  <String HEIGHT="35"
                          WIDTH="126"
                          VPOS="1362"
                          HPOS="827"
                          CONTENT="exemplo"/>
                  <SP HEIGHT="35" WIDTH="11" VPOS="1362" HPOS="952"/>
                  <String HEIGHT="35"
                          WIDTH="137"
                          VPOS="1362"
                          HPOS="918"
                          CONTENT="sequenti"/>
                  <SP HEIGHT="35" WIDTH="11" VPOS="1362" HPOS="1055"/>
                  <String HEIGHT="35" WIDTH="69" VPOS="1362" HPOS="1021" CONTENT="in"/>
                  <SP HEIGHT="35" WIDTH="11" VPOS="1362" HPOS="1089"/>
                  <String HEIGHT="35"
                          WIDTH="91"
                          VPOS="1362"
                          HPOS="1055"
                          CONTENT="isto"/>
                  <SP HEIGHT="35" WIDTH="11" VPOS="1362" HPOS="1147"/>
                  <String HEIGHT="35"
                          WIDTH="137"
                          VPOS="1362"
                          HPOS="1112"
                          CONTENT="capitulo"/>
                  <SP HEIGHT="35" WIDTH="11" VPOS="1362" HPOS="1249"/>
                  <String HEIGHT="35"
                          WIDTH="103"
                          VPOS="1362"
                          HPOS="1215"
                          CONTENT="dicit"/>
                  <SP HEIGHT="35" WIDTH="11" VPOS="1362" HPOS="1318"/>
                  <String HEIGHT="35"
                          WIDTH="91"
                          VPOS="1362"
                          HPOS="1284"
                          CONTENT="quod"/>
                  <SP HEIGHT="35" WIDTH="11" VPOS="1362" HPOS="1375"/>
                  <String HEIGHT="35"
                          WIDTH="80"
                          VPOS="1362"
                          HPOS="1341"
                          CONTENT="sic"/>
                  <SP HEIGHT="35" WIDTH="11" VPOS="1362" HPOS="1421"/>
                  <String HEIGHT="35"
                          WIDTH="80"
                          VPOS="1362"
                          HPOS="1375"
                          CONTENT="dedit"/>
               </TextLine>
               <TextLine ID="r1l84"
                         BASELINE="1426"
                         HEIGHT="31"
                         WIDTH="612"
                         VPOS="1395"
                         HPOS="836">
                  <String HEIGHT="31"
                          WIDTH="96"
                          VPOS="1395"
                          HPOS="824"
                          CONTENT="quod"/>
                  <SP HEIGHT="31" WIDTH="12" VPOS="1395" HPOS="920"/>
                  <String HEIGHT="31"
                          WIDTH="168"
                          VPOS="1395"
                          HPOS="884"
                          CONTENT="acceperat."/>
                  <SP HEIGHT="31" WIDTH="12" VPOS="1395" HPOS="1052"/>
                  <String HEIGHT="31" WIDTH="60" VPOS="1395" HPOS="1016" CONTENT="⁋"/>
                  <SP HEIGHT="31" WIDTH="12" VPOS="1395" HPOS="1076"/>
                  <String HEIGHT="31"
                          WIDTH="180"
                          VPOS="1395"
                          HPOS="1040"
                          CONTENT="Respondetur"/>
                  <SP HEIGHT="31" WIDTH="12" VPOS="1395" HPOS="1220"/>
                  <String HEIGHT="31"
                          WIDTH="96"
                          VPOS="1395"
                          HPOS="1184"
                          CONTENT="quod"/>
                  <SP HEIGHT="31" WIDTH="12" VPOS="1395" HPOS="1280"/>
                  <String HEIGHT="31"
                          WIDTH="168"
                          VPOS="1395"
                          HPOS="1244"
                          CONTENT="baptisatus"/>
                  <SP HEIGHT="31" WIDTH="12" VPOS="1395" HPOS="1412"/>
                  <String HEIGHT="31" WIDTH="60" VPOS="1395" HPOS="1376" CONTENT="a"/>
                  <SP HEIGHT="31" WIDTH="12" VPOS="1395" HPOS="1436"/>
                  <String HEIGHT="31"
                          WIDTH="60"
                          VPOS="1395"
                          HPOS="1388"
                          CONTENT="pa"
                          SUBS_TYPE="HypPart1"
                          SUBS_CONTENT="pagano"/>
                  <HYP CONTENT="-"/>
               </TextLine>
               <TextLine ID="r1l86"
                         BASELINE="1452"
                         HEIGHT="34"
                         WIDTH="604"
                         VPOS="1418"
                         HPOS="840">
                  <String HEIGHT="34"
                          WIDTH="99"
                          VPOS="1418"
                          HPOS="828"
                          CONTENT="gano"
                          SUBS_TYPE="HypPart2"
                          SUBS_CONTENT="pagano"/>
                  <SP HEIGHT="34" WIDTH="12" VPOS="1418" HPOS="926"/>
                  <String HEIGHT="34"
                          WIDTH="99"
                          VPOS="1418"
                          HPOS="889"
                          CONTENT="vere"/>
                  <SP HEIGHT="34" WIDTH="12" VPOS="1418" HPOS="988"/>
                  <String HEIGHT="34"
                          WIDTH="136"
                          VPOS="1418"
                          HPOS="951"
                          CONTENT="recipit"/>
                  <SP HEIGHT="34" WIDTH="12" VPOS="1418" HPOS="1087"/>
                  <String HEIGHT="34"
                          WIDTH="185"
                          VPOS="1418"
                          HPOS="1050"
                          CONTENT="sacramentum"/>
                  <SP HEIGHT="34" WIDTH="12" VPOS="1418" HPOS="1234"/>
                  <String HEIGHT="34" WIDTH="74" VPOS="1418" HPOS="1197" CONTENT="et"/>
                  <SP HEIGHT="34" WIDTH="12" VPOS="1418" HPOS="1271"/>
                  <String HEIGHT="34"
                          WIDTH="86"
                          VPOS="1418"
                          HPOS="1234"
                          CONTENT="hoc"/>
                  <SP HEIGHT="34" WIDTH="12" VPOS="1418" HPOS="1321"/>
                  <String HEIGHT="34"
                          WIDTH="123"
                          VPOS="1418"
                          HPOS="1284"
                          CONTENT="posset"/>
                  <SP HEIGHT="34" WIDTH="12" VPOS="1418" HPOS="1407"/>
                  <String HEIGHT="34"
                          WIDTH="86"
                          VPOS="1418"
                          HPOS="1358"
                          CONTENT="intel"/>
               </TextLine>
               <TextLine ID="r1l88"
                         BASELINE="1482"
                         HEIGHT="35"
                         WIDTH="612"
                         VPOS="1447"
                         HPOS="840">
                  <String HEIGHT="35"
                          WIDTH="96"
                          VPOS="1447"
                          HPOS="828"
                          CONTENT="ligi"/>
                  <SP HEIGHT="35" WIDTH="12" VPOS="1447" HPOS="924"/>
                  <String HEIGHT="35"
                          WIDTH="108"
                          VPOS="1447"
                          HPOS="888"
                          CONTENT="iuxta"/>
                  <SP HEIGHT="35" WIDTH="12" VPOS="1447" HPOS="996"/>
                  <String HEIGHT="35"
                          WIDTH="108"
                          VPOS="1447"
                          HPOS="960"
                          CONTENT="multa"/>
                  <SP HEIGHT="35" WIDTH="12" VPOS="1447" HPOS="1068"/>
                  <String HEIGHT="35"
                          WIDTH="144"
                          VPOS="1447"
                          HPOS="1032"
                          CONTENT="capitula"/>
                  <SP HEIGHT="35" WIDTH="12" VPOS="1447" HPOS="1176"/>
                  <String HEIGHT="35" WIDTH="72" VPOS="1447" HPOS="1140" CONTENT="in"/>
                  <SP HEIGHT="35" WIDTH="12" VPOS="1447" HPOS="1212"/>
                  <String HEIGHT="35"
                          WIDTH="96"
                          VPOS="1447"
                          HPOS="1176"
                          CONTENT="casu"/>
                  <SP HEIGHT="35" WIDTH="12" VPOS="1447" HPOS="1272"/>
                  <String HEIGHT="35"
                          WIDTH="192"
                          VPOS="1447"
                          HPOS="1236"
                          CONTENT="necessitatis"/>
                  <SP HEIGHT="35" WIDTH="12" VPOS="1447" HPOS="1428"/>
                  <String HEIGHT="35"
                          WIDTH="72"
                          VPOS="1447"
                          HPOS="1380"
                          CONTENT="esti"/>
               </TextLine>
               <TextLine ID="r1l90"
                         BASELINE="1505"
                         HEIGHT="28"
                         WIDTH="613"
                         VPOS="1477"
                         HPOS="838">
                  <String HEIGHT="28" WIDTH="72" VPOS="1477" HPOS="826" CONTENT="mo"/>
                  <SP HEIGHT="28" WIDTH="12" VPOS="1477" HPOS="898"/>
                  <String HEIGHT="28"
                          WIDTH="108"
                          VPOS="1477"
                          HPOS="862"
                          CONTENT="tamen"/>
                  <SP HEIGHT="28" WIDTH="12" VPOS="1477" HPOS="970"/>
                  <String HEIGHT="28"
                          WIDTH="96"
                          VPOS="1477"
                          HPOS="934"
                          CONTENT="quod"/>
                  <SP HEIGHT="28" WIDTH="12" VPOS="1477" HPOS="1030"/>
                  <String HEIGHT="28"
                          WIDTH="144"
                          VPOS="1477"
                          HPOS="994"
                          CONTENT="ecclesia"/>
                  <SP HEIGHT="28" WIDTH="12" VPOS="1477" HPOS="1138"/>
                  <String HEIGHT="28"
                          WIDTH="180"
                          VPOS="1477"
                          HPOS="1102"
                          CONTENT="generaliter"/>
                  <SP HEIGHT="28" WIDTH="12" VPOS="1477" HPOS="1283"/>
                  <String HEIGHT="28"
                          WIDTH="108"
                          VPOS="1477"
                          HPOS="1247"
                          CONTENT="tales"/>
                  <SP HEIGHT="28" WIDTH="12" VPOS="1477" HPOS="1355"/>
                  <String HEIGHT="28"
                          WIDTH="144"
                          VPOS="1477"
                          HPOS="1307"
                          CONTENT="baptizatos"/>
               </TextLine>
               <TextLine ID="r1l92"
                         BASELINE="1536"
                         HEIGHT="33"
                         WIDTH="614"
                         VPOS="1503"
                         HPOS="835">
                  <String HEIGHT="33"
                          WIDTH="134"
                          VPOS="1503"
                          HPOS="824"
                          CONTENT="approbat"/>
                  <SP HEIGHT="33" WIDTH="11" VPOS="1503" HPOS="958"/>
                  <String HEIGHT="33" WIDTH="78" VPOS="1503" HPOS="924" CONTENT="nec"/>
                  <SP HEIGHT="33" WIDTH="11" VPOS="1503" HPOS="1002"/>
                  <String HEIGHT="33" WIDTH="67" VPOS="1503" HPOS="969" CONTENT="in"/>
                  <SP HEIGHT="33" WIDTH="11" VPOS="1503" HPOS="1036"/>
                  <String HEIGHT="33"
                          WIDTH="123"
                          VPOS="1503"
                          HPOS="1002"
                          CONTENT="talibus"/>
                  <SP HEIGHT="33" WIDTH="11" VPOS="1503" HPOS="1125"/>
                  <String HEIGHT="33"
                          WIDTH="78"
                          VPOS="1503"
                          HPOS="1092"
                          CONTENT="fit"/>
                  <SP HEIGHT="33" WIDTH="11" VPOS="1503" HPOS="1170"/>
                  <String HEIGHT="33"
                          WIDTH="156"
                          VPOS="1503"
                          HPOS="1136"
                          CONTENT="inquisitio"/>
                  <SP HEIGHT="33" WIDTH="11" VPOS="1503" HPOS="1293"/>
                  <String HEIGHT="33" WIDTH="67" VPOS="1503" HPOS="1259" CONTENT="in"/>
                  <SP HEIGHT="33" WIDTH="11" VPOS="1503" HPOS="1326"/>
                  <String HEIGHT="33"
                          WIDTH="89"
                          VPOS="1503"
                          HPOS="1293"
                          CONTENT="casu"/>
                  <SP HEIGHT="33" WIDTH="11" VPOS="1503" HPOS="1382"/>
                  <String HEIGHT="33"
                          WIDTH="112"
                          VPOS="1503"
                          HPOS="1337"
                          CONTENT="necessi"
                          SUBS_TYPE="HypPart1"
                          SUBS_CONTENT="necessitatis."/>
                  <HYP CONTENT="-"/>
               </TextLine>
               <TextLine ID="r1l94"
                         BASELINE="1565"
                         HEIGHT="34"
                         WIDTH="609"
                         VPOS="1531"
                         HPOS="838">
                  <String HEIGHT="34"
                          WIDTH="130"
                          VPOS="1531"
                          HPOS="825"
                          CONTENT="tatis."
                          SUBS_TYPE="HypPart2"
                          SUBS_CONTENT="necessitatis."/>
                  <SP HEIGHT="34" WIDTH="13" VPOS="1531" HPOS="955"/>
                  <String HEIGHT="34" WIDTH="91" VPOS="1531" HPOS="916" CONTENT="Sed"/>
                  <SP HEIGHT="34" WIDTH="13" VPOS="1531" HPOS="1006"/>
                  <String HEIGHT="34" WIDTH="78" VPOS="1531" HPOS="968" CONTENT="de"/>
                  <SP HEIGHT="34" WIDTH="13" VPOS="1531" HPOS="1045"/>
                  <String HEIGHT="34"
                          WIDTH="117"
                          VPOS="1531"
                          HPOS="1006"
                          CONTENT="forma"/>
                  <SP HEIGHT="34" WIDTH="13" VPOS="1531" HPOS="1123"/>
                  <String HEIGHT="34"
                          WIDTH="155"
                          VPOS="1531"
                          HPOS="1084"
                          CONTENT="verborum"/>
                  <SP HEIGHT="34" WIDTH="13" VPOS="1531" HPOS="1240"/>
                  <String HEIGHT="34"
                          WIDTH="91"
                          VPOS="1531"
                          HPOS="1201"
                          CONTENT="vel"/>
                  <SP HEIGHT="34" WIDTH="13" VPOS="1531" HPOS="1292"/>
                  <String HEIGHT="34" WIDTH="78" VPOS="1531" HPOS="1253" CONTENT="de"/>
                  <SP HEIGHT="34" WIDTH="13" VPOS="1531" HPOS="1330"/>
                  <String HEIGHT="34"
                          WIDTH="143"
                          VPOS="1531"
                          HPOS="1292"
                          CONTENT="materia"/>
                  <SP HEIGHT="34" WIDTH="13" VPOS="1531" HPOS="1434"/>
                  <String HEIGHT="34"
                          WIDTH="65"
                          VPOS="1531"
                          HPOS="1382"
                          CONTENT="sa"
                          SUBS_TYPE="HypPart1"
                          SUBS_CONTENT="sacramenti"/>
                  <HYP CONTENT="-"/>
               </TextLine>
               <TextLine ID="r1l96"
                         BASELINE="1593"
                         HEIGHT="34"
                         WIDTH="606"
                         VPOS="1559"
                         HPOS="839">
                  <String HEIGHT="34"
                          WIDTH="148"
                          VPOS="1559"
                          HPOS="827"
                          CONTENT="cramenti"
                          SUBS_TYPE="HypPart2"
                          SUBS_CONTENT="sacramenti"/>
                  <SP HEIGHT="34" WIDTH="12" VPOS="1559" HPOS="975"/>
                  <String HEIGHT="34"
                          WIDTH="136"
                          VPOS="1559"
                          HPOS="938"
                          CONTENT="quamuis"/>
                  <SP HEIGHT="34" WIDTH="12" VPOS="1559" HPOS="1074"/>
                  <String HEIGHT="34"
                          WIDTH="111"
                          VPOS="1559"
                          HPOS="1037"
                          CONTENT="tales"/>
                  <SP HEIGHT="34" WIDTH="12" VPOS="1559" HPOS="1148"/>
                  <String HEIGHT="34"
                          WIDTH="136"
                          VPOS="1559"
                          HPOS="1111"
                          CONTENT="peccent"/>
                  <SP HEIGHT="34" WIDTH="12" VPOS="1559" HPOS="1247"/>
                  <String HEIGHT="34"
                          WIDTH="111"
                          VPOS="1559"
                          HPOS="1210"
                          CONTENT="extra"/>
                  <SP HEIGHT="34" WIDTH="12" VPOS="1559" HPOS="1321"/>
                  <String HEIGHT="34"
                          WIDTH="173"
                          VPOS="1559"
                          HPOS="1272"
                          CONTENT="necessitatem"/>
               </TextLine>
               <TextLine ID="r1l98"
                         BASELINE="1621"
                         HEIGHT="34"
                         WIDTH="613"
                         VPOS="1587"
                         HPOS="836">
                  <String HEIGHT="34"
                          WIDTH="223"
                          VPOS="1587"
                          HPOS="822"
                          CONTENT="baptizantes."/>
                  <SP HEIGHT="34" WIDTH="14" VPOS="1587" HPOS="1045"/>
                  <String HEIGHT="34" WIDTH="70" VPOS="1587" HPOS="1003" CONTENT="⁋"/>
                  <SP HEIGHT="34" WIDTH="14" VPOS="1587" HPOS="1073"/>
                  <String HEIGHT="34" WIDTH="84" VPOS="1587" HPOS="1031" CONTENT="Ad"/>
                  <SP HEIGHT="34" WIDTH="14" VPOS="1587" HPOS="1115"/>
                  <String HEIGHT="34"
                          WIDTH="195"
                          VPOS="1587"
                          HPOS="1073"
                          CONTENT="argumentum"/>
                  <SP HEIGHT="34" WIDTH="14" VPOS="1587" HPOS="1268"/>
                  <String HEIGHT="34" WIDTH="84" VPOS="1587" HPOS="1226" CONTENT="in"/>
                  <SP HEIGHT="34" WIDTH="14" VPOS="1587" HPOS="1310"/>
                  <String HEIGHT="34"
                          WIDTH="181"
                          VPOS="1587"
                          HPOS="1268"
                          CONTENT="oppositum"/>
                  <SP HEIGHT="34" WIDTH="14" VPOS="1587" HPOS="1449"/>
                  <String HEIGHT="34" WIDTH="56" VPOS="1587" HPOS="1393" CONTENT="ne"/>
               </TextLine>
               <TextLine ID="r1l100"
                         BASELINE="1650"
                         HEIGHT="32"
                         WIDTH="614"
                         VPOS="1618"
                         HPOS="832">
                  <String HEIGHT="32" WIDTH="64" VPOS="1618" HPOS="821" CONTENT="mo"/>
                  <SP HEIGHT="32" WIDTH="11" VPOS="1618" HPOS="885"/>
                  <String HEIGHT="32" WIDTH="74" VPOS="1618" HPOS="853" CONTENT="dat"/>
                  <SP HEIGHT="32" WIDTH="11" VPOS="1618" HPOS="927"/>
                  <String HEIGHT="32"
                          WIDTH="85"
                          VPOS="1618"
                          HPOS="896"
                          CONTENT="quod"/>
                  <SP HEIGHT="32" WIDTH="11" VPOS="1618" HPOS="980"/>
                  <String HEIGHT="32" WIDTH="74" VPOS="1618" HPOS="948" CONTENT="non"/>
                  <SP HEIGHT="32" WIDTH="11" VPOS="1618" HPOS="1023"/>
                  <String HEIGHT="32"
                          WIDTH="95"
                          VPOS="1618"
                          HPOS="991"
                          CONTENT="habet"/>
                  <SP HEIGHT="32" WIDTH="11" VPOS="1618" HPOS="1086"/>
                  <String HEIGHT="32"
                          WIDTH="95"
                          VPOS="1618"
                          HPOS="1054"
                          CONTENT="verum"/>
                  <SP HEIGHT="32" WIDTH="11" VPOS="1618" HPOS="1150"/>
                  <String HEIGHT="32"
                          WIDTH="74"
                          VPOS="1618"
                          HPOS="1118"
                          CONTENT="est"/>
                  <SP HEIGHT="32" WIDTH="11" VPOS="1618" HPOS="1192"/>
                  <String HEIGHT="32"
                          WIDTH="85"
                          VPOS="1618"
                          HPOS="1160"
                          CONTENT="quod"/>
                  <SP HEIGHT="32" WIDTH="11" VPOS="1618" HPOS="1245"/>
                  <String HEIGHT="32"
                          WIDTH="74"
                          VPOS="1618"
                          HPOS="1213"
                          CONTENT="non"/>
                  <SP HEIGHT="32" WIDTH="11" VPOS="1618" HPOS="1287"/>
                  <String HEIGHT="32"
                          WIDTH="95"
                          VPOS="1618"
                          HPOS="1255"
                          CONTENT="habet"/>
                  <SP HEIGHT="32" WIDTH="11" VPOS="1618" HPOS="1351"/>
                  <String HEIGHT="32"
                          WIDTH="138"
                          VPOS="1618"
                          HPOS="1308"
                          CONTENT="virtualiter"/>
               </TextLine>
               <TextLine ID="r1l102"
                         BASELINE="1678"
                         HEIGHT="33"
                         WIDTH="602"
                         VPOS="1645"
                         HPOS="840">
                  <String HEIGHT="33" WIDTH="77" VPOS="1645" HPOS="829" CONTENT="nec"/>
                  <SP HEIGHT="33" WIDTH="11" VPOS="1645" HPOS="906"/>
                  <String HEIGHT="33"
                          WIDTH="153"
                          VPOS="1645"
                          HPOS="873"
                          CONTENT="formaliter"/>
                  <SP HEIGHT="33" WIDTH="11" VPOS="1645" HPOS="1026"/>
                  <String HEIGHT="33"
                          WIDTH="120"
                          VPOS="1645"
                          HPOS="993"
                          CONTENT="paganus"/>
                  <SP HEIGHT="33" WIDTH="11" VPOS="1645" HPOS="1114"/>
                  <String HEIGHT="33"
                          WIDTH="99"
                          VPOS="1645"
                          HPOS="1081"
                          CONTENT="autem"/>
                  <SP HEIGHT="33" WIDTH="11" VPOS="1645" HPOS="1179"/>
                  <String HEIGHT="33"
                          WIDTH="99"
                          VPOS="1645"
                          HPOS="1146"
                          CONTENT="habet"/>
                  <SP HEIGHT="33" WIDTH="11" VPOS="1645" HPOS="1245"/>
                  <String HEIGHT="33"
                          WIDTH="99"
                          VPOS="1645"
                          HPOS="1212"
                          CONTENT="satis"/>
                  <SP HEIGHT="33" WIDTH="11" VPOS="1645" HPOS="1311"/>
                  <String HEIGHT="33"
                          WIDTH="131"
                          VPOS="1645"
                          HPOS="1278"
                          CONTENT="vertutem"/>
                  <SP HEIGHT="33" WIDTH="11" VPOS="1645" HPOS="1409"/>
                  <String HEIGHT="33"
                          WIDTH="77"
                          VPOS="1645"
                          HPOS="1365"
                          CONTENT="lauan"/>
               </TextLine>
               <TextLine ID="r1l104"
                         BASELINE="1711"
                         HEIGHT="37"
                         WIDTH="617"
                         VPOS="1674"
                         HPOS="834">
                  <String HEIGHT="37" WIDTH="73" VPOS="1674" HPOS="822" CONTENT="di"/>
                  <SP HEIGHT="37" WIDTH="12" VPOS="1674" HPOS="894"/>
                  <String HEIGHT="37" WIDTH="73" VPOS="1674" HPOS="858" CONTENT="et"/>
                  <SP HEIGHT="37" WIDTH="12" VPOS="1674" HPOS="931"/>
                  <String HEIGHT="37"
                          WIDTH="169"
                          VPOS="1674"
                          HPOS="894"
                          CONTENT="proferendi"/>
                  <SP HEIGHT="37" WIDTH="12" VPOS="1674" HPOS="1064"/>
                  <String HEIGHT="37"
                          WIDTH="109"
                          VPOS="1674"
                          HPOS="1028"
                          CONTENT="verba"/>
                  <SP HEIGHT="37" WIDTH="12" VPOS="1674" HPOS="1136"/>
                  <String HEIGHT="37"
                          WIDTH="206"
                          VPOS="1674"
                          HPOS="1100"
                          CONTENT="sacramentalia"/>
                  <SP HEIGHT="37" WIDTH="12" VPOS="1674" HPOS="1306"/>
                  <String HEIGHT="37"
                          WIDTH="85"
                          VPOS="1674"
                          HPOS="1270"
                          CONTENT="cum"/>
                  <SP HEIGHT="37" WIDTH="12" VPOS="1674" HPOS="1354"/>
                  <String HEIGHT="37"
                          WIDTH="145"
                          VPOS="1674"
                          HPOS="1306"
                          CONTENT="intentione"/>
               </TextLine>
               <TextLine ID="r1l106"
                         BASELINE="1733"
                         HEIGHT="32"
                         WIDTH="603"
                         VPOS="1701"
                         HPOS="839">
                  <String HEIGHT="32"
                          WIDTH="137"
                          VPOS="1701"
                          HPOS="828"
                          CONTENT="faciendi"/>
                  <SP HEIGHT="32" WIDTH="11" VPOS="1701" HPOS="964"/>
                  <String HEIGHT="32"
                          WIDTH="91"
                          VPOS="1701"
                          HPOS="930"
                          CONTENT="quod"/>
                  <SP HEIGHT="32" WIDTH="11" VPOS="1701" HPOS="1021"/>
                  <String HEIGHT="32"
                          WIDTH="102"
                          VPOS="1701"
                          HPOS="987"
                          CONTENT="facit"/>
                  <SP HEIGHT="32" WIDTH="11" VPOS="1701" HPOS="1089"/>
                  <String HEIGHT="32"
                          WIDTH="137"
                          VPOS="1701"
                          HPOS="1055"
                          CONTENT="ecclesia"/>
                  <SP HEIGHT="32" WIDTH="11" VPOS="1701" HPOS="1192"/>
                  <String HEIGHT="32"
                          WIDTH="102"
                          VPOS="1701"
                          HPOS="1158"
                          CONTENT="totum"/>
                  <SP HEIGHT="32" WIDTH="11" VPOS="1701" HPOS="1260"/>
                  <String HEIGHT="32"
                          WIDTH="137"
                          VPOS="1701"
                          HPOS="1226"
                          CONTENT="residuum"/>
                  <SP HEIGHT="32" WIDTH="11" VPOS="1701" HPOS="1362"/>
                  <String HEIGHT="32"
                          WIDTH="102"
                          VPOS="1701"
                          HPOS="1328"
                          CONTENT="facit"/>
                  <SP HEIGHT="32" WIDTH="11" VPOS="1701" HPOS="1431"/>
                  <String HEIGHT="32"
                          WIDTH="57"
                          VPOS="1701"
                          HPOS="1385"
                          CONTENT="de"
                          SUBS_TYPE="HypPart1"
                          SUBS_CONTENT="deus."/>
                  <HYP CONTENT="-"/>
               </TextLine>
               <TextLine ID="r1l108"
                         BASELINE="1769"
                         HEIGHT="38"
                         WIDTH="607"
                         VPOS="1731"
                         HPOS="841">
                  <String HEIGHT="38"
                          WIDTH="89"
                          VPOS="1731"
                          HPOS="828"
                          CONTENT="us."
                          SUBS_TYPE="HypPart2"
                          SUBS_CONTENT="deus."/>
                  <SP HEIGHT="38" WIDTH="13" VPOS="1731" HPOS="917"/>
                  <String HEIGHT="38" WIDTH="63" VPOS="1731" HPOS="879" CONTENT="⁋"/>
                  <SP HEIGHT="38" WIDTH="13" VPOS="1731" HPOS="942"/>
                  <String HEIGHT="38"
                          WIDTH="152"
                          VPOS="1731"
                          HPOS="904"
                          CONTENT="Secundum"/>
                  <SP HEIGHT="38" WIDTH="13" VPOS="1731" HPOS="1056"/>
                  <String HEIGHT="38"
                          WIDTH="126"
                          VPOS="1731"
                          HPOS="1018"
                          CONTENT="dubisi"/>
                  <SP HEIGHT="38" WIDTH="13" VPOS="1731" HPOS="1145"/>
                  <String HEIGHT="38"
                          WIDTH="139"
                          VPOS="1731"
                          HPOS="1107"
                          CONTENT="ponatur"/>
                  <SP HEIGHT="38" WIDTH="13" VPOS="1731" HPOS="1246"/>
                  <String HEIGHT="38"
                          WIDTH="101"
                          VPOS="1731"
                          HPOS="1208"
                          CONTENT="quod"/>
                  <SP HEIGHT="38" WIDTH="13" VPOS="1731" HPOS="1309"/>
                  <String HEIGHT="38"
                          WIDTH="139"
                          VPOS="1731"
                          HPOS="1271"
                          CONTENT="aliquis"/>
                  <SP HEIGHT="38" WIDTH="13" VPOS="1731" HPOS="1410"/>
                  <String HEIGHT="38"
                          WIDTH="89"
                          VPOS="1731"
                          HPOS="1359"
                          CONTENT="bapti"/>
               </TextLine>
               <TextLine ID="r1l110"
                         BASELINE="1791"
                         HEIGHT="32"
                         WIDTH="603"
                         VPOS="1759"
                         HPOS="842">
                  <String HEIGHT="32" WIDTH="81" VPOS="1759" HPOS="830" CONTENT="set"/>
                  <SP HEIGHT="32" WIDTH="12" VPOS="1759" HPOS="912"/>
                  <String HEIGHT="32"
                          WIDTH="116"
                          VPOS="1759"
                          HPOS="877"
                          CONTENT="puerum"/>
                  <SP HEIGHT="32" WIDTH="12" VPOS="1759" HPOS="993"/>
                  <String HEIGHT="32" WIDTH="81" VPOS="1759" HPOS="958" CONTENT="sub"/>
                  <SP HEIGHT="32" WIDTH="12" VPOS="1759" HPOS="1039"/>
                  <String HEIGHT="32"
                          WIDTH="162"
                          VPOS="1759"
                          HPOS="1004"
                          CONTENT="conditione"/>
                  <SP HEIGHT="32" WIDTH="12" VPOS="1759" HPOS="1167"/>
                  <String HEIGHT="32"
                          WIDTH="104"
                          VPOS="1759"
                          HPOS="1132"
                          CONTENT="tali."/>
                  <SP HEIGHT="32" WIDTH="12" VPOS="1759" HPOS="1236"/>
                  <String HEIGHT="32" WIDTH="70" VPOS="1759" HPOS="1201" CONTENT="Si"/>
                  <SP HEIGHT="32" WIDTH="12" VPOS="1759" HPOS="1271"/>
                  <String HEIGHT="32"
                          WIDTH="93"
                          VPOS="1759"
                          HPOS="1236"
                          CONTENT="cras"/>
                  <SP HEIGHT="32" WIDTH="12" VPOS="1759" HPOS="1329"/>
                  <String HEIGHT="32"
                          WIDTH="151"
                          VPOS="1759"
                          HPOS="1294"
                          CONTENT="placuerit"/>
                  <SP HEIGHT="32" WIDTH="12" VPOS="1759" HPOS="1445"/>
                  <String HEIGHT="32" WIDTH="46" VPOS="1759" HPOS="1399" CONTENT="pa"/>
               </TextLine>
               <TextLine ID="r1l112"
                         BASELINE="1822"
                         HEIGHT="30"
                         WIDTH="595"
                         VPOS="1792"
                         HPOS="840">
                  <String HEIGHT="30" WIDTH="74" VPOS="1792" HPOS="829" CONTENT="tri"/>
                  <SP HEIGHT="30" WIDTH="11" VPOS="1792" HPOS="904"/>
                  <String HEIGHT="30"
                          WIDTH="85"
                          VPOS="1792"
                          HPOS="872"
                          CONTENT="tuo."/>
                  <SP HEIGHT="30" WIDTH="11" VPOS="1792" HPOS="957"/>
                  <String HEIGHT="30" WIDTH="74" VPOS="1792" HPOS="925" CONTENT="Ego"/>
                  <SP HEIGHT="30" WIDTH="11" VPOS="1792" HPOS="999"/>
                  <String HEIGHT="30"
                          WIDTH="85"
                          VPOS="1792"
                          HPOS="968"
                          CONTENT="nunc"/>
                  <SP HEIGHT="30" WIDTH="11" VPOS="1792" HPOS="1053"/>
                  <String HEIGHT="30"
                          WIDTH="117"
                          VPOS="1792"
                          HPOS="1021"
                          CONTENT="baptizo"/>
                  <SP HEIGHT="30" WIDTH="11" VPOS="1792" HPOS="1138"/>
                  <String HEIGHT="30" WIDTH="64" VPOS="1792" HPOS="1106" CONTENT="te"/>
                  <SP HEIGHT="30" WIDTH="11" VPOS="1792" HPOS="1169"/>
                  <String HEIGHT="30" WIDTH="64" VPOS="1792" HPOS="1138" CONTENT="in"/>
                  <SP HEIGHT="30" WIDTH="11" VPOS="1792" HPOS="1201"/>
                  <String HEIGHT="30"
                          WIDTH="106"
                          VPOS="1792"
                          HPOS="1169"
                          CONTENT="nomine"/>
                  <SP HEIGHT="30" WIDTH="11" VPOS="1792" HPOS="1276"/>
                  <String HEIGHT="30"
                          WIDTH="74"
                          VPOS="1792"
                          HPOS="1244"
                          CONTENT="pa."/>
                  <SP HEIGHT="30" WIDTH="11" VPOS="1792" HPOS="1318"/>
                  <String HEIGHT="30" WIDTH="64" VPOS="1792" HPOS="1286" CONTENT="et"/>
                  <SP HEIGHT="30" WIDTH="11" VPOS="1792" HPOS="1350"/>
                  <String HEIGHT="30" WIDTH="64" VPOS="1792" HPOS="1318" CONTENT="fi"/>
                  <SP HEIGHT="30" WIDTH="11" VPOS="1792" HPOS="1382"/>
                  <String HEIGHT="30" WIDTH="64" VPOS="1792" HPOS="1350" CONTENT="et"/>
                  <SP HEIGHT="30" WIDTH="11" VPOS="1792" HPOS="1414"/>
                  <String HEIGHT="30"
                          WIDTH="64"
                          VPOS="1792"
                          HPOS="1371"
                          CONTENT="mori"/>
               </TextLine>
               <TextLine ID="r1l113"
                         BASELINE="1851"
                         HEIGHT="34"
                         WIDTH="607"
                         VPOS="1817"
                         HPOS="836">
                  <String HEIGHT="34"
                          WIDTH="99"
                          VPOS="1817"
                          HPOS="824"
                          CONTENT="atur"/>
                  <SP HEIGHT="34" WIDTH="12" VPOS="1817" HPOS="923"/>
                  <String HEIGHT="34"
                          WIDTH="124"
                          VPOS="1817"
                          HPOS="886"
                          CONTENT="statim"/>
                  <SP HEIGHT="34" WIDTH="12" VPOS="1817" HPOS="1009"/>
                  <String HEIGHT="34"
                          WIDTH="99"
                          VPOS="1817"
                          HPOS="972"
                          CONTENT="puer"/>
                  <SP HEIGHT="34" WIDTH="12" VPOS="1817" HPOS="1071"/>
                  <String HEIGHT="34"
                          WIDTH="99"
                          VPOS="1817"
                          HPOS="1034"
                          CONTENT="ante"/>
                  <SP HEIGHT="34" WIDTH="12" VPOS="1817" HPOS="1133"/>
                  <String HEIGHT="34"
                          WIDTH="161"
                          VPOS="1817"
                          HPOS="1096"
                          CONTENT="consensum"/>
                  <SP HEIGHT="34" WIDTH="12" VPOS="1817" HPOS="1257"/>
                  <String HEIGHT="34"
                          WIDTH="124"
                          VPOS="1817"
                          HPOS="1220"
                          CONTENT="patris"/>
                  <SP HEIGHT="34" WIDTH="12" VPOS="1817" HPOS="1344"/>
                  <String HEIGHT="34"
                          WIDTH="87"
                          VPOS="1817"
                          HPOS="1307"
                          CONTENT="aut"/>
                  <SP HEIGHT="34" WIDTH="12" VPOS="1817" HPOS="1393"/>
                  <String HEIGHT="34"
                          WIDTH="99"
                          VPOS="1817"
                          HPOS="1344"
                          CONTENT="igitur"/>
               </TextLine>
               <TextLine ID="r1l115"
                         BASELINE="1883"
                         HEIGHT="36"
                         WIDTH="610"
                         VPOS="1847"
                         HPOS="837">
                  <String HEIGHT="36"
                          WIDTH="153"
                          VPOS="1847"
                          HPOS="825"
                          CONTENT="baptismus"/>
                  <SP HEIGHT="36" WIDTH="12" VPOS="1847" HPOS="978"/>
                  <String HEIGHT="36"
                          WIDTH="141"
                          VPOS="1847"
                          HPOS="943"
                          CONTENT="contulit"/>
                  <SP HEIGHT="36" WIDTH="12" VPOS="1847" HPOS="1083"/>
                  <String HEIGHT="36"
                          WIDTH="129"
                          VPOS="1847"
                          HPOS="1048"
                          CONTENT="gratiam"/>
                  <SP HEIGHT="36" WIDTH="12" VPOS="1847" HPOS="1177"/>
                  <String HEIGHT="36"
                          WIDTH="82"
                          VPOS="1847"
                          HPOS="1142"
                          CONTENT="aut"/>
                  <SP HEIGHT="36" WIDTH="12" VPOS="1847" HPOS="1224"/>
                  <String HEIGHT="36"
                          WIDTH="94"
                          VPOS="1847"
                          HPOS="1189"
                          CONTENT="non."/>
                  <SP HEIGHT="36" WIDTH="12" VPOS="1847" HPOS="1283"/>
                  <String HEIGHT="36" WIDTH="70" VPOS="1847" HPOS="1248" CONTENT="si"/>
                  <SP HEIGHT="36" WIDTH="12" VPOS="1847" HPOS="1318"/>
                  <String HEIGHT="36"
                          WIDTH="82"
                          VPOS="1847"
                          HPOS="1283"
                          CONTENT="sic"/>
                  <SP HEIGHT="36" WIDTH="12" VPOS="1847" HPOS="1365"/>
                  <String HEIGHT="36"
                          WIDTH="117"
                          VPOS="1847"
                          HPOS="1330"
                          CONTENT="igitur"/>
                  <SP HEIGHT="36" WIDTH="12" VPOS="1847" HPOS="1447"/>
                  <String HEIGHT="36" WIDTH="47" VPOS="1847" HPOS="1400" CONTENT="an"/>
               </TextLine>
               <TextLine ID="r1l117"
                         BASELINE="1912"
                         HEIGHT="34"
                         WIDTH="610"
                         VPOS="1878"
                         HPOS="834">
                  <String HEIGHT="34" WIDTH="68" VPOS="1878" HPOS="823" CONTENT="te"/>
                  <SP HEIGHT="34" WIDTH="11" VPOS="1878" HPOS="890"/>
                  <String HEIGHT="34"
                          WIDTH="147"
                          VPOS="1878"
                          HPOS="857"
                          CONTENT="consensum"/>
                  <SP HEIGHT="34" WIDTH="11" VPOS="1878" HPOS="1003"/>
                  <String HEIGHT="34"
                          WIDTH="113"
                          VPOS="1878"
                          HPOS="970"
                          CONTENT="patris"/>
                  <SP HEIGHT="34" WIDTH="11" VPOS="1878" HPOS="1083"/>
                  <String HEIGHT="34"
                          WIDTH="79"
                          VPOS="1878"
                          HPOS="1049"
                          CONTENT="est"/>
                  <SP HEIGHT="34" WIDTH="11" VPOS="1878" HPOS="1128"/>
                  <String HEIGHT="34" WIDTH="68" VPOS="1878" HPOS="1094" CONTENT="in"/>
                  <SP HEIGHT="34" WIDTH="11" VPOS="1878" HPOS="1162"/>
                  <String HEIGHT="34"
                          WIDTH="90"
                          VPOS="1878"
                          HPOS="1128"
                          CONTENT="celo"/>
                  <SP HEIGHT="34" WIDTH="11" VPOS="1878" HPOS="1218"/>
                  <String HEIGHT="34" WIDTH="68" VPOS="1878" HPOS="1184" CONTENT="et"/>
                  <SP HEIGHT="34" WIDTH="11" VPOS="1878" HPOS="1252"/>
                  <String HEIGHT="34"
                          WIDTH="113"
                          VPOS="1878"
                          HPOS="1218"
                          CONTENT="postea"/>
                  <SP HEIGHT="34" WIDTH="11" VPOS="1878" HPOS="1331"/>
                  <String HEIGHT="34"
                          WIDTH="79"
                          VPOS="1878"
                          HPOS="1297"
                          CONTENT="est"/>
                  <SP HEIGHT="34" WIDTH="11" VPOS="1878" HPOS="1376"/>
                  <String HEIGHT="34"
                          WIDTH="113"
                          VPOS="1878"
                          HPOS="1331"
                          CONTENT="necessa"
                          SUBS_TYPE="HypPart1"
                          SUBS_CONTENT="necessarium"/>
                  <HYP CONTENT="-"/>
               </TextLine>
               <TextLine ID="r1l119"
                         BASELINE="1941"
                         HEIGHT="38"
                         WIDTH="606"
                         VPOS="1903"
                         HPOS="839">
                  <String HEIGHT="38"
                          WIDTH="101"
                          VPOS="1903"
                          HPOS="826"
                          CONTENT="rium"
                          SUBS_TYPE="HypPart2"
                          SUBS_CONTENT="necessarium"/>
                  <SP HEIGHT="38" WIDTH="13" VPOS="1903" HPOS="927"/>
                  <String HEIGHT="38"
                          WIDTH="101"
                          VPOS="1903"
                          HPOS="890"
                          CONTENT="quia"/>
                  <SP HEIGHT="38" WIDTH="13" VPOS="1903" HPOS="991"/>
                  <String HEIGHT="38"
                          WIDTH="164"
                          VPOS="1903"
                          HPOS="953"
                          CONTENT="equiualet"/>
                  <SP HEIGHT="38" WIDTH="13" VPOS="1903" HPOS="1117"/>
                  <String HEIGHT="38"
                          WIDTH="88"
                          VPOS="1903"
                          HPOS="1079"
                          CONTENT="vni"/>
                  <SP HEIGHT="38" WIDTH="13" VPOS="1903" HPOS="1167"/>
                  <String HEIGHT="38" WIDTH="76" VPOS="1903" HPOS="1129" CONTENT="oe"/>
                  <SP HEIGHT="38" WIDTH="13" VPOS="1903" HPOS="1205"/>
                  <String HEIGHT="38"
                          WIDTH="177"
                          VPOS="1903"
                          HPOS="1167"
                          CONTENT="preterito."/>
                  <SP HEIGHT="38" WIDTH="13" VPOS="1903" HPOS="1344"/>
                  <String HEIGHT="38"
                          WIDTH="88"
                          VPOS="1903"
                          HPOS="1306"
                          CONTENT="Sed"/>
                  <SP HEIGHT="38" WIDTH="13" VPOS="1903" HPOS="1395"/>
                  <String HEIGHT="38" WIDTH="76" VPOS="1903" HPOS="1357" CONTENT="in"/>
                  <SP HEIGHT="38" WIDTH="13" VPOS="1903" HPOS="1432"/>
                  <String HEIGHT="38"
                          WIDTH="63"
                          VPOS="1903"
                          HPOS="1382"
                          CONTENT="po"
                          SUBS_TYPE="HypPart1"
                          SUBS_CONTENT="potestate"/>
                  <HYP CONTENT="-"/>
               </TextLine>
               <TextLine ID="r1l121"
                         BASELINE="1962"
                         HEIGHT="29"
                         WIDTH="608"
                         VPOS="1933"
                         HPOS="836">
                  <String HEIGHT="29"
                          WIDTH="126"
                          VPOS="1933"
                          HPOS="825"
                          CONTENT="testate"
                          SUBS_TYPE="HypPart2"
                          SUBS_CONTENT="potestate"/>
                  <SP HEIGHT="29" WIDTH="11" VPOS="1933" HPOS="951"/>
                  <String HEIGHT="29"
                          WIDTH="115"
                          VPOS="1933"
                          HPOS="916"
                          CONTENT="patris"/>
                  <SP HEIGHT="29" WIDTH="11" VPOS="1933" HPOS="1031"/>
                  <String HEIGHT="29" WIDTH="80" VPOS="1933" HPOS="997" CONTENT="est"/>
                  <SP HEIGHT="29" WIDTH="11" VPOS="1933" HPOS="1077"/>
                  <String HEIGHT="29"
                          WIDTH="103"
                          VPOS="1933"
                          HPOS="1042"
                          CONTENT="talem"/>
                  <SP HEIGHT="29" WIDTH="11" VPOS="1933" HPOS="1146"/>
                  <String HEIGHT="29"
                          WIDTH="92"
                          VPOS="1933"
                          HPOS="1111"
                          CONTENT="post"/>
                  <SP HEIGHT="29" WIDTH="11" VPOS="1933" HPOS="1203"/>
                  <String HEIGHT="29"
                          WIDTH="115"
                          VPOS="1933"
                          HPOS="1169"
                          CONTENT="lapsum"/>
                  <SP HEIGHT="29" WIDTH="11" VPOS="1933" HPOS="1283"/>
                  <String HEIGHT="29"
                          WIDTH="138"
                          VPOS="1933"
                          HPOS="1249"
                          CONTENT="temporis"/>
                  <SP HEIGHT="29" WIDTH="11" VPOS="1933" HPOS="1387"/>
                  <String HEIGHT="29" WIDTH="69" VPOS="1933" HPOS="1352" CONTENT="in"/>
                  <SP HEIGHT="29" WIDTH="11" VPOS="1933" HPOS="1421"/>
                  <String HEIGHT="29"
                          WIDTH="69"
                          VPOS="1933"
                          HPOS="1375"
                          CONTENT="cra"
                          SUBS_TYPE="HypPart1"
                          SUBS_CONTENT="crastino"/>
                  <HYP CONTENT="-"/>
               </TextLine>
               <TextLine ID="r1l123"
                         BASELINE="1997"
                         HEIGHT="38"
                         WIDTH="603"
                         VPOS="1959"
                         HPOS="836">
                  <String HEIGHT="38"
                          WIDTH="106"
                          VPOS="1959"
                          HPOS="824"
                          CONTENT="stino"
                          SUBS_TYPE="HypPart2"
                          SUBS_CONTENT="crastino"/>
                  <SP HEIGHT="38" WIDTH="12" VPOS="1959" HPOS="931"/>
                  <String HEIGHT="38"
                          WIDTH="166"
                          VPOS="1959"
                          HPOS="895"
                          CONTENT="consentire"/>
                  <SP HEIGHT="38" WIDTH="12" VPOS="1959" HPOS="1061"/>
                  <String HEIGHT="38"
                          WIDTH="83"
                          VPOS="1959"
                          HPOS="1025"
                          CONTENT="vel"/>
                  <SP HEIGHT="38" WIDTH="12" VPOS="1959" HPOS="1108"/>
                  <String HEIGHT="38"
                          WIDTH="83"
                          VPOS="1959"
                          HPOS="1072"
                          CONTENT="non"/>
                  <SP HEIGHT="38" WIDTH="12" VPOS="1959" HPOS="1155"/>
                  <String HEIGHT="38" WIDTH="71" VPOS="1959" HPOS="1120" CONTENT="et"/>
                  <SP HEIGHT="38" WIDTH="12" VPOS="1959" HPOS="1191"/>
                  <String HEIGHT="38" WIDTH="71" VPOS="1959" HPOS="1155" CONTENT="si"/>
                  <SP HEIGHT="38" WIDTH="12" VPOS="1959" HPOS="1226"/>
                  <String HEIGHT="38"
                          WIDTH="106"
                          VPOS="1959"
                          HPOS="1191"
                          CONTENT="pater"/>
                  <SP HEIGHT="38" WIDTH="12" VPOS="1959" HPOS="1297"/>
                  <String HEIGHT="38"
                          WIDTH="83"
                          VPOS="1959"
                          HPOS="1262"
                          CONTENT="non"/>
                  <SP HEIGHT="38" WIDTH="12" VPOS="1959" HPOS="1344"/>
                  <String HEIGHT="38"
                          WIDTH="142"
                          VPOS="1959"
                          HPOS="1297"
                          CONTENT="consentiat"/>
               </TextLine>
               <TextLine ID="r1l125"
                         BASELINE="2023"
                         HEIGHT="34"
                         WIDTH="612"
                         VPOS="1989"
                         HPOS="835">
                  <String HEIGHT="34" WIDTH="82" VPOS="1989" HPOS="823" CONTENT="non"/>
                  <SP HEIGHT="34" WIDTH="12" VPOS="1989" HPOS="906"/>
                  <String HEIGHT="34" WIDTH="82" VPOS="1989" HPOS="870" CONTENT="est"/>
                  <SP HEIGHT="34" WIDTH="12" VPOS="1989" HPOS="953"/>
                  <String HEIGHT="34"
                          WIDTH="165"
                          VPOS="1989"
                          HPOS="917"
                          CONTENT="baptisatus"/>
                  <SP HEIGHT="34" WIDTH="12" VPOS="1989" HPOS="1082"/>
                  <String HEIGHT="34"
                          WIDTH="82"
                          VPOS="1989"
                          HPOS="1047"
                          CONTENT="nec"/>
                  <SP HEIGHT="34" WIDTH="12" VPOS="1989" HPOS="1129"/>
                  <String HEIGHT="34"
                          WIDTH="94"
                          VPOS="1989"
                          HPOS="1094"
                          CONTENT="fuit"/>
                  <SP HEIGHT="34" WIDTH="12" VPOS="1989" HPOS="1188"/>
                  <String HEIGHT="34"
                          WIDTH="94"
                          VPOS="1989"
                          HPOS="1153"
                          CONTENT="quia"/>
                  <SP HEIGHT="34" WIDTH="12" VPOS="1989" HPOS="1247"/>
                  <String HEIGHT="34"
                          WIDTH="153"
                          VPOS="1989"
                          HPOS="1212"
                          CONTENT="baptismus"/>
                  <SP HEIGHT="34" WIDTH="12" VPOS="1989" HPOS="1365"/>
                  <String HEIGHT="34"
                          WIDTH="94"
                          VPOS="1989"
                          HPOS="1329"
                          CONTENT="ille"/>
                  <SP HEIGHT="34" WIDTH="12" VPOS="1989" HPOS="1423"/>
                  <String HEIGHT="34"
                          WIDTH="82"
                          VPOS="1989"
                          HPOS="1388"
                          CONTENT="non"/>
                  <SP HEIGHT="34" WIDTH="12" VPOS="1989" HPOS="1471"/>
                  <String HEIGHT="34" WIDTH="24" VPOS="1989" HPOS="1423" CONTENT=""/>
               </TextLine>
               <TextLine ID="r1l127"
                         BASELINE="2054"
                         HEIGHT="32"
                         WIDTH="602"
                         VPOS="2022"
                         HPOS="836">
                  <String HEIGHT="32"
                          WIDTH="114"
                          VPOS="2022"
                          HPOS="826"
                          CONTENT="videtur"/>
                  <SP HEIGHT="32" WIDTH="10" VPOS="2022" HPOS="940"/>
                  <String HEIGHT="32"
                          WIDTH="104"
                          VPOS="2022"
                          HPOS="909"
                          CONTENT="firmus"/>
                  <SP HEIGHT="32" WIDTH="10" VPOS="2022" HPOS="1012"/>
                  <String HEIGHT="32" WIDTH="73" VPOS="2022" HPOS="981" CONTENT="non"/>
                  <SP HEIGHT="32" WIDTH="10" VPOS="2022" HPOS="1054"/>
                  <String HEIGHT="32"
                          WIDTH="104"
                          VPOS="2022"
                          HPOS="1023"
                          CONTENT="stante"/>
                  <SP HEIGHT="32" WIDTH="10" VPOS="2022" HPOS="1127"/>
                  <String HEIGHT="32"
                          WIDTH="135"
                          VPOS="2022"
                          HPOS="1095"
                          CONTENT="conditioe"/>
                  <SP HEIGHT="32" WIDTH="10" VPOS="2022" HPOS="1230"/>
                  <String HEIGHT="32"
                          WIDTH="93"
                          VPOS="2022"
                          HPOS="1199"
                          CONTENT="extra"/>
                  <SP HEIGHT="32" WIDTH="10" VPOS="2022" HPOS="1293"/>
                  <String HEIGHT="32" WIDTH="62" VPOS="2022" HPOS="1262" CONTENT="de"/>
                  <SP HEIGHT="32" WIDTH="10" VPOS="2022" HPOS="1324"/>
                  <String HEIGHT="32"
                          WIDTH="156"
                          VPOS="2022"
                          HPOS="1282"
                          CONTENT="conditionibus"/>
               </TextLine>
               <TextLine ID="r1l129"
                         BASELINE="2080"
                         HEIGHT="33"
                         WIDTH="606"
                         VPOS="2047"
                         HPOS="839">
                  <String HEIGHT="33"
                          WIDTH="149"
                          VPOS="2047"
                          HPOS="828"
                          CONTENT="appositis"/>
                  <SP HEIGHT="33" WIDTH="11" VPOS="2047" HPOS="976"/>
                  <String HEIGHT="33"
                          WIDTH="103"
                          VPOS="2047"
                          HPOS="942"
                          CONTENT="super"/>
                  <SP HEIGHT="33" WIDTH="11" VPOS="2047" HPOS="1045"/>
                  <String HEIGHT="33" WIDTH="69" VPOS="2047" HPOS="1011" CONTENT="et"/>
                  <SP HEIGHT="33" WIDTH="11" VPOS="2047" HPOS="1079"/>
                  <String HEIGHT="33"
                          WIDTH="103"
                          VPOS="2047"
                          HPOS="1045"
                          CONTENT="extra"/>
                  <SP HEIGHT="33" WIDTH="11" VPOS="2047" HPOS="1148"/>
                  <String HEIGHT="33" WIDTH="69" VPOS="2047" HPOS="1113" CONTENT="de"/>
                  <SP HEIGHT="33" WIDTH="11" VPOS="2047" HPOS="1182"/>
                  <String HEIGHT="33"
                          WIDTH="172"
                          VPOS="2047"
                          HPOS="1148"
                          CONTENT="sponsalibus"/>
                  <SP HEIGHT="33" WIDTH="11" VPOS="2047" HPOS="1319"/>
                  <String HEIGHT="33"
                          WIDTH="80"
                          VPOS="2047"
                          HPOS="1285"
                          CONTENT="li."/>
                  <SP HEIGHT="33" WIDTH="11" VPOS="2047" HPOS="1365"/>
                  <String HEIGHT="33" WIDTH="57" VPOS="2047" HPOS="1331" CONTENT="6"/>
                  <SP HEIGHT="33" WIDTH="11" VPOS="2047" HPOS="1388"/>
                  <String HEIGHT="33" WIDTH="69" VPOS="2047" HPOS="1354" CONTENT="si"/>
                  <SP HEIGHT="33" WIDTH="11" VPOS="2047" HPOS="1422"/>
                  <String HEIGHT="33"
                          WIDTH="69"
                          VPOS="2047"
                          HPOS="1376"
                          CONTENT="vero"/>
               </TextLine>
               <TextLine ID="r1l131"
                         BASELINE="2114"
                         HEIGHT="37"
                         WIDTH="594"
                         VPOS="2077"
                         HPOS="844">
                  <String HEIGHT="37"
                          WIDTH="107"
                          VPOS="2077"
                          HPOS="832"
                          CONTENT="pater"/>
                  <SP HEIGHT="37" WIDTH="12" VPOS="2077" HPOS="939"/>
                  <String HEIGHT="37"
                          WIDTH="166"
                          VPOS="2077"
                          HPOS="903"
                          CONTENT="consentiat"/>
                  <SP HEIGHT="37" WIDTH="12" VPOS="2077" HPOS="1070"/>
                  <String HEIGHT="37"
                          WIDTH="95"
                          VPOS="2077"
                          HPOS="1034"
                          CONTENT="tunc"/>
                  <SP HEIGHT="37" WIDTH="12" VPOS="2077" HPOS="1129"/>
                  <String HEIGHT="37"
                          WIDTH="131"
                          VPOS="2077"
                          HPOS="1093"
                          CONTENT="videtur"/>
                  <SP HEIGHT="37" WIDTH="12" VPOS="2077" HPOS="1224"/>
                  <String HEIGHT="37"
                          WIDTH="95"
                          VPOS="2077"
                          HPOS="1189"
                          CONTENT="esse"/>
                  <SP HEIGHT="37" WIDTH="12" VPOS="2077" HPOS="1284"/>
                  <String HEIGHT="37"
                          WIDTH="107"
                          VPOS="2077"
                          HPOS="1248"
                          CONTENT="verus"/>
                  <SP HEIGHT="37" WIDTH="12" VPOS="2077" HPOS="1355"/>
                  <String HEIGHT="37"
                          WIDTH="131"
                          VPOS="2077"
                          HPOS="1307"
                          CONTENT="baptismus"/>
               </TextLine>
               <TextLine ID="r1l133"
                         BASELINE="2150"
                         HEIGHT="43"
                         WIDTH="606"
                         VPOS="2107"
                         HPOS="840">
                  <String HEIGHT="43"
                          WIDTH="91"
                          VPOS="2107"
                          HPOS="829"
                          CONTENT="quia"/>
                  <SP HEIGHT="43" WIDTH="11" VPOS="2107" HPOS="920"/>
                  <String HEIGHT="43"
                          WIDTH="103"
                          VPOS="2107"
                          HPOS="886"
                          CONTENT="extra"/>
                  <SP HEIGHT="43" WIDTH="11" VPOS="2107" HPOS="989"/>
                  <String HEIGHT="43" WIDTH="69" VPOS="2107" HPOS="954" CONTENT="de"/>
                  <SP HEIGHT="43" WIDTH="11" VPOS="2107" HPOS="1023"/>
                  <String HEIGHT="43"
                          WIDTH="137"
                          VPOS="2107"
                          HPOS="989"
                          CONTENT="baptismo"/>
                  <SP HEIGHT="43" WIDTH="11" VPOS="2107" HPOS="1126"/>
                  <String HEIGHT="43" WIDTH="69" VPOS="2107" HPOS="1092" CONTENT="de"/>
                  <SP HEIGHT="43" WIDTH="11" VPOS="2107" HPOS="1160"/>
                  <String HEIGHT="43"
                          WIDTH="114"
                          VPOS="2107"
                          HPOS="1126"
                          CONTENT="quibus"/>
                  <SP HEIGHT="43" WIDTH="11" VPOS="2107" HPOS="1240"/>
                  <String HEIGHT="43"
                          WIDTH="80"
                          VPOS="2107"
                          HPOS="1206"
                          CONTENT="est"/>
                  <SP HEIGHT="43" WIDTH="11" VPOS="2107" HPOS="1286"/>
                  <String HEIGHT="43"
                          WIDTH="126"
                          VPOS="2107"
                          HPOS="1252"
                          CONTENT="docetur"/>
                  <SP HEIGHT="43" WIDTH="11" VPOS="2107" HPOS="1377"/>
                  <String HEIGHT="43"
                          WIDTH="91"
                          VPOS="2107"
                          HPOS="1343"
                          CONTENT="quod"/>
                  <SP HEIGHT="43" WIDTH="11" VPOS="2107" HPOS="1435"/>
                  <String HEIGHT="43" WIDTH="69" VPOS="2107" HPOS="1400" CONTENT="in"/>
                  <SP HEIGHT="43" WIDTH="11" VPOS="2107" HPOS="1469"/>
                  <String HEIGHT="43" WIDTH="23" VPOS="2107" HPOS="1423" CONTENT=""/>
               </TextLine>
            </TextBlock>
         </PrintSpace>
      </Page>
   </Layout>
</alto>
