1784 2500
331 244 134 65 conuersio
434 244 114 65 prioris
517 244 62 65 in
548 244 134 65 posterius
651 244 83 65 nisi
703 244 83 65 quod
755 244 62 65 ad
786 244 72 65 non
827 244 83 65 esse
869 244 72 65 prao-

336 296 77 35 ris
380 296 132 35 succedit
479 296 77 35 sub
523 296 99 35 illis
589 296 143 35 speciebus
700 296 66 35 ex
733 296 66 35 vi
755 296 176 35 consecrationis

327 318 168 43 substantia
459 318 156 43 posterior
579 318 72 43 et
615 318 96 43 quia
675 318 108 43 motus
747 318 84 43 vel
795 318 132 43 mutatio
879 318 60 43 vel

331 351 161 39 quecunque
455 351 124 39 factio
541 351 112 39 vnica
616 351 186 39 denominanda
765 351 87 39 est
814 351 74 39 ab
839 351 87 39 vltio

327 375 112 44 termio
405 375 67 44 ad
439 375 90 44 quem
495 375 79 44 per
540 375 67 44 se
574 375 123 44 intento
664 375 101 44 licet
731 375 112 44 igitur
798 375 135 44 substantia

335 406 99 43 panis
401 406 99 43 nihil
467 406 110 43 fieret
545 406 77 43 non
589 406 99 43 tamen
655 406 77 43 est
699 406 88 43 ista
754 406 143 43 conuersio
854 406 77 43 anni-

337 431 121 40 chilatio
428 431 71 40 sed
468 431 212 40 transubstantiatio
650 431 61 40 id
680 431 71 40 est
721 431 131 40 successio
822 431 91 40 vnius
872 431 61 40 sub-

335 460 130 40 stantie
430 460 71 40 in
465 460 94 40 loco
524 460 142 40 alterius
630 460 71 40 et
666 460 83 40 per
713 460 94 40 hanc
760 460 177 40 descriptionem

333 484 91 45 satis
394 484 111 45 excludi
475 484 111 45 possunt
556 484 132 45 instantie
657 484 91 45 circa
717 484 91 45 istam
778 484 121 45 materiam
869 484 61 45 et
890 484 40 45 co

335 518 84 43 Item
387 518 157 43 concedendum
512 518 73 43 est
554 518 84 43 quod
607 518 63 43 ex
638 518 63 43 vi
669 518 105 43 illius
743 518 167 43 conuersionis
868 518 63 43 cor-

332 543 77 48 pus
376 543 121 48 christi
464 543 77 48 fit
509 543 66 48 de
542 543 155 48 substantia
663 543 99 48 panis
729 543 66 48 et
762 543 121 48 incipit
851 543 88 48 esse
895 543 44 48 de

331 579 85 39 pane
385 579 75 39 sic
427 579 85 39 quod
481 579 64 39 si
513 579 96 39 alibi
577 579 75 39 non
619 579 96 39 esset
683 579 75 39 nec
726 579 96 39 prius
790 579 117 39 fuisset
864 579 75 39 ipsum

336 603 138 39 inciperet
443 603 160 39 simpliciter
570 603 85 39 esse
624 603 85 39 post
677 603 74 39 non
719 603 85 39 esse
772 603 117 39 ratione
847 603 85 39 illius

330 629 184 41 conuersionis
480 629 92 41 nunc
538 629 104 41 autem
607 629 81 41 non
653 629 127 41 incipit
745 629 173 41 simpliciter
872 629 69 41 esse

327 665 83 32 sed
375 665 131 32 incipit
470 665 95 32 esse
530 665 72 32 ex
565 665 95 32 illo
625 665 95 32 pane
685 665 72 32 de
720 665 83 32 quo
768 665 107 32 prius
840 665 83 32 non
875 665 60 32 ha-

335 689 92 39 buit
393 689 92 39 esse
451 689 81 39 vel
497 689 127 39 incipit
589 689 92 39 esse
646 689 69 39 de
681 689 92 39 illo
738 689 92 39 pane
796 689 81 39 per
830 689 104 39 aliquam

332 718 236 35 transmutationem
530 718 87 35 per
580 718 99 35 quam
642 718 112 35 prius
717 718 75 35 ex
754 718 99 35 illo
816 718 99 35 pane
878 718 87 35 non

331 744 107 39 habuit
406 744 86 39 esse
460 744 96 39 patet
524 744 86 39 ergo
577 744 86 39 quod
631 744 64 39 si
663 744 107 39 corpus
738 744 118 39 christi
823 744 96 39 prius
888 744 75 39 non

334 773 122 38 fuisset
423 773 100 38 talis
489 773 144 38 conuersio
600 773 100 38 esset
667 773 166 38 simpliciter
800 773 89 38 eius
844 773 89 38 factio

333 801 68 40 nec
372 801 88 40 autem
431 801 68 40 est
470 801 78 40 eius
519 801 98 40 factio
587 801 107 40 secudum
665 801 78 40 quid
714 801 117 40 scilicet
801 801 59 40 de
831 801 78 40 illo
870 801 68 40 pane.

337 829 85 43 Item
391 829 106 43 quando
465 829 74 43 per
507 829 149 43 desitionem
624 829 138 43 specierum
731 829 117 43 desinit
816 829 85 43 esse
858 829 85 43 corpus

342 857 104 40 Christi
417 857 75 40 tunc
464 857 132 40 verisimile
568 857 66 40 est
606 857 75 40 quod
653 857 85 40 talis
709 857 104 40 desitio
785 857 113 40 corporis
860 857 85 40 Christi

333 889 81 37 ibi
380 889 81 37 fit
426 889 173 37 reconuersio
564 889 138 37 corporis
668 889 127 37 christi
760 889 69 37 in
794 889 127 37 materia
886 889 81 37 que

340 915 100 43 prius
406 915 88 43 fuit
462 915 111 43 ipsius
539 915 100 43 panis
605 915 66 43 et
638 915 77 43 ita
683 915 122 43 videtur
771 915 88 43 quod
826 915 88 43 deus
871 915 66 43 repo

334 945 87 37 nit
383 945 87 37 ibi
433 945 149 37 materiam
544 945 99 37 quam
606 945 136 37 resumit
705 945 74 37 ve
743 945 136 37 corpore
829 945 112 37 christi

342 972 85 40 per
390 972 121 40 dictum
475 972 109 40 modum
548 972 194 40 conuersionis
706 972 73 40 et
742 972 73 40 in
778 972 97 40 illa
827 972 109 40 materia

337 1005 107 30 agens
409 1005 143 30 naturale
516 1005 167 30 corrumpens
647 1005 107 30 illas
719 1005 131 30 species
803 1005 131 30 producitr

336 1027 120 43 formam
420 1027 72 43 in
456 1027 108 43 eodem
528 1027 144 43 instanti
636 1027 72 43 in
671 1027 84 43 quo
719 1027 96 43 illa
779 1027 132 43 materia
863 1027 72 43 repo

336 1059 99 38 nitur
402 1059 66 38 et
435 1059 77 38 sic
479 1059 99 38 patet
546 1059 121 38 quomodo
634 1059 132 38 saluatur
733 1059 88 38 quod
788 1059 77 38 per
833 1059 99 38 illas
888 1059 55 38 spe

343 1086 87 40 cies
397 1086 76 40 sit
441 1086 87 40 vera
495 1086 130 40 nutritio
592 1086 65 40 et
625 1086 119 40 quomodo
712 1086 87 40 sint
766 1086 108 40 actiue
842 1086 65 40 et
863 1086 76 40 passi

342 1118 74 32 ue
379 1118 112 32 iuxta
453 1118 149 32 predicta
565 1118 74 32 in
602 1118 211 32 precedentibus
763 1118 174 32 questionibus

331 1146 81 33 Sed
378 1146 151 33 dubitatur
494 1146 70 33 An
529 1146 116 33 corpus
610 1146 128 33 Christi
703 1146 116 33 videri
785 1146 116 33 possit
855 1146 81 33 oculo

340 1170 140 37 corporali
448 1170 97 37 prout
512 1170 75 37 est
555 1170 204 37 sacramentaliter
727 1170 75 37 sub
770 1170 140 37 speciebus
867 1170 75 37 panis

345 1196 89 44 Pro
396 1196 127 44 vltimo
485 1196 114 44 dubio
560 1196 101 44 moto
624 1196 76 44 in
662 1196 101 44 ista
725 1196 76 44 q.
763 1196 127 44 quinta
839 1196 101 44 quarti

339 1225 72 38 que
380 1225 72 38 est
421 1225 62 38 63
452 1225 62 38 in
483 1225 103 38 ordine
556 1225 155 38 simpliciter
680 1225 62 38 ad
711 1225 103 38 primum
783 1225 124 38 scilicet
866 1225 72 38 vtrum

339 1256 161 37 quantitas.
465 1256 138 37 Sciendum
568 1256 80 37 est
614 1256 92 37 quod
671 1256 161 37 dupliciter
798 1256 103 37 agens
855 1256 92 37 potest

336 1285 139 34 applicari
443 1285 96 34 passo
507 1285 75 34 vel
550 1285 96 34 situi
614 1285 75 34 seu
657 1285 96 34 etiam
721 1285 75 34 rei
764 1285 118 34 situali
839 1285 96 34 intrin-

335 1309 87 44 sece
389 1309 76 44 vel
433 1309 152 44 extrinsece
553 1309 98 44 primo
618 1309 87 44 modo
672 1309 163 44 tripliciter
803 1309 130 44 scilicet
890 1309 54 44 vel

337 1338 74 41 co
374 1338 172 41 existenter
509 1338 222 41 commensuratiue
694 1338 74 41 et
730 1338 185 41 informatiue
866 1338 86 41 sicut

342 1371 111 37 calor
416 1371 86 37 vel
465 1371 111 37 aliud
539 1371 148 37 accidens
650 1371 173 37 applicatur
786 1371 86 37 suo
823 1371 123 37 subiecto

343 1394 77 41 cui
387 1394 176 41 coextenditur
530 1394 77 41 vel
574 1394 88 41 quod
629 1394 132 41 informat
729 1394 66 41 in
762 1394 99 41 illud
828 1394 99 41 etiam
883 1394 66 41 bene

346 1427 97 37 agit
406 1427 97 37 suum
467 1427 121 37 simile
551 1427 73 37 de
588 1427 121 37 ipsius
672 1427 145 37 potentia
781 1427 145 37 educendo
878 1427 60 37 vel

340 1456 185 34 coexistenter
491 1456 115 34 commen
571 1456 139 34 suratiue
675 1456 81 34 sed
722 1456 81 34 non
768 1456 173 34 informatiue
895 1456 46 34 vt

335 1482 71 38 si
371 1482 71 38 in
406 1482 95 38 casu
465 1482 118 38 priori
548 1482 95 38 deus
607 1482 130 38 faceret
702 1482 130 38 calorem
785 1482 154 38 commensura-

340 1514 86 32 tiue
394 1514 161 32 coexistente
522 1514 129 32 subiecto
619 1514 75 32 per
662 1514 64 32 se
694 1514 129 32 existere
790 1514 75 32 sic
833 1514 86 32 quod
886 1514 75 32 non

344 1539 133 38 inheret
440 1539 145 38 subiecto
549 1539 84 38 nec
597 1539 169 38 informaret
730 1539 109 38 ipsum
802 1539 84 38 vel
851 1539 72 38 si
875 1539 72 38 deus

343 1565 118 40 taliter
429 1565 118 40 faceret
515 1565 151 40 coexistere
634 1565 75 40 duo
677 1565 140 40 contraria
785 1565 129 40 scilicet
871 1565 75 40 aquam

345 1593 66 38 et
378 1593 99 38 ignem
444 1593 77 38 vel
488 1593 88 38 duas
543 1593 154 38 qualitates
663 1593 154 38 contrarias
784 1593 132 38 scilicet
872 1593 77 38 cali-

338 1622 130 38 ditatem
433 1622 71 38 et
469 1622 190 38 frigiditatem
623 1622 71 38 et
658 1622 95 38 tunc
718 1622 83 38 est
765 1622 95 38 bene
824 1622 119 38 dubium
896 1622 47 38 an

345 1653 70 35 in
380 1653 93 35 tali
439 1653 186 35 applicatione
590 1653 105 35 talia
660 1653 93 35 suis
718 1653 175 35 naturalibus
846 1653 105 35 relicta

344 1686 120 33 agerent
431 1686 66 33 et
464 1686 153 33 paterentur
584 1686 76 33 vel
628 1686 120 33 secundo
716 1686 87 33 modo
770 1686 109 33 potest
847 1686 76 33 hoc
879 1686 66 33 con-

342 1707 122 41 tingere
431 1707 78 41 sic
475 1707 89 41 quod
530 1707 100 41 agens
597 1707 111 41 alicui
674 1707 155 41 applicatur
785 1707 155 41 coexistenter

340 1739 89 36 non
391 1739 114 36 tamen
467 1739 190 36 informatiue
619 1739 89 36 nec
670 1739 216 36 comensuratiue
848 1739 89 36 sed
886 1739 63 36 sic

350 1766 86 40 quod
404 1766 96 40 totum
468 1766 75 40 est
511 1766 64 40 in
543 1766 86 40 toto
596 1766 64 40 et
628 1766 64 40 in
660 1766 128 40 qualibet
757 1766 96 40 parte
821 1766 64 40 et
842 1766 107 40 quelibet

339 1796 93 40 pars
398 1796 82 40 est
444 1796 70 40 in
479 1796 93 40 toto
537 1796 70 40 et
572 1796 70 40 in
607 1796 140 40 qualibet
712 1796 105 40 parte
782 1796 70 40 et
817 1796 82 40 sic
852 1796 93 40 corpus

351 1821 124 36 christi
441 1821 79 36 est
486 1821 79 36 sub
531 1821 147 36 speciebus
644 1821 68 36 et
678 1821 181 36 concomittant
825 1821 113 36 ipsius
893 1821 56 36 ac-

339 1852 147 35 cidentia
449 1852 86 35 nec
498 1852 122 35 igitur
584 1852 159 35 dubitatur
706 1852 73 35 an
743 1852 110 35 talia
804 1852 147 35 accidentia

345 1878 130 34 taliter
440 1878 83 34 suo
487 1878 106 34 situi
558 1878 153 34 applicata
676 1878 94 34 suis
735 1878 177 34 naturalibus
864 1878 83 34 dere-

345 1910 104 36 licta
415 1910 174 36 naturaliter
554 1910 127 36 agerent
646 1910 69 36 in
681 1910 81 36 sua
727 1910 104 36 passa
797 1910 104 36 Uerbi
854 1910 93 36 gratia

343 1936 64 34 an
375 1936 96 34 calor
439 1936 75 34 vel
482 1936 139 34 caliditas
589 1936 96 34 lucis
653 1936 128 34 corporis
748 1936 117 34 Christi
834 1936 75 34 sic
876 1936 64 34 se
898 1936 53 34 ha-

343 1965 109 34 bentis
420 1965 164 34 naturaliter
551 1965 109 34 ageret
628 1965 66 34 in
660 1965 77 34 vsu
704 1965 120 34 videtur
792 1965 88 34 quod
847 1965 77 34 non
879 1965 66 34 quia

343 1992 103 34 secum
411 1992 103 34 talem
480 1992 103 34 modum
549 1992 103 34 agens
617 1992 80 34 non
663 1992 115 34 debite
743 1992 160 34 applicatur
858 1992 80 34 passa

341 2021 118 35 igitur
424 2021 165 35 Antecedens
554 2021 142 35 probatur
660 2021 95 35 quia
719 2021 165 35 applicatio
838 2021 106 35 secundi

343 2054 100 28 modi
405 2054 150 28 predicti
517 2054 87 28 non
567 2054 137 28 videtur
667 2054 162 28 sufficere
792 2054 75 28 ad
817 2054 125 28 actionem

340 2081 115 31 igitur
421 2081 104 31 multo
490 2081 104 31 minus
560 2081 161 31 applicatio
686 2081 81 31 que
732 2081 115 31 posset
813 2081 104 31 fieri
871 2081 69 31 isto

334 2105 125 45 tertio
422 2105 113 45 modo.
497 2105 100 45 Item
560 2105 138 45 videmus
660 2105 100 45 quod
723 2105 113 45 graui
798 2105 175 45 aliquomodo

949 242 72 54 se
985 242 132 54 habente
1081 242 72 54 10
1117 242 108 54 extra
1189 242 132 54 centrum
1286 242 144 54 grauitas
1394 242 132 54 efficit
1478 242 84 54 motum

964 290 80 37 prio
1014 290 90 37 autem
1074 290 120 37 aliomodo
1164 290 60 37 se
1194 290 110 37 habente
1274 290 120 37 scilicet
1364 290 130 37 existente
1464 290 60 37 in
1484 290 80 37 centro

953 323 127 29 nullum
1042 323 127 29 causat
1131 323 115 29 motum
1208 323 127 29 igitur
1297 323 115 29 multo
1373 323 140 29 fortius
1462 323 102 29 colore

955 346 76 37 sic
999 346 65 37 se
1031 346 119 37 habente
1118 346 87 37 quod
1172 346 98 37 nulli
1237 346 184 37 commensuratur
1389 346 98 37 situi
1454 346 76 37 non
1486 346 87 37 potest

964 378 93 32 agere
1026 378 62 32 in
1057 378 103 32 visum.
1129 378 83 32 Item
1180 378 124 32 secundum
1273 378 93 32 talem
1335 378 93 32 modum
1397 378 72 32 non
1438 378 103 32 potest
1500 378 62 32 esse

956 403 110 35 basis
1029 403 159 35 piramidis
1151 403 134 35 radiose
1249 403 98 35 quia
1310 403 98 35 tunc
1359 403 208 35 commensuraretur

959 435 115 31 alicui
1040 435 104 31 situi
1109 435 115 31 igitur
1190 435 92 31 etc.
1248 435 69 31 In
1283 435 150 31 oppositum
1398 435 81 31 per
1444 435 104 31 prius
1502 435 69 31 con-

960 457 95 39 uenit
1024 457 105 39 agenti
1097 457 95 39 agere
1160 457 63 39 in
1192 457 105 39 passum
1266 457 84 39 quod
1318 457 84 39 sibi
1371 457 137 39 applicari
1476 457 84 39 tali
1518 457 53 39 vel

960 488 93 30 tali
1018 488 93 30 modo
1076 488 197 30 applicationis
1239 488 116 30 igitur
1320 488 128 30 quantum
1413 488 81 30 est
1459 488 70 30 de
1494 488 81 30 per
1529 488 46 30 se

962 518 92 32 stat
1019 518 103 32 ipsum
1088 518 103 32 agere
1156 518 172 32 naturaliter
1294 518 69 32 in
1328 518 115 32 passum
1409 518 92 32 sine
1466 518 92 32 tali
1512 518 57 32 ap-

962 544 170 37 plicatione
1096 544 97 37 quam
1156 544 73 37 tu
1193 544 182 37 presupponis
1339 544 195 37 Consequentia
1485 544 85 37 patet

964 573 64 38 ex
996 573 64 38 eo
1028 573 85 38 quod
1081 573 95 38 prius
1145 573 106 38 potest
1219 573 106 38 semper
1293 573 95 38 stare
1357 573 85 38 fine
1410 573 74 38 suo
1442 573 127 38 posteriori

960 600 106 35 licet
1031 600 83 35 non
1078 600 166 35 econuerso.
1208 600 95 35 Item
1268 600 106 35 agens
1339 600 106 35 agere
1409 600 83 35 vel
1457 600 95 35 esse
1504 600 71 35 suum

966 629 120 36 actiuum
1053 629 76 36 est
1097 629 87 36 sibi
1151 629 152 36 essentiale
1271 629 120 36 taliter
1358 629 98 36 autem
1423 629 141 36 applicari
1521 629 54 36 vel

957 658 118 32 taliter
1043 658 75 32 est
1086 658 86 32 sibi
1140 658 161 32 accidentale
1269 658 75 32 sed
1311 658 75 32 non
1354 658 118 32 oportet
1440 658 86 32 quod
1483 658 86 32 ablato

964 685 170 35 accidentali
1100 685 158 35 aufferatur
1224 685 158 35 essentiale
1349 685 113 35 igitur
1428 685 125 35 secundo
1507 685 68 35 modo

961 714 79 32 lie
1006 714 158 32 extrinsece
1130 714 113 32 potest
1209 714 79 32 hoc
1254 714 90 32 esse
1310 714 158 32 contingere
1423 714 147 32 tripliciter

963 745 77 33 set
1007 745 132 33 continue
1106 745 77 33 vel
1150 745 132 33 contigue
1249 745 77 33 vel
1292 745 187 33 consequenter.
1446 745 66 33 Et
1479 745 99 33 istis
1534 745 44 33 mo

969 774 76 34 dis
1013 774 109 34 planum
1089 774 76 34 est
1133 774 98 34 posse
1198 774 98 34 fieri
1264 774 131 34 actionem
1362 774 65 34 et
1395 774 142 34 passionem
1504 774 65 34 et
1525 774 55 34 et.

1038 807 206 64 Trum
1167 807 386 64 sactamentum
1450 807 129 64 pe-

1079 855 130 37 nitentie
1176 855 76 37 sit
1220 855 162 37 necessarium
1349 855 65 37 ad
1382 855 130 37 delendum
1468 855 108 37 peccatum

1087 888 127 32 mortale
1180 888 93 32 post
1238 888 150 32 baptismum
1354 888 93 32 quod
1411 888 81 32 non
1458 888 93 32 quia
1516 888 69 32 ad
1539 888 46 32 de

1078 914 124 31 llendum
1168 914 124 31 mortale
1257 914 135 31 sufficit
1359 914 146 31 contritio
1471 914 79 31 cum
1505 914 67 31 pro-

962 946 124 35 posito
1049 946 174 35 confitendi
1186 946 112 35 iuxta
1260 946 112 35 illud
1335 946 100 35 psal
1397 946 87 35 cum
1447 946 124 35 gloria
1522 946 62 35 sua

965 975 94 33 dixi
1024 975 164 33 consitebor
1152 975 70 33 et
1187 975 94 33 alia
1246 975 70 33 in
1281 975 105 33 copia
1351 975 105 33 quere
1421 975 70 33 in
1456 975 105 33 textu
1515 975 70 33 sen-

964 1002 158 36 tentiarum
1085 1002 85 36 di.
1134 1002 73 36 17
1170 1002 134 36 quarti.
1267 1002 121 36 Contra
1352 1002 146 36 secundum
1462 1002 121 36 hiero.
1534 1002 49 36 pe

965 1031 140 34 nitentia
1070 1031 82 34 est
1117 1031 93 34 vera
1175 1031 116 34 fabula
1257 1031 93 34 post
1315 1031 163 34 naufragium
1443 1031 70 34 et
1466 1031 105 34 ponitur

965 1061 79 29 di.
1010 1061 68 29 14
1044 1061 113 29 quarti
1122 1061 68 29 in
1156 1061 158 29 principio.
1280 1061 146 29 Conclusio
1393 1061 101 29 prima
1460 1061 90 29 quod
1517 1061 79 29 non

964 1087 138 35 capiendo
1067 1087 173 35 necessarium
1205 1087 138 35 absolute
1309 1087 81 35 pro
1355 1087 69 35 eo
1389 1087 92 35 quod
1447 1087 81 35 non
1481 1087 92 35 potest

969 1115 78 35 per
1013 1115 122 35 aliquam
1102 1115 145 35 potentiam
1214 1115 78 35 non
1258 1115 89 35 esse
1314 1115 78 35 tum
1358 1115 89 35 quia
1414 1115 78 35 nec
1459 1115 78 35 est
1503 1115 78 35 sic
1536 1115 45 35 ne

964 1148 132 29 cessarium
1065 1148 121 29 peccatum
1156 1148 111 29 mortale
1237 1148 101 29 deleri
1308 1148 61 29 id
1338 1148 71 29 est
1379 1148 111 29 remitti
1460 1148 71 29 nec
1500 1148 71 29 est
1530 1148 51 29 sic

966 1172 165 34 necessaria
1096 1172 165 34 penitentia
1225 1172 141 34 interior
1331 1172 82 34 nec
1378 1172 141 34 exterior
1484 1172 71 34 ad
1507 1172 71 34 eius

960 1201 164 35 deletionem
1089 1201 94 35 quia
1147 1201 94 35 deus
1206 1201 70 35 de
1241 1201 82 35 sua
1288 1201 140 35 potentia
1393 1201 140 35 absoluta
1486 1201 94 35 posset

954 1230 92 31 sine
1012 1230 92 31 omni
1070 1230 161 31 penitentia
1196 1230 92 31 tali
1254 1230 138 31 peccatum
1357 1230 127 31 mortale
1449 1230 127 31 actuale
1530 1230 46 31 re

967 1257 127 31 mitere.
1060 1257 127 31 Secunda
1152 1257 150 31 conclusio
1267 1257 127 31 sumendo
1359 1257 173 31 necessarium
1485 1257 104 31 secundm

972 1285 75 36 quid
1018 1285 112 36 scilicet
1102 1285 112 36 secundum
1187 1285 112 36 communem
1271 1285 84 36 legem
1327 1285 65 36 dei
1364 1285 65 36 non
1401 1285 65 36 est
1439 1285 131 36 penitentia
1532 1285 47 36 ex-

965 1314 114 32 terior
1044 1314 160 32 necessaria
1170 1314 68 32 ad
1204 1314 160 32 deletionem
1330 1314 126 32 peccati
1421 1314 137 32 mortalis
1513 1314 68 32 quia

964 1342 140 34 contritio
1072 1342 75 34 est
1115 1342 151 34 sufficiens
1233 1342 162 34 sacrificium
1363 1342 75 34 pro
1406 1342 118 34 peccato
1481 1342 97 34 secudum

962 1370 101 33 glosam
1032 1370 90 33 super
1093 1370 90 33 illud
1153 1370 90 33 psal.
1213 1370 151 33 Sacrificium
1334 1370 70 33 deo
1374 1370 121 33 spiritus
1464 1370 60 33 et
1495 1370 80 33 etc.
1535 1370 40 33 d.

972 1402 113 33 pirinus
1054 1402 133 33 contritus
1156 1402 72 33 est
1197 1402 154 33 sacrifictum
1320 1402 72 33 quo
1361 1402 123 33 peccatum
1453 1402 123 33 abluitur
1535 1402 41 33 et

969 1433 99 27 alie
1030 1433 111 27 multe
1104 1433 197 27 auctoritates
1265 1433 74 27 ad
1302 1433 86 27 hoc
1351 1433 111 27 sunt.
1425 1433 123 27 Tertia
1499 1433 74 27 con-

967 1455 108 32 clusio
1043 1455 86 32 quod
1097 1455 76 32 nec
1140 1455 65 32 de
1172 1455 119 32 virtute
1259 1455 130 32 sermonis
1356 1455 151 32 penitentia
1464 1455 108 32 interior

967 1483 75 34 est
1010 1483 151 34 necessaria
1129 1483 65 34 ad
1161 1483 118 34 salutem
1247 1483 86 34 quia
1301 1483 97 34 nulla
1365 1483 151 34 penitentia
1473 1483 108 34 interior

967 1511 83 35 est
1015 1511 83 35 sic
1062 1511 179 35 necessaria.
1205 1511 119 35 Quarta
1289 1511 155 35 conclusio
1408 1511 72 35 ad
1432 1511 143 35 deletionem

973 1545 91 29 pcti
1029 1545 136 29 mortalis
1131 1545 170 29 precommissi
1267 1545 159 29 necessario
1392 1545 159 29 requiritur
1505 1545 68 29 siue

968 1570 160 33 necessaria
1093 1570 80 33 est
1139 1570 160 33 penitentia
1264 1570 137 33 interior
1366 1570 137 33 secundum
1469 1570 103 33 legem
1526 1570 57 33 dei

972 1595 95 33 mmunem
1039 1595 76 33 quia
1087 1595 115 33 secundum
1173 1595 134 33 augustinus
1278 1595 124 33 epostola.
1373 1595 48 33 5
1393 1595 48 33 5
1412 1595 95 33 nullus
1479 1595 67 33 sue
1507 1595 67 33 volun

970 1626 102 33 tatis
1037 1626 124 33 arbiter
1128 1626 169 33 constitutus
1263 1626 113 33 potest
1342 1626 102 33 nouam
1410 1626 102 33 vitam
1466 1626 113 33 inchoare

969 1654 91 35 nisi
1026 1654 137 35 peniteat
1129 1654 80 35 eum
1174 1654 91 35 vite
1231 1654 126 35 veteris
1323 1654 69 35 et
1357 1654 149 35 allegatur
1471 1654 80 35 di.
1517 1654 57 35 4
1540 1654 57 35 4

968 1681 120 33 Quinta
1052 1681 156 33 conclusio
1172 1681 96 33 quod
1232 1681 144 33 commissa
1341 1681 108 33 culpa
1413 1681 132 33 mortali
1497 1681 84 33 sacra

967 1714 125 32 mentum
1054 1714 175 32 penitentie
1192 1714 88 32 est
1242 1714 188 32 necessarium
1392 1714 150 32 secundum
1492 1714 88 32 legem

964 1740 83 35 dei
1012 1740 143 35 communem
1119 1740 83 35 pro
1166 1740 95 35 loco
1226 1740 71 35 et
1262 1740 131 35 tempore
1357 1740 155 35 oportunis
1476 1740 83 35 nec
1512 1740 71 35 peni

966 1766 108 33 tentia
1042 1766 130 33 interior
1139 1766 76 33 est
1182 1766 151 33 sufficiens
1301 1766 86 33 sine
1355 1766 140 33 proposito
1452 1766 130 33 recipiendi

965 1794 170 35 sacramentum
1101 1794 68 35 ad
1134 1794 79 35 hoc
1180 1794 91 35 sunt
1236 1794 102 35 milte
1304 1794 181 35 auctoritates
1451 1794 79 35 di.
1497 1794 68 35 17
1531 1794 68 35 4.

973 1823 68 38 Et
1007 1823 91 38 ista
1064 1823 114 38 famosa
1143 1823 159 38 decretalis
1268 1823 102 38 extra
1336 1823 68 38 de
1370 1823 170 38 penitentiis
1506 1823 68 38 et
1529 1823 57 38 re-

970 1855 175 34 missionibus
1110 1855 105 34 omnis
1180 1855 151 34 vtriusque
1296 1855 116 34 sexus.
1378 1855 151 34 Argumenta
1483 1855 93 34 princi

969 1880 101 36 palia
1036 1880 145 36 procedunt
1148 1880 78 36 per
1192 1880 134 36 diuersas
1293 1880 179 36 conclusiones
1438 1880 168 36 concludendo

968 1908 118 37 verum.
1051 1908 118 37 Contra
1133 1908 141 37 predicta
1239 1908 153 37 obsicitur
1357 1908 106 37 primo
1428 1908 94 37 quod
1475 1908 106 37 penitem

969 1934 80 33 tia
1014 1934 137 33 exterior
1117 1934 80 33 est
1163 1934 137 33 precepta
1266 1934 115 33 igitur
1346 1934 80 33 est
1392 1934 137 33 necessar
1495 1934 80 33 ium
1530 1934 57 33 eam

972 1964 129 35 implere
1066 1964 82 35 nam
1113 1964 70 35 si
1148 1964 82 35 hec
1194 1964 187 35 consequentia
1346 1964 82 35 non
1393 1964 105 35 valet
1463 1964 82 35 non
1498 1964 82 35 esset

964 1995 131 35 necesse
1059 1995 131 35 secudum
1155 1995 107 35 legem
1226 1995 83 35 dei
1274 1995 143 35 statutam
1381 1995 131 35 seruare
1476 1995 83 35 dei
1512 1995 71 35 pte-

969 2023 117 31 cepta
1047 2023 194 31 affirmatiua
1202 2023 91 31 que
1254 2023 91 31 non
1306 2023 104 31 plus
1371 2023 155 31 obligant
1487 2023 78 31 ad
1513 2023 65 31 sem

974 2047 76 38 per
1018 2047 87 38 quam
1072 2047 131 38 precepta
1170 2047 131 38 ecclesie
1269 2047 65 38 ve
1301 2047 153 38 confitendo
1421 2047 98 38 semel
1487 2047 65 38 in
1509 2047 65 38 amno

966 2070 106 40 extra
1037 2070 82 40 vbi
1084 2070 106 40 prius
1155 2070 106 40 omnis
1225 2070 141 40 Probatur
1331 2070 71 40 si
1366 2070 153 40 contritio
1472 2070 118 40 sufficit

968 2106 81 43 vel
1015 2106 115 43 igitur
1095 2106 69 43 in
1130 2106 150 43 quocunque
1245 2106 104 43 gradu
1314 2106 115 43 fuerit
1395 2106 81 43 vel
1441 2106 104 43 solum
1510 2106 69 43 in
1533 2106 58 43 cer
