1817 2500
183 245 77 42 to
222 245 128 42 gradu.
311 245 90 42 Non
363 245 128 42 primum
452 245 103 42 quia
516 245 103 42 tunc
580 245 141 42 equalis
670 245 141 42 contritio

193 278 153 36 sufficeret
313 278 66 36 ad
346 278 131 36 delendum
445 278 131 36 peccatum
543 278 120 36 mortale
631 278 99 36 sicut
697 278 66 36 ad
718 278 88 36 delen-

193 305 82 42 dum
240 305 140 42 veniale.
345 305 82 42 Non
392 305 140 42 secundum
497 305 93 42 quia
556 305 105 42 omnis
626 305 152 42 contritio
731 305 70 42 pro-

194 338 101 35 cedit
261 338 56 35 a
284 338 146 35 charitate
396 338 67 35 et
430 338 79 35 per
474 338 157 35 consequens
598 338 101 35 nulla
665 338 112 35 potest
733 338 67 35 esse

185 362 77 35 ita
229 362 99 35 parua
295 362 88 35 quin
349 362 109 35 deieat
426 362 131 35 peccatum
524 362 120 35 mortale
612 362 77 35 pro
656 362 66 35 eo
689 362 88 35 quod
732 362 66 35 mor-

191 389 93 37 tale
249 389 81 37 non
296 389 93 37 stat
354 389 81 37 cum
400 389 151 37 charitate
517 389 139 37 Probatur
621 389 139 37 voluntas
714 389 93 37 potest

188 418 79 41 ita
233 418 124 41 disponi
323 418 90 41 quod
379 418 79 41 non
424 418 112 41 posset
503 418 157 41 pertingere
626 418 67 41 ad
649 418 157 41 contritionem

189 446 74 36 in
226 446 99 36 tali
288 446 111 36 gradu
362 446 74 36 et
399 446 87 36 ita
448 446 124 36 posset
535 446 136 36 damnari
634 446 74 36 de
671 446 136 36 peccato
758 446 49 36 de

194 477 79 38 quo
239 477 90 38 vero
295 477 68 38 in
329 477 113 38 aliquo
408 477 102 38 gradu
476 477 158 38 conteretur
600 477 79 38 Hic
645 477 124 38 dicitur
735 477 90 38 quod

184 506 167 37 quicunque
312 506 128 37 gradus
402 506 205 37 contritionis
568 506 218 37 quantuncunque
735 506 64 37 re-

185 532 117 34 missus
267 532 140 34 sufficit
372 532 70 34 si
407 532 93 34 bene
465 532 82 34 sit
512 532 257 34 circunstantionatus
722 532 82 34 Cotra

184 558 95 43 tunc
243 558 130 43 equalis
338 558 95 43 pena
398 558 130 43 debetur
493 558 71 43 in
528 558 166 43 purgatorio
659 558 83 43 pro
694 558 107 43 peccato

180 587 133 32 veniali
276 587 72 32 et
313 587 133 32 mortali
409 587 133 32 ceteris
506 587 133 32 omnibus
602 587 133 32 paribus
698 587 96 32 quia
747 587 60 32 sit

190 614 77 39 ita
234 614 88 39 quod
289 614 88 39 vnus
345 614 155 39 peccauerit
466 614 155 39 venialiter
588 614 66 39 et
621 614 100 39 alius
687 614 77 39 per
721 614 77 39 omnia

187 641 121 40 simili
272 641 134 40 peccato
369 641 134 40 veniali
466 641 73 40 et
503 641 85 40 cum
551 641 85 40 hoc
600 641 109 40 etiam
672 641 134 40 mortali
757 641 49 40 de

190 673 79 37 quo
235 673 124 37 oblitus
325 673 79 37 sit
371 673 79 37 nec
416 673 90 37 eius
472 673 158 37 recordatur
597 673 102 37 licet
664 673 113 37 faciat
732 673 68 37 dili

180 700 140 36 gentiam
282 700 204 36 sufficientem
448 700 76 36 ad
486 700 140 36 salutem
588 700 178 36 recordandi
715 700 89 36 omnia

182 732 111 32 peccata
263 732 71 32 sua
303 732 141 32 conteratur
414 732 81 32 iste
464 732 121 32 secundus
555 732 111 32 veniali
636 732 71 32 per
676 732 91 32 omnia
726 732 71 32 sicut

182 761 107 29 prius
254 761 72 29 et
290 761 107 29 etiam
361 761 72 29 in
397 761 143 29 generali
504 761 72 29 de
540 761 131 29 omnibus
636 761 143 29 peccatis
731 761 72 29 suis

180 789 82 34 ita
227 789 94 34 quod
286 789 94 34 ista
344 789 152 34 generalis
461 789 164 34 penitentia
590 789 117 34 deleat
672 789 117 34 culpam
742 789 59 34 mor

177 815 115 36 talem
254 815 140 36 oblitam
355 815 102 36 tunc
419 815 115 36 quero
496 815 76 36 an
534 815 102 36 iste
597 815 89 36 pro
648 815 89 36 suo
686 815 115 36 peccato

177 844 130 37 mortali
271 844 118 37 oblito
354 844 153 37 equaliter
472 844 141 37 punietur
578 844 106 37 sicut
649 844 82 37 pro
696 844 82 37 suo
731 844 59 37 ve-

181 871 103 39 niali
249 871 80 39 vel
295 871 103 39 sicut
364 871 103 39 alius
433 871 80 39 pro
479 871 80 39 suo
525 871 126 39 veniali
616 871 69 39 et
651 871 126 39 habetur
743 871 80 39 in¬

181 897 117 39 tentum
263 897 82 39 vel
310 897 94 39 non.
369 897 82 39 Sed
416 897 129 39 grauius
510 897 70 39 et
545 897 82 39 cum
592 897 82 39 non
639 897 70 39 in
662 897 129 39 infinitum

182 928 124 38 grauius
272 928 79 38 sit
317 928 113 38 igitur
396 928 90 38 quod
452 928 68 38 in
486 928 101 38 duplo
553 928 124 38 grauius
643 928 68 38 et
666 928 135 38 accipiatur

176 956 112 32 alius
250 956 87 32 qui
300 956 137 32 ceteris
400 956 137 32 paribus
499 956 124 32 peccet
586 956 174 32 mortaliter
711 956 87 32 minus

180 982 67 38 in
213 982 101 38 duplo
281 982 90 38 quam
337 982 90 38 iste
393 982 67 38 et
426 982 78 38 per
471 982 157 38 consequens
594 982 134 38 punietur
695 982 67 38 in
718 982 78 38 duplo

175 1010 117 34 minus
253 1010 156 34 Probatur
370 1010 78 34 si
409 1010 169 34 contritio
538 1010 221 34 quantuncunque
707 1010 91 34 parua

175 1038 110 41 deleat
252 1038 132 41 peccatum
351 1038 66 41 et
384 1038 132 41 commutat
483 1038 99 41 penam
549 1038 121 41 eternam
637 1038 66 41 in
659 1038 132 41 temporalem

178 1064 104 36 dupla
248 1064 115 36 tollet
328 1064 104 36 omnem
397 1064 92 36 quia
455 1064 115 36 tantum
535 1064 104 36 valet
604 1064 127 36 secunda
696 1064 92 36 pars
754 1064 69 36 ad

181 1095 147 33 tollendum
294 1095 91 33 quod
350 1095 102 33 minus
418 1095 79 33 est
464 1095 79 33 sci
509 1095 57 33 s
532 1095 102 33 penam
600 1095 158 33 temporalem
713 1095 79 33 sicut

180 1122 101 35 valuit
251 1122 91 35 prima
311 1122 81 35 pars
362 1122 61 35 ad
392 1122 131 35 tollendum
493 1122 81 35 quod
544 1122 91 35 maius
604 1122 71 35 est
645 1122 121 35 scilicet
725 1122 71 35 penam

183 1150 133 39 eternam
280 1150 72 39 et
316 1150 85 39 ita
364 1150 205 39 superfluerent
533 1150 109 39 omnes
606 1150 97 39 alie
654 1150 145 39 penitentie

179 1176 219 42 satiffactionis
361 1176 170 42 exterioris
495 1176 97 42 quia
555 1176 146 42 quelibet
652 1176 134 42 contritio

178 1207 73 37 ad
214 1207 110 37 totam
288 1207 110 37 penam
361 1207 159 37 tollendam
483 1207 171 37 sufficeret
618 1207 98 37 quia
679 1207 98 37 eius
728 1207 61 37 me-

176 1232 108 37 dietas
252 1232 65 37 ad
285 1232 163 37 commutandum
415 1232 98 37 penam
480 1232 119 37 eternam
566 1232 65 37 in
599 1232 152 37 temponalem
707 1232 87 37 igitur

175 1262 100 37 multo
242 1262 123 37 fortius
331 1262 134 37 residuum
431 1262 156 37 sufficeret
554 1262 67 37 ad
587 1262 145 37 temponale
688 1262 100 37 redimen

180 1289 69 38 dam
220 1289 118 38 preterea
308 1289 109 38 videtur
387 1289 79 38 quod
437 1289 138 38 penitentia
545 1289 118 38 exterior
634 1289 69 38 sit
664 1289 118 38 necessaria

176 1320 82 32 quia
227 1320 113 32 deletio
309 1320 92 32 culpe
371 1320 72 32 est
412 1320 103 32 finita
483 1320 133 32 intensiue
586 1320 62 32 et
617 1320 133 32 extemsiue
709 1320 82 32 igitur

172 1348 94 39 pena
231 1348 105 39 intus
301 1348 70 39 et
336 1348 105 39 extra
406 1348 105 39 debet
476 1348 199 39 correspondere
640 1348 105 39 iuxta
710 1348 105 39 illud

174 1378 154 37 scripture
293 1378 130 37 quantum
388 1378 190 37 glorificauit
542 1378 71 37 se
577 1378 142 37 Probatur
684 1378 130 37 aliquod

179 1406 95 41 potest
246 1406 76 41 esse
294 1406 114 41 peccatum
379 1406 105 41 mortale
456 1406 67 41 pro
494 1406 67 41 quo
532 1406 67 41 hoc
570 1406 67 41 non
608 1406 105 41 tenetur
684 1406 67 41 nec
713 1406 76 41 vnquam

176 1434 143 39 tenebitur
286 1434 132 39 penitere
385 1434 88 39 quia
440 1434 110 39 aliqua
518 1434 143 39 illecebra
628 1434 99 39 primo
683 1434 110 39 venialis

177 1457 101 42 posset
247 1457 60 42 ta
277 1457 80 42 ndiu
328 1457 141 42 continuari
438 1457 80 42 quod
489 1457 80 42 fiat
539 1457 121 42 peccatum
629 1457 111 42 mortale
710 1457 60 42 in
730 1457 60 42 ali-

172 1490 72 42 quo
213 1490 123 42 instanti
305 1490 82 42 tunc
356 1490 62 42 in
387 1490 82 42 illo
438 1490 123 42 instanti
531 1490 72 42 non
572 1490 113 42 tenetur
654 1490 123 42 penitere
736 1490 62 42 quia

173 1516 63 36 non
209 1516 63 36 est
245 1516 54 36 in
272 1516 72 36 eius
317 1516 90 36 ptante
380 1516 72 36 tunc
425 1516 108 36 penitere
505 1516 63 36 sed
541 1516 108 36 secundum
622 1516 126 36 augustinus
721 1516 54 36 in
739 1516 45 36 li.

167 1543 63 41 de
199 1543 106 41 duabus
273 1543 127 41 animabus
368 1543 63 41 et
400 1543 116 41 ponitur
484 1543 116 41 secundo
568 1543 169 41 sententiarum
706 1543 74 41 di.
748 1543 63 41 16

174 1572 111 39 peccati
255 1572 81 39 reum
305 1572 101 39 teneri
376 1572 121 39 quemquam
467 1572 81 39 quia
518 1572 71 39 non
558 1572 91 39 facit
619 1572 81 39 quod
670 1572 101 39 facere
740 1572 71 39 non

170 1603 109 38 potuit
247 1603 98 38 summe
312 1603 164 38 iniquitatis
443 1603 66 38 et
476 1603 120 38 insanie
564 1603 77 38 est
607 1603 77 38 nec
651 1603 120 38 tenetur
727 1603 66 38 post

176 1631 93 36 posito
241 1631 74 36 quod
287 1631 56 36 im
315 1631 93 36 ediate
380 1631 65 36 non
417 1631 65 36 sit
454 1631 65 36 per
491 1631 121 36 potentiam
584 1631 65 36 dei
621 1631 65 36 vel
658 1631 74 36 quod
705 1631 74 36 deus
742 1631 46 36 non

176 1657 88 36 sibi
231 1657 153 36 cooperetur
351 1657 131 36 Probatur
450 1657 77 36 aut
493 1657 77 36 est
537 1657 120 36 aliquod
625 1657 99 36 primu
680 1657 99 36 instans

171 1688 123 41 postquam
263 1688 123 41 peccauit
356 1688 103 41 inquae
428 1688 103 41 posset
500 1688 123 41 penitere
593 1688 123 41 ponentia
675 1688 113 41 interiori

170 1716 62 32 vel
206 1716 71 32 non.
250 1716 53 32 si
277 1716 62 32 sic
312 1716 89 32 igitur
374 1716 53 32 si
401 1716 62 32 per
437 1716 80 32 illud
490 1716 98 32 instans
561 1716 62 32 non
596 1716 62 32 est
632 1716 71 32 sibi
676 1716 107 32 ponentia
747 1716 36 32 ne

175 1743 119 36 cessaria
264 1743 59 36 eo
294 1743 79 36 quod
343 1743 69 36 nec
383 1743 79 36 sibi
432 1743 69 36 sit
472 1743 138 36 possibilis
580 1743 158 36 naturaliter.
709 1743 59 36 Et
729 1743 49 36 con

168 1768 128 37 firmatur
264 1768 85 37 quia
317 1768 85 37 ideo
371 1768 138 37 predictum
477 1768 75 37 est
520 1768 170 37 confessionem
658 1768 75 37 non
701 1768 85 37 esse
743 1768 43 37 ne

173 1799 128 36 cessariam
271 1799 59 36 ad
301 1799 108 36 salutem
379 1799 59 36 eo
409 1799 79 36 quod
458 1799 98 36 potest
527 1799 98 36 licite
595 1799 118 36 differri
684 1799 88 36 vsque
743 1799 59 36 ad

172 1823 95 46 finem
236 1823 85 46 anni
289 1823 106 46 igitur
363 1823 85 46 pari
416 1823 117 46 ratione
501 1823 74 46 nec
544 1823 138 46 contritio
650 1823 85 46 quia
692 1823 85 46 posset

171 1855 123 39 differri
263 1855 92 39 vsque
324 1855 61 39 ad
355 1855 92 39 finem
416 1855 123 39 temponis
509 1855 92 39 licet
570 1855 113 39 minoris
652 1855 102 39 Contra
713 1855 72 39 talis

173 1882 113 43 abstulit
257 1882 103 43 honorem
332 1882 103 43 alienum
407 1882 94 43 igitur
473 1882 103 43 dmninum
548 1882 94 43 igitur
614 1882 75 43 sper
661 1882 75 43 post
698 1882 85 43 tenetur

167 1913 57 38 ad
195 1913 171 38 restitutionem.
338 1913 57 38 Si
366 1913 105 38 dicitur
442 1913 76 38 quod
490 1913 67 38 non
528 1913 67 38 est
566 1913 105 38 aliquod
642 1913 95 38 primum
699 1913 86 38 instans

171 1938 64 44 in
203 1938 75 44 quo
246 1938 107 44 posset
321 1938 129 44 penitere
418 1938 107 44 igitur
493 1938 75 44 pro
536 1938 129 44 quolibet
632 1938 129 44 instanti
718 1938 64 44 tene

169 1966 72 38 tur
210 1966 72 38 sic
251 1966 103 38 igitur
323 1966 82 38 quod
375 1966 113 38 omittit
457 1966 72 38 per
498 1966 93 38 diem.
560 1966 82 38 Tunc
612 1966 72 38 sic
653 1966 72 38 pro
684 1966 103 38 quolibet

170 1994 121 43 instanti
261 1994 121 43 penitere
352 1994 132 43 tenebatur
453 1994 61 43 et
484 1994 71 43 pro
524 1994 91 43 nullo
585 1994 91 43 fecit
645 1994 61 43 et
666 1994 111 43 instantia

166 2022 89 43 ista
222 2022 100 43 fiunt
288 2022 134 43 infinita
388 2022 111 43 igitur
466 2022 134 43 peccauit
567 2022 145 43 infinitis
667 2022 111 43 peccatis

174 2051 151 46 omissionis
293 2051 130 46 Probatur
390 2051 76 46 aut
433 2051 119 46 tenetur
520 2051 97 46 solum
585 2051 65 46 ad
617 2051 97 46 talem
671 2051 108 46 ponentam

159 2069 181 66 instantaneam
306 2069 79 66 vel
351 2069 124 66 morosam
441 2069 68 66 si
475 2069 181 66 instantaneam
622 2069 113 66 igitur
690 2069 90 66 possec

830 244 103 59 mereri
902 244 62 59 in
933 244 124 59 instanti
1025 244 62 59 et
1056 244 82 59 tunc
1108 244 62 59 in
1139 244 113 59 tempone
1221 244 124 59 quolibet
1313 244 103 59 essent
1375 244 62 59 infi

829 286 90 45 nite
885 286 136 45 actiones
987 286 147 45 meritorie
1100 286 90 45 quia
1156 286 136 45 infinita
1258 286 147 45 instantia
1371 286 68 45 si
1394 286 45 45 mo

827 314 94 47 rosam
889 314 84 47 ante
942 314 94 47 finem
1005 314 84 47 hore
1057 314 94 47 dende
1120 314 105 47 posset
1194 314 84 47 mori
1246 314 63 47 et
1278 314 73 47 per
1309 314 126 47 consequens

832 343 144 43 contritus
942 343 66 43 de
976 343 122 43 peccato
1064 343 111 43 aliquo
1142 343 177 43 damnnaretur.
1285 343 66 43 Ad
1318 343 100 43 primu
1374 343 66 43 isto

829 372 70 45 rum
869 372 119 45 dicendum
958 372 80 45 quod
1008 372 90 45 velle
1068 372 119 45 penitere
1157 372 109 45 necesse
1237 372 70 45 est
1277 372 119 45 ponentia
1356 372 70 45 exte-

823 401 97 43 riori
888 401 118 43 tempone
974 401 129 43 oportuno
1070 401 75 43 cum
1113 401 140 43 cogitatur
1220 401 75 43 sed
1263 401 75 43 non
1306 401 75 43 est
1338 401 97 43 necessa

825 429 84 44 rium
878 429 105 44 exequi
952 429 126 44 exterius
1046 429 84 44 nisi
1099 429 74 44 pro
1141 429 116 44 tempone
1225 429 74 44 pro
1267 429 74 44 quo
1299 429 126 44 precipitur

824 455 118 42 exterior
913 455 118 42 executio
1001 455 59 42 ab
1031 455 118 42 ecclesia
1120 455 69 42 vel
1159 455 49 42 a
1179 455 79 42 deo.
1228 455 59 42 Ad
1258 455 118 42 secundum
1336 455 89 42 dicitur

826 485 87 45 quod
880 485 65 45 in
913 485 130 45 quolibet
1011 485 98 45 gradu
1076 485 130 45 sufficit
1173 485 119 45 conteri
1260 485 65 45 et
1293 485 87 45 quod
1336 485 98 45 equalis

826 516 141 42 contritio
935 516 76 42 quo
978 516 65 42 ad
1010 516 108 42 gradum
1086 516 130 42 sufficit
1184 516 76 42 pro
1227 516 119 42 mortali
1314 516 65 42 et
1335 516 98 42 veniali

824 538 73 47 Sed
865 538 83 47 ille
917 538 167 47 contritiones
1053 538 135 47 differunt
1157 538 104 47 specie
1230 538 94 47 sicut
1293 538 115 47 obiecta
1376 538 52 47 .
1386 538 42 47 i.

820 569 118 44 peccata
906 569 64 44 de
938 569 107 44 quibus
1013 569 107 44 fiunt.
1088 569 64 44 Et
1120 569 64 44 ad
1152 569 161 44 reductionem
1281 569 64 44 in
1302 569 129 44 contrarium

819 599 123 36 dicendum
911 599 72 36 est
952 599 72 36 vel
993 599 82 36 quod
1045 599 113 36 oportet
1127 599 82 36 dare
1178 599 82 36 quod
1230 599 82 36 pena
1281 599 103 36 debita
1353 599 103 36 maximo

819 623 122 44 veniali
908 623 78 44 vel
952 623 100 44 etiam
1018 623 122 44 omnibus
1107 623 155 44 venialibus
1229 623 177 44 possibilibus
1362 623 66 44 con-

818 654 101 37 mitti
885 654 67 37 ab
918 654 101 37 eodem
985 654 78 37 non
1030 654 112 37 potest
1108 654 67 37 oe
1142 654 134 37 potentia
1242 654 78 37 dei
1287 654 134 37 ordinata
1376 654 56 37 per

821 680 142 47 tingere
925 680 78 47 ad
963 680 207 47 magnitudinem
1132 680 142 47 debitam
1235 680 129 47 minimo
1313 680 116 47 mortali

822 709 91 40 dato
878 709 91 40 quod
935 709 91 40 pena
992 709 125 40 eiusdem
1083 709 136 40 rationis
1185 709 114 40 debeat
1265 709 125 40 vterque
1344 709 91 40 puniri

816 738 84 42 post
869 738 179 42 commutationem
1016 738 84 42 pene
1069 738 105 42 eterne
1142 738 63 42 in
1174 738 147 42 temponalem
1289 738 74 42 vel
1331 738 116 42 secundo

822 768 121 45 oportet
910 768 110 45 dicere
986 768 88 45 quod
1041 768 88 45 pene
1096 768 88 45 iste
1151 768 77 45 non
1195 768 88 45 sunt
1250 768 121 45 eiusdem
1326 768 110 45 rationis

816 793 73 46 vel
857 793 104 46 tertio
930 793 115 46 oportet
1014 793 104 46 dicere
1087 793 83 46 quod
1139 793 83 46 pena
1191 793 73 46 pro
1233 793 73 46 vno
1275 793 104 46 potest
1348 793 63 46 in
1368 793 63 46 casu

822 819 85 51 esse
876 819 117 51 equalis
961 819 85 51 pene
1014 819 74 51 pro
1056 819 106 51 altero
1131 819 64 51 et
1162 819 138 51 quandoque
1269 819 74 51 hec
1311 819 85 51 illa
1354 819 74 51 maior

819 852 67 43 et
852 852 145 43 quandoque
964 852 111 43 minor.
1042 852 78 43 Sed
1086 852 89 43 tunc
1142 852 78 43 non
1187 852 100 43 erunt
1254 852 111 43 cetera
1332 852 100 43 paria
1387 852 45 43 et

814 874 81 41 hoc
861 874 104 41 credo
930 874 127 41 verius.
1023 874 116 41 Aliter
1104 874 93 41 enim
1162 874 162 41 penitendum
1289 874 81 41 est
1335 874 69 41 de
1359 874 69 41 mor-

817 907 85 44 tali
870 907 64 44 et
902 907 106 44 aliter
976 907 64 44 de
1008 907 117 44 veniali
1093 907 64 44 et
1125 907 85 44 plus
1178 907 85 44 sine
1231 907 170 44 comparatione
1358 907 74 44 habet

819 936 138 42 displicere
927 936 79 42 sibi
977 936 79 42 quod
1026 936 118 42 peccauit
1114 936 138 42 mortaliter
1222 936 79 42 quam
1272 936 79 42 quod
1311 936 118 42 venialiter

819 962 92 38 plus
876 962 115 38 inquam
957 962 81 38 non
1003 962 104 38 actus
1072 962 173 38 magnitudine
1210 962 81 38 sed
1256 962 104 38 vicii
1313 962 115 38 detesta-

814 992 100 44 tione
880 992 67 44 et
914 992 100 44 istud
980 992 100 44 verum
1047 992 78 44 est
1091 992 67 44 oe
1125 992 89 44 pena
1180 992 155 44 promortali
1302 992 100 44 scito
1357 992 67 44 esse

819 1015 125 43 huiusmodi
915 1015 58 43 et
944 1015 58 43 de
973 1015 77 43 tali
1021 1015 67 43 pro
1059 1015 106 43 veniali
1136 1015 86 43 scito
1194 1015 77 43 esse
1242 1015 86 43 huius
1290 1015 134 43 simpliciter.

818 1044 86 47 Sed
867 1044 99 47 tunc
929 1044 124 47 restat
1015 1044 161 47 dubitatio
1139 1044 74 47 de
1176 1044 124 47 duobus
1262 1044 124 47 quorum
1337 1044 86 47 vnius

819 1074 130 45 peccauit
917 1074 141 45 mortaiter
1025 1074 65 45 et
1058 1074 98 45 alter
1123 1074 130 45 veniater
1221 1074 65 45 et
1253 1074 119 45 vterque
1329 1074 98 45 oblitus

819 1105 73 42 est
860 1105 62 42 et
891 1105 125 42 peniteat
985 1105 114 42 vterque
1068 1105 166 42 sufficienter
1203 1105 62 42 ad
1234 1105 73 42 hoc
1276 1105 83 42 quod
1317 1105 104 42 soluetur

818 1129 62 46 vno
854 1129 89 46 genere
916 1129 107 46 ponentie
997 1129 71 46 sic.
1041 1129 107 46 scilicet
1122 1129 54 46 si
1148 1129 89 46 vnquam
1211 1129 98 46 offendi
1282 1129 71 46 deum
1327 1129 54 46 in
1354 1129 89 46 aliquo

819 1159 117 42 peccato
904 1159 85 42 quod
958 1159 74 42 non
1000 1159 106 42 recolo
1074 1159 85 42 mihi
1128 1159 138 42 displicet
1234 1159 64 42 et
1266 1159 85 42 peto
1319 1159 106 42 veniam
1383 1159 43 42 et

810 1188 86 41 minam
868 1188 57 41 et
896 1188 67 41 sic
935 1188 115 41 moriatur
1020 1188 105 41 vterque
1097 1188 67 41 sic
1135 1188 86 41 tamen
1192 1188 76 41 quod
1240 1188 105 41 vterque
1316 1188 95 41 restet
1374 1188 57 41 pena

811 1213 68 44 in
845 1213 158 44 purgatorio
969 1213 79 44 aut
1014 1213 113 44 igitur
1093 1213 124 44 equalis
1183 1213 79 44 vel
1228 1213 102 44 minor
1296 1213 79 44 pro
1330 1213 102 44 veniali

811 1244 65 42 vt
844 1244 97 42 prius
908 1244 129 42 deductum
1005 1244 75 42 est
1048 1244 75 42 Hic
1091 1244 97 42 primo
1155 1244 129 42 dicendum
1252 1244 86 42 quod
1306 1244 86 42 pena
1349 1244 75 42 prima

817 1268 104 51 debita
890 1268 73 51 pro
931 1268 115 51 mortali
1015 1268 115 51 excedit
1098 1268 63 51 in
1129 1268 135 51 infinitum
1233 1268 94 51 penam
1296 1268 115 51 debitam
1369 1268 52 51 pro

808 1300 141 43 veniali.
914 1300 82 43 Sed
961 1300 94 43 deus
1019 1300 70 43 de
1055 1300 117 43 gratia
1137 1300 82 43 sua
1183 1300 94 43 mere
1242 1300 141 43 commutat
1336 1300 82 43 istam

814 1328 93 49 penam
875 1328 62 49 in
906 1328 144 49 temponalem
1020 1328 144 49 determiate
1133 1328 154 49 quantitatis
1256 1328 103 49 quante
1328 1328 82 49 sibi
1370 1328 51 49 pla

810 1362 103 37 cuerit
882 1362 72 37 non
923 1362 62 37 ex
954 1362 103 37 merito
1025 1362 72 37 nno
1067 1362 72 37 sed
1108 1362 113 37 Christi
1190 1362 82 37 vnde
1241 1362 92 37 patet
1303 1362 82 37 quod
1344 1362 82 37 incon-

812 1387 170 44 parabiliter
948 1387 193 44 misericordius
1107 1387 91 44 deus
1164 1387 91 44 agit
1221 1387 80 44 cum
1266 1387 148 44 penitente
1368 1387 57 44 cui

816 1410 121 46 commutat
907 1410 91 46 penam
967 1410 111 46 eternam
1048 1410 61 46 in
1078 1410 141 46 temponalem
1189 1410 111 46 virtute
1270 1410 101 46 mortis
1330 1410 91 46 Christi

813 1438 88 50 quam
868 1438 77 50 cui
912 1438 66 50 in
945 1438 143 50 quacunque
1055 1438 165 50 proportione
1188 1438 132 50 dimittit
1287 1438 66 50 de
1320 1438 88 50 pena
1364 1438 55 50 de-

809 1470 89 46 bita
865 1470 78 46 pro
909 1470 123 46 veniali
999 1470 78 46 non
1044 1470 101 46 totam
1111 1470 168 46 remittendo.
1245 1470 67 46 Ex
1279 1470 78 46 quo
1312 1470 112 46 sequitur

810 1496 87 49 quod
864 1496 119 49 maionem
951 1496 151 49 efficaciam
1070 1496 108 49 habuit
1146 1496 87 49 mors
1200 1496 119 49 Christi
1286 1496 65 49 ad
1308 1496 108 49 iuuandum

811 1529 143 47 penitere
919 1529 143 47 volentes
1026 1529 72 47 de
1062 1529 167 47 mortalibus
1193 1529 96 47 quam
1253 1529 72 47 de
1277 1529 143 47 venialibus

805 1558 104 41 iuxta
875 1558 104 41 illud
945 1558 139 41 apostoli
1049 1558 81 41 vbi
1095 1558 162 41 habundauit
1223 1558 139 41 delictum
1327 1558 70 41 et
1350 1558 70 41 etc.

811 1581 122 49 Secundo
900 1581 122 49 videtur
989 1581 89 49 mihi
1045 1581 134 49 dicendum
1145 1581 89 49 quod
1200 1581 156 49 conceditur
1312 1581 100 49 conclu-

808 1609 102 42 sionem
879 1609 142 42 possibilem
991 1609 81 42 esse
1041 1609 61 42 de
1072 1609 81 42 pena
1123 1609 132 42 temponali
1224 1609 61 42 in
1255 1609 81 42 quam
1295 1609 122 42 commutatur

806 1640 92 46 pena
864 1640 115 46 eterna
945 1640 81 46 cum
991 1640 81 46 hoc
1037 1640 127 46 penitet
1130 1640 81 46 vel
1176 1640 127 46 nunquam
1268 1640 138 46 veniatur
1372 1640 69 46 ad

804 1668 79 44 hoc
849 1668 90 44 quod
905 1668 90 44 quis
961 1668 157 44 mortaliter
1084 1668 112 44 peccet
1163 1668 101 44 minus
1230 1668 67 44 in
1264 1668 101 44 tanta
1320 1668 101 44 propor-

805 1696 108 47 tione
877 1696 72 47 vt
913 1696 96 47 pena
974 1696 120 47 debita
1058 1696 84 47 pro
1106 1696 132 47 veniali
1202 1696 157 47 coequetur
1323 1696 96 47 pene
1371 1696 48 47 de

802 1721 83 51 bite
853 1721 72 51 pro
895 1721 114 51 mortali
978 1721 72 51 sed
1019 1721 93 51 prima
1081 1721 83 51 pars
1133 1721 166 51 responsionis
1268 1721 114 51 videtur
1340 1721 83 51 verior

810 1750 67 47 Ad
843 1750 134 47 secundam
944 1750 168 47 reductionem
1079 1750 134 47 dicendum
1180 1750 90 47 quod
1236 1750 101 47 culpe
1303 1750 78 47 rem
1337 1750 78 47 issio

807 1781 102 42 gratie
878 1781 112 42 infusto
960 1781 61 42 et
991 1781 102 42 eterne
1062 1781 82 42 pene
1113 1781 61 42 in
1144 1781 143 42 temponalem
1256 1781 143 42 commutatio
1358 1781 51 42 non

802 1809 74 47 fit
845 1809 116 47 virtute
929 1809 168 47 contritionis
1066 1809 74 47 sed
1108 1809 63 47 de
1139 1809 84 47 mera
1192 1809 116 47 Christi
1276 1809 105 47 gratia
1339 1809 74 47 prius

801 1841 93 42 enim
859 1841 116 42 natura
940 1841 81 42 fit
987 1841 93 42 ista
1045 1841 162 42 commutatio
1172 1841 69 42 et
1207 1841 104 42 culpe
1276 1841 139 42 remissio
1369 1841 46 42 et

802 1866 104 45 gratie
874 1866 115 45 infusio
958 1866 83 45 quam
1010 1866 73 45 hoc
1052 1866 156 45 conuertatur
1176 1866 83 45 quia
1229 1866 94 45 actus
1291 1866 73 45 non
1333 1866 73 45 est
1364 1866 52 45 con

799 1896 116 45 tritio
880 1896 93 45 nisi
938 1896 116 45 habita
1019 1896 116 45 gratia
1100 1896 81 45 cum
1147 1896 81 45 qua
1193 1896 81 45 fit
1239 1896 81 45 vel
1286 1896 58 45 a
1309 1896 81 45 qua
1344 1896 69 45 pro-

797 1924 96 44 cedit
861 1924 64 44 ex
893 1924 85 44 tunc
946 1924 96 44 tamen
1010 1924 74 44 per
1053 1924 170 44 contritionem
1191 1924 149 44 remittitur
1308 1924 85 44 pena
1361 1924 74 44 que

804 1950 104 45 restat
876 1950 62 45 et
907 1950 83 45 bene
959 1950 83 45 volo
1011 1950 83 45 quod
1063 1950 207 45 proportionaliter
1239 1950 114 45 ceteris
1312 1950 93 45 paribus

801 1980 98 43 tanta
866 1980 109 43 posset
942 1980 87 43 esse
997 1980 98 43 talis
1062 1980 141 43 contritsb
1171 1980 87 43 quod
1225 1980 120 43 virtute
1312 1980 87 43 eius
1356 1980 43 43 me

801 2011 135 42 ritorie
899 2011 160 42 obtineret
1022 2011 98 42 quis
1083 2011 148 42 relaxari
1194 2011 86 42 vel
1243 2011 123 42 redimi
1317 2011 86 42 totam

803 2037 120 43 penam.
887 2037 72 43 Ad
923 2037 132 43 tertium
1019 2037 144 43 dicendum
1127 2037 96 43 quod
1187 2037 96 43 illa
1247 2037 156 43 proportio
1355 2037 48 43 de

801 2068 70 44 qua
841 2068 120 44 loquitur
931 2068 140 44 auctoritas
1042 2068 140 44 attendenda
1152 2068 70 44 est
1192 2068 120 44 secundem
1273 2068 130 44 intensionem

798 2094 77 56 vel
842 2094 165 56 extensionem
974 2094 77 56 nec
1018 2094 110 56 semper
1095 2094 121 56 oportet
1184 2094 121 56 vrunque
1261 2094 143 56 concurrere.
