1770 2500
327 238 70 44 in
362 238 93 44 casu
420 238 128 44 imperio
513 238 163 44 voluntatis
641 238 139 44 potentis
746 238 139 44 imperare
839 238 116 44 sibiipsi

338 277 69 34 vt
372 277 80 34 nec
418 277 103 34 velit
486 277 80 34 nec
532 277 103 34 nolit
601 277 80 34 hoc
647 277 80 34 sed
692 277 92 34 quod
749 277 69 34 se
784 277 160 34 transferat
898 277 46 34 et

336 307 157 32 intellectu
459 307 67 32 ad
492 307 89 32 alia
548 307 190 32 impertinentia
705 307 67 32 et
738 307 78 32 ita
772 307 179 32 interpretatiue

330 336 122 31 nollet.
419 336 67 31 Ad
452 336 100 31 illud
518 336 89 31 quod
574 336 111 31 tertio
652 336 133 31 infertur
751 336 89 31 quod
796 336 155 31 responsiones

336 365 71 29 de
372 365 106 29 medio
442 365 106 29 inter
513 365 106 29 velle
584 365 71 29 et
619 365 106 29 nolle
690 365 82 29 per
737 365 82 29 non
784 365 106 29 velle
855 365 82 29 non
890 365 59 29 va-

332 393 104 30 lent.
402 393 127 30 Negatur
494 393 184 30 consequentia
644 393 92 30 quia
701 393 69 30 de
736 393 81 30 hoc
782 393 92 30 quod
840 393 92 30 sor.
886 393 69 30 pec-

339 415 81 37 cat
386 415 93 37 deus
444 415 81 37 nec
491 415 105 37 habet
560 415 105 37 nolle
630 415 81 37 nec
677 415 105 37 velle
747 415 81 37 sed
793 415 81 37 non
840 415 105 37 velle
898 415 58 37 est

336 440 120 39 dubius
420 440 72 39 de
456 440 132 39 aliquo.
552 440 72 39 An
588 440 84 39 sit
636 440 144 39 volendum
744 440 84 39 vel
792 440 144 39 nolendum
888 440 60 39 nec

337 473 106 36 debet
408 473 106 36 illud
478 473 106 36 velle
548 473 82 36 vel
595 473 106 36 nolle
666 473 82 36 sed
712 473 106 36 velle
783 473 152 36 expectare
888 473 59 36 do-

335 504 83 33 nec
383 504 131 33 certius
478 504 154 33 cognoscat
597 504 71 33 de
632 504 83 33 hoc
680 504 83 33 vel
727 504 107 33 debet
799 504 107 33 velle
870 504 107 33 igno¬

338 527 103 39 ranter
410 527 62 39 se
441 527 103 39 habere
513 527 62 39 et
544 527 72 39 sic
586 527 62 39 de
617 527 145 39 similibus.
730 527 52 39 ⁋
751 527 124 39 Sciendum
844 527 72 39 est
875 527 72 39 tamen

336 556 77 40 quod
385 556 77 40 alia
433 556 68 40 via
472 556 116 40 scilicet
559 556 164 40 altisiodoreni
694 556 77 40 quam
742 556 87 40 etiam
800 556 77 40 alii
849 556 97 40 tenent
907 556 48 40 vi-

340 581 110 42 detur
413 581 98 42 esse
475 581 110 42 magis
548 581 135 42 fundata
646 581 74 42 vt
683 581 110 42 patet
757 581 147 42 intuenti
867 581 86 42 iam
904 581 49 42 di

333 611 83 39 ctum
384 611 135 39 processum
488 611 62 39 et
519 611 72 39 cum
560 611 93 39 dicit
623 611 83 39 adam
674 611 83 39 quod
726 611 83 39 homo
778 611 135 39 experitur
882 611 62 39 se
902 611 52 39 non

341 643 100 38 posse
408 643 134 38 transire
508 643 89 38 sine
563 643 89 38 omni
619 643 89 38 actu
675 643 156 38 voluntatis
797 643 100 38 dicti
853 643 100 38 dictato

341 669 90 38 clare
401 669 80 38 quid
451 669 70 38 sit
491 669 110 38 agendum
570 669 80 38 etc.
620 669 100 38 Dicunt
690 669 90 38 aliti
750 669 80 38 quod
800 669 120 38 loquendo
889 669 60 38 de
909 669 40 38 ex

341 698 143 37 perientia
451 698 132 37 rationis
550 698 88 37 homo
605 698 77 37 per
649 698 99 37 illud
715 698 132 37 iudicium
814 698 132 37 rationis
902 698 44 37 no

340 725 149 37 impeditum
454 725 172 37 considerans
591 725 126 37 naturam
683 725 69 37 et
717 725 160 37 libertatem
832 725 114 37 voluntat

340 756 142 36 experitur
449 756 76 36 hoc
493 756 65 36 et
526 756 109 36 merito
602 756 76 36 per
646 756 131 36 rationem
744 756 142 36 concludit
853 756 87 36 quod
896 756 55 36 pos

340 782 106 39 sibile
415 782 75 39 est
457 782 149 39 voluntatem
574 782 106 39 stante
649 782 96 39 pleno
713 782 64 39 et
745 782 96 39 claro
809 782 117 39 iudicio
883 782 64 39 quid

334 808 129 35 agendum
428 808 82 35 vel
475 808 82 35 non
522 808 129 35 agendum
617 808 82 35 sit
664 808 94 35 etc.
722 808 82 35 per
770 808 118 35 tempus
840 808 106 35 aliquod

346 838 77 36 ymo
390 838 77 36 per
434 838 99 36 horam
500 838 77 36 vel
544 838 121 36 amplius
632 838 99 36 stare
698 838 88 36 sine
753 838 88 36 omni
808 838 88 36 actu
863 838 77 36 suo
896 838 55 36 li-

337 865 81 35 bero
387 865 111 35 secudum
468 865 121 35 communem
558 865 101 35 cursum
629 865 121 35 potentie
719 865 121 35 volitiue
810 865 111 35 itaquod
891 865 60 35 in
911 865 40 35 na

339 892 109 36 turali
415 892 109 36 ptante
492 892 152 36 voluntatis
611 892 76 36 est
655 892 120 36 penitus
742 892 109 36 nullum
818 892 98 36 actum
873 892 76 36 liber

335 920 117 35 habere
417 920 117 35 stante
500 920 106 35 tamen
570 920 106 35 claro
640 920 129 35 iudicio
734 920 176 35 supradicto.
875 920 70 35 Et
898 920 59 35 ra-

339 948 76 38 tio
382 948 119 38 videtur
469 948 86 38 esse
523 948 86 38 quia
577 948 76 38 nec
620 948 76 38 per
663 948 97 38 actum
728 948 162 38 intellectus
858 948 76 38 nec
890 948 65 38 alte

339 977 97 35 rius
400 977 146 35 potentie
509 977 146 35 voluntas
618 977 182 35 necessitari
764 977 121 35 posset
849 977 73 35 ad
873 977 85 35 haben

344 1007 89 32 dum
395 1007 140 32 aliquem
497 1007 115 32 actum
574 1007 140 32 liberum
676 1007 102 32 quia
739 1007 76 32 eo
778 1007 102 32 ipso
841 1007 115 32 actus
905 1007 51 32 li

341 1036 79 34 ber
386 1036 79 34 non
431 1036 102 34 esset
499 1036 113 34 liber.
578 1036 68 34 Et
612 1036 79 34 cum
657 1036 113 34 infert
736 1036 90 34 adam
793 1036 90 34 quod
849 1036 90 34 tunc
894 1036 57 34 pa-

338 1061 69 34 ri
373 1061 127 34 ratione
465 1061 81 34 per
511 1061 92 34 omen
569 1061 115 34 tempus
649 1061 115 34 posset
730 1061 81 34 sic
776 1061 104 34 stare
845 1061 92 34 sine
891 1061 69 34 omni

342 1089 97 34 actu
402 1089 169 34 consequens
536 1089 85 34 non
584 1089 133 34 videtur
681 1089 182 34 impossibile
826 1089 109 34 licet
886 1089 73 34 for-

347 1117 69 35 te
382 1117 115 35 nullus
463 1117 138 35 expertus
567 1117 81 35 sit
613 1117 81 35 hoc
659 1117 81 35 ita
705 1117 115 35 factum
786 1117 92 35 esse
844 1117 92 35 quia
890 1117 69 35 pos-

348 1148 112 34 sibile
426 1148 78 34 est
471 1148 89 34 quod
526 1148 89 34 homo
582 1148 100 34 solum
649 1148 89 34 post
705 1148 78 34 hoc
749 1148 156 34 breuissimo
861 1148 89 34 tempo-

356 1175 67 35 re
389 1175 100 35 viuat
456 1175 100 35 tamen
522 1175 178 35 consequentia
667 1175 78 35 est
711 1175 122 35 neganda
800 1175 122 35 propter
877 1175 78 35 fragi

349 1207 127 32 litatem
442 1207 127 32 homins.
534 1207 58 32 ⁋
557 1207 69 32 Ad
592 1207 139 32 secundum
696 1207 162 32 argumentum
823 1207 92 32 suum
869 1207 81 32 negat

349 1233 186 33 consequentia
501 1233 93 33 quia
559 1233 93 33 plus
617 1233 140 33 exigitur
721 1233 70 33 ad
756 1233 140 33 merendum
861 1233 93 33 quam
907 1233 47 33 ad

341 1262 162 33 demerendum
469 1262 69 33 vt
503 1262 116 33 patuit
585 1262 116 33 prius.
666 1262 69 33 Et
700 1262 69 33 si
735 1262 104 33 dicis
805 1262 69 33 si
839 1262 93 33 pura
886 1262 69 33 omit

349 1292 82 33 sio
396 1292 128 33 peccati
489 1292 116 33 posset
571 1292 93 33 esse
629 1292 140 33 peccatum
734 1292 128 33 mortale
827 1292 93 33 tunc
873 1292 82 33 sequi

348 1315 80 38 tur
393 1315 91 38 quod
450 1315 102 38 nolle
518 1315 137 38 positiue
621 1315 125 38 implere
712 1315 148 38 preceptum
825 1315 102 38 illud
882 1315 80 38 esset

348 1347 144 36 peccatum
456 1347 132 36 maioris
551 1347 132 36 malitie
647 1347 72 36 in
683 1347 167 36 infinitum.
803 1347 155 36 Respondetur

354 1374 85 35 quod
408 1374 149 35 consequens
525 1374 75 35 non
567 1374 75 35 est
610 1374 170 35 inconveniens
748 1374 75 35 nec
791 1374 96 35 tamen
855 1374 96 35 valet
908 1374 53 35 con

353 1407 153 30 sequentia
471 1407 94 30 quia
529 1407 153 30 possibile
647 1407 106 30 foret
717 1407 94 30 pure
776 1407 164 30 omittentem
893 1407 59 30 pri

349 1433 118 33 ceptum
432 1433 129 33 taliter
526 1433 71 33 se
561 1433 118 33 habere
643 1433 71 33 et
679 1433 94 33 esse
726 1433 235 33 circunstantionatum

350 1464 68 30 quo
389 1464 58 30 ad
418 1464 58 30 se
447 1464 58 30 et
477 1464 97 30 statum
544 1464 78 30 suum
593 1464 58 30 et
622 1464 58 30 in
651 1464 97 30 ordine
719 1464 58 30 ad
748 1464 165 30 praecipientem
884 1464 78 30 quod
923 1464 39 30 pu

350 1489 63 32 ra
381 1489 115 32 omissio
465 1489 136 32 praecepti
570 1489 94 32 esset
633 1489 84 32 sibi
685 1489 115 32 grauius
769 1489 126 32 peccatum
864 1489 84 32 quam
906 1489 52 32 ali

348 1512 97 36 teri
409 1512 171 36 contemptus
543 1512 85 36 vel
591 1512 110 36 nolle
665 1512 134 36 implere
762 1512 171 36 preceptum.
884 1512 73 36 Ter-

351 1542 83 33 tia
399 1542 155 33 particula
518 1542 167 33 supradicte
649 1542 203 33 descriptionis
816 1542 83 33 pro
852 1542 107 33 peccato

350 1570 68 36 in
384 1570 79 36 quo
429 1570 125 36 aliquis
520 1570 79 36 est
565 1570 136 36 postquam
667 1570 125 36 transit
758 1570 102 36 actus
826 1570 79 36 tam
860 1570 91 36 exteri

351 1601 59 33 or
381 1601 78 33 quod
429 1601 117 33 interior
517 1601 98 33 illius
586 1601 68 33 qui
625 1601 117 33 peccauit
713 1601 78 33 quia
762 1601 98 33 potest
830 1601 78 33 esse
879 1601 78 33 quod
918 1601 39 33 ta

354 1627 78 36 lis
399 1627 123 36 persona
488 1627 89 36 tunc
544 1627 123 36 dormiat
633 1627 67 36 et
667 1627 89 36 ideo
722 1627 78 36 cum
767 1627 101 36 adhuc
834 1627 78 36 sit
879 1627 67 36 in
901 1627 56 36 pec

348 1656 92 33 cato
405 1656 69 33 et
439 1656 138 33 peccator
542 1656 92 33 eius
600 1656 138 33 peccatum
703 1656 80 33 non
749 1656 80 33 est
795 1656 103 33 actus
852 1656 103 33 aliquis

354 1684 79 30 nec
399 1684 135 30 carentia
500 1684 101 30 actus
568 1684 90 30 quem
624 1684 90 30 tunc
680 1684 124 30 tenetur
771 1684 113 30 habere
849 1684 90 30 quia
894 1684 68 30 tunc

352 1714 98 33 forte
417 1714 76 33 non
461 1714 119 33 tenetur
547 1714 65 33 ad
580 1714 119 33 aliquem
666 1714 76 33 dum
710 1714 108 33 dormit
786 1714 76 33 nec
829 1714 98 33 etiam
883 1714 76 33 actus

345 1741 118 34 aliquis
431 1741 86 34 quia
484 1741 86 34 iste
538 1741 139 34 remaneret
645 1741 96 34 culpa
709 1741 86 34 tali
762 1741 118 34 dimissa
848 1741 75 34 nec
880 1741 75 34 etiam

357 1775 118 30 carentia
446 1775 99 30 gratie
515 1775 99 30 tantum
584 1775 79 30 quia
633 1775 89 30 forte
693 1775 89 30 prius
752 1775 118 30 perdidit
841 1775 109 30 gratiam
910 1775 49 30 per

351 1798 114 33 aliquod
433 1798 124 33 peccatum
527 1798 134 33 precedens
630 1798 72 33 nec
671 1798 72 33 est
713 1798 83 33 ipsa
764 1798 93 33 anima
827 1798 72 33 aut
868 1798 114 33 aliquid

345 1826 106 31 aliud
416 1826 176 31 assignabile
557 1826 106 31 sicut
627 1826 106 31 patet
698 1826 82 31 per
745 1826 129 31 singula
827 1826 129 31 discurrem

350 1854 68 32 do
384 1854 90 32 nisi
440 1854 90 32 quis
496 1854 113 32 vellet
575 1854 79 32 ire
620 1854 68 32 ad
654 1854 135 32 iudicium
755 1854 135 32 rationis
857 1854 101 32 sicut
913 1854 45 32 fa

346 1887 81 29 cit
393 1887 81 29 hic
439 1887 116 29 doctor
520 1887 139 29 subtilis
624 1887 81 29 cum
670 1887 104 29 aliis
739 1887 69 29 in
774 1887 81 29 hoc
820 1887 116 29 puncto
890 1887 69 29 bene

355 1912 132 30 tenens.
451 1912 72 30 q.
487 1912 72 30 p.
523 1912 84 30 di.
571 1912 72 30 14
607 1912 72 30 Et
643 1912 96 30 okam
704 1912 72 30 in
740 1912 84 30 suo
788 1912 120 30 quarto
872 1912 72 30 de
896 1912 60 30 pen

346 1936 107 39 tentia
421 1936 75 39 di.
464 1936 75 39 2o.
507 1936 75 39 et.
550 1936 75 39 11.
593 1936 96 39 tenet
657 1936 107 39 easdem
732 1936 86 39 quas
786 1936 96 39 etiam
850 1936 107 39 scotus
914 1936 43 39 et

349 1963 88 36 ambo
404 1963 88 36 bene
459 1963 121 36 probant
547 1963 99 36 nulla
613 1963 110 36 igitur
690 1963 77 36 res
734 1963 110 36 potest
811 1963 88 36 poni
866 1963 77 36 vna
899 1963 66 36 tunc

346 1992 83 38 esse
398 1992 125 38 peccatum
492 1992 73 38 qua
533 1992 94 38 talis
596 1992 83 38 tunc
648 1992 73 38 est
690 1992 136 38 peccator.
794 1992 73 38 Sed
836 1992 63 38 si
857 1992 104 38 quaratur

355 2025 71 33 quid
399 2025 97 33 nomines
470 2025 53 33 id
496 2025 62 33 est
532 2025 106 33 qualiter
611 2025 88 33 possit
673 2025 97 33 exprimi
743 2025 106 33 dicendum
823 2025 71 33 quod
867 2025 88 33 potest
920 2025 35 33 ve

356 2050 91 31 cari
412 2050 114 31 reatus
492 2050 102 31 culpe
560 2050 91 31 siue
617 2050 216 31 penitentialiter
799 2050 80 31 sit
844 2050 102 31 actus
901 2050 57 31 vel

348 2081 129 47 omissio
442 2081 165 47 culpabilis
572 2081 94 47 siue
630 2081 153 47 preteriit
748 2081 94 47 quia
807 2081 82 47 non
854 2081 82 47 est
889 2081 82 47 minus

972 232 91 49 reus
1028 232 102 49 quies
1096 232 79 49 cum
1142 232 91 49 actu
1198 232 113 49 peccat
1278 232 91 49 quam
1334 232 79 49 cum
1380 232 159 49 cessauerit
1504 232 68 49 ab
1527 232 68 49 actu

975 278 121 32 postquam
1065 278 90 32 actus
1126 278 101 32 igitur
1196 278 121 32 transiit
1287 278 90 32 culpe
1347 278 90 32 adhuc
1407 278 70 32 est
1447 278 70 32 ibi
1488 278 101 32 reatus
1548 278 40 32 i.

971 308 92 29 talis
1032 308 133 29 obligatur
1135 308 62 29 ad
1166 308 92 29 penam
1227 308 113 29 eternam
1309 308 92 29 licet
1371 308 92 29 tamen
1432 308 133 29 improprie
1524 308 62 29 dica

980 333 73 32 tur
1021 333 73 32 ibi
1063 333 105 32 reatus
1137 333 84 32 esse
1189 333 94 32 sicut
1252 333 115 32 dicitur
1336 333 73 32 ibi
1378 333 115 32 cecitas
1462 333 84 32 esse
1515 333 63 32 in
1536 333 52 32 ocu

975 360 63 30 lo
1006 360 84 30 quia
1058 360 104 30 oculus
1131 360 73 30 est
1173 360 94 30 cecus
1236 360 73 30 ita
1278 360 115 30 oportet
1361 360 157 30 intelligere
1487 360 94 30 istam
1539 360 52 30 rea

976 389 67 38 tus
1015 389 67 38 est
1053 389 67 38 ibi
1091 389 57 38 id
1119 389 67 38 est
1157 389 86 38 talis
1214 389 67 38 est
1252 389 76 38 reus
1300 389 105 38 gehenne
1376 389 86 38 donec
1433 389 67 38 per
1461 389 124 38 penitentiam

972 416 83 31 sibi
1024 416 94 31 culpa
1086 416 156 31 remittitur.
1211 416 52 31 ⁋
1232 416 135 31 Secuendum
1335 416 104 31 dubium
1408 416 104 31 potest
1481 416 83 31 esse
1523 416 62 31 quis

974 443 110 33 debeat
1051 443 143 33 intelligi
1160 443 77 33 per
1204 443 164 33 sacramentum
1336 443 153 33 penitentie
1456 443 66 33 de
1489 443 77 33 hoc
1533 443 77 33 que

979 477 63 35 re
1010 477 63 35 in
1041 477 126 35 richardo
1136 477 63 35 de
1167 477 94 35 media
1230 477 94 35 villa
1293 477 73 35 li.
1335 477 63 35 4.
1366 477 73 35 di.
1408 477 63 35 14
1440 477 63 35 q.
1471 477 63 35 p.
1503 477 84 35 quod
1545 477 52 35 pe-

982 500 117 31 nitentia
1070 500 127 31 accipitur
1168 500 185 31 quaedrupliciter
1324 500 88 31 sicut
1382 500 98 31 notaui
1450 500 59 31 in
1480 500 98 31 quarto
1538 500 49 31 le-

978 527 102 36 ctura
1046 527 114 36 norlu.
1125 527 102 36 eadem
1194 527 182 36 distinctione
1341 527 68 36 et
1376 527 68 36 ad
1410 527 159 36 propositum
1523 527 80 36 sacra

970 557 120 29 mentum
1054 557 167 29 penitentie
1185 557 84 29 est
1233 557 144 29 remedium
1341 557 120 29 contra
1425 557 144 29 peccatum
1520 557 72 29 mor-

975 585 83 34 tale
1026 585 114 34 actuale
1109 585 72 34 per
1150 585 145 34 sacerdotem
1264 585 155 34 ministratum
1388 585 83 34 etc.
1439 585 62 34 et
1460 585 124 34 specialiti

973 614 151 33 expressius
1092 614 129 33 secundum
1188 614 86 33 sco.
1242 614 97 33 eadem
1307 614 75 33 di.
1350 614 65 33 q.
1382 614 65 33 4.
1414 614 161 33 Sacramentum
1532 614 65 33 peni

974 642 111 29 tentie
1052 642 78 29 est
1096 642 145 29 absolutio
1208 642 122 29 hominis
1297 642 156 29 penitentur
1419 642 100 29 facta
1486 642 78 29 sub
1519 642 78 29 debi-

979 670 79 30 tis
1024 670 113 30 verbis
1103 670 79 30 cum
1148 670 113 30 debita
1228 670 158 30 intentione
1352 670 136 30 prolatis
1454 670 57 30 a
1465 670 125 30 sacerdote

972 698 199 34 suriditionem
1133 698 137 34 habente
1233 698 75 34 ex
1270 698 199 34 institutione
1432 698 124 34 diuina
1507 698 87 34 effi-

976 727 138 30 caciter
1077 727 188 30 significans
1227 727 200 30 emundationem
1390 727 113 30 anime
1465 727 63 30 a
1477 727 113 30 peccato

976 755 70 27 et
1011 755 93 27 hanc
1069 755 197 27 descriptionem
1232 755 139 27 declarat
1336 755 81 27 ibi
1383 755 139 27 diffuse.
1487 755 93 27 Alio
1534 755 58 27 mo-

975 781 70 33 do
1010 781 128 33 sumitur
1103 781 81 33 pro
1150 781 128 33 vertute
1243 781 163 33 penitendi.
1371 781 93 33 Alio
1429 781 93 33 modo
1476 781 116 33 sensuali

976 809 70 31 ex
1011 809 117 31 dolore
1094 809 176 31 consequente
1234 809 223 31 considerationem
1422 809 70 31 et
1445 809 141 31 detestatio

976 840 73 33 nem
1017 840 114 33 peccati
1100 840 145 33 perpetrati
1214 840 93 33 sicut
1276 840 93 33 patet
1338 840 73 33 per
1380 840 135 33 richardum
1483 840 73 33 vbi
1514 840 73 33 prius

978 865 86 34 Alio
1032 865 86 34 modo
1086 865 108 34 scotus
1162 865 140 34 distiguit
1269 865 75 34 in.
1312 865 54 34 p
1334 865 75 34 .q.
1377 865 75 34 di.
1420 865 65 34 14
1442 865 140 34 multiplicen

973 894 103 35 modum
1041 894 161 35 actualiter
1168 894 149 35 penitendi
1283 894 80 35 vbi
1329 894 92 35 vide
1386 894 80 35 eum
1432 894 92 35 quia
1490 894 103 35 multa
1547 894 46 35 po

974 926 80 32 nit
1019 926 103 32 valde
1088 926 149 32 notabilia
1203 926 69 32 et
1238 926 103 32 etiam
1306 926 92 32 okam
1364 926 69 32 in
1398 926 80 32 suo
1444 926 126 32 quario.
1525 926 57 32 qu-

979 951 71 33 de
1015 951 165 33 penitentia
1144 951 153 33 articulo.
1262 951 71 33 p.
1298 951 177 33 principali.
1440 951 106 33 Aliud
1499 951 94 33 dubium

975 982 104 30 vtrum
1045 982 116 30 possit
1126 982 128 30 remitti
1219 982 104 30 culpa
1289 982 139 30 mortalis
1393 982 93 30 fine
1439 982 151 30 penitentia.

975 1007 107 47 Istud
1046 1007 107 47 satis
1117 1007 95 47 bene
1177 1007 119 47 soluit
1260 1007 95 47 okam
1319 1007 83 47 vbi
1367 1007 107 47 prius
1438 1007 142 47 articulo
1533 1007 59 47 se-

980 1033 109 40 cundo
1040 1033 158 40 principali.

1072 1064 190 58 Trum
1191 1064 213 58 actus
1309 1064 285 58 penitentie

1071 1110 154 44 requisitus
1192 1110 66 44 ad
1225 1110 154 44 deletionem
1346 1110 110 44 peccit
1423 1110 132 44 mortalis
1522 1110 77 44 sit
1555 1110 44 44 me

1030 1148 133 51 ritorius
1130 1148 89 51 vite
1185 1148 122 51 eterne.
1274 1148 122 51 Uidetur
1363 1148 89 51 quod
1418 1148 78 51 non
1463 1148 89 51 quia
1507 1148 89 51 nullus

1094 1172 97 34 actus
1158 1172 118 34 penalis
1244 1172 75 34 est
1287 1172 150 34 meritorius
1405 1172 86 34 vite
1459 1172 107 34 eterne
1534 1172 75 34 sed

983 1206 71 38 omnis
1031 1206 71 38 actus
1078 1206 87 38 ponente
1142 1206 56 38 est
1173 1206 103 38 huiusmodi
1253 1206 48 38 vt
1277 1206 71 38 patet
1324 1206 56 38 per
1356 1206 135 38 descriptionem
1467 1206 95 38 ponentie
1531 1206 63 38 igitur

984 1238 83 29 maior
1039 1238 83 29 patet
1094 1238 74 29 quia
1140 1238 92 29 nullus
1205 1238 101 29 meretur
1278 1238 64 29 per
1315 1238 92 29 istudm
1379 1238 74 29 quod
1425 1238 64 29 est
1462 1238 92 29 contra
1517 1238 74 29 voluta

984 1259 73 36 tem.
1030 1259 64 36 Set
1066 1259 83 36 omnis
1122 1259 83 36 actus
1177 1259 101 36 penalis
1250 1259 119 36 huiusmodi
1342 1259 64 36 est
1379 1259 92 36 contra
1443 1259 73 36 suam
1480 1259 110 36 voluntatem

983 1287 63 33 vt
1014 1287 94 33 patet
1077 1287 73 33 per
1119 1287 126 33 anselmum
1213 1287 63 33 de
1245 1287 126 33 conceptu
1339 1287 136 33 verginali
1444 1287 73 33 ca.
1486 1287 63 33 4.
1518 1287 52 33 ⁋
1528 1287 63 33 Oppo

979 1319 87 30 situm
1037 1319 87 30 autem
1095 1319 67 30 per
1133 1319 87 30 illud
1191 1319 77 30 eze.
1239 1319 58 30 si
1268 1319 96 30 impius
1335 1319 96 30 egerit
1402 1319 154 30 penitentiam.
1518 1319 67 30 Endei

984 1346 130 30 syrensis
1082 1346 87 30 siue
1136 1346 152 30 hibernitus
1256 1346 76 30 per
1299 1346 87 30 duas
1354 1346 185 30 conclusiones.
1506 1346 54 30 ⁋
1517 1346 76 30 Prima

988 1372 69 35 est
1028 1372 79 35 quod
1077 1372 99 35 nullus
1146 1372 89 35 actus
1206 1372 128 35 penitendi
1304 1372 138 35 requisitus
1413 1372 59 35 ad
1443 1372 128 35 deletione
1532 1372 59 35 cul-

989 1402 69 36 pe
1023 1402 137 36 mortalis
1126 1402 80 36 quo
1172 1402 69 36 ad
1206 1402 114 36 culpam
1286 1402 80 36 est
1332 1402 160 36 meritorius
1458 1402 92 36 vite
1503 1402 92 36 eterne

984 1433 68 32 quod
1026 1433 85 32 nullus
1086 1433 77 32 talis
1137 1433 102 32 procedit
1213 1433 43 32 a
1230 1433 85 32 gratia
1290 1433 85 32 gratum
1349 1433 102 32 faciente
1426 1433 94 32 igitur.
1485 1433 102 32 Antecedens

979 1464 109 28 probatur
1060 1464 72 28 quia
1106 1464 109 28 quilibet
1187 1464 81 28 talis
1241 1464 118 28 praecedit
1332 1464 100 28 gratiam
1404 1464 100 28 tempone
1476 1464 63 28 vel
1504 1464 81 28 natura.

982 1487 100 36 Aliter
1052 1487 80 36 enim
1102 1487 70 36 non
1142 1487 140 36 requiretur
1252 1487 60 36 ad
1282 1487 140 36 deletionem
1393 1487 90 36 culpe
1453 1487 120 36 mortalis
1533 1487 60 36 quae

988 1514 57 31 ad
1016 1514 104 31 culpam.
1091 1514 47 31 ⁋
1110 1514 104 31 Secunda
1186 1514 123 31 conclusio
1280 1514 75 31 quod
1327 1514 104 31 aliquis
1402 1514 85 31 talis
1459 1514 85 31 actus
1516 1514 66 31 est
1544 1514 47 31 me-

980 1544 121 34 ritorius
1071 1544 81 34 vite
1122 1544 111 34 eterne.
1202 1544 121 34 Probatur
1294 1544 81 34 quia
1344 1544 111 34 aliquis
1425 1544 91 34 talis
1486 1544 71 34 est
1516 1544 71 34 actus

982 1567 95 37 bonus
1046 1567 147 37 voluntatis
1161 1567 137 37 procedens
1267 1567 53 37 a
1288 1567 137 37 charitate
1393 1567 63 37 et
1425 1567 95 37 omnis
1488 1567 95 37 talis
1540 1567 53 37 est

975 1602 164 32 meritorius
1104 1602 94 32 vite
1163 1602 129 32 eterne.
1257 1602 59 32 ⁋
1280 1602 70 32 Ad
1315 1602 164 32 principale
1444 1602 129 32 negatur
1526 1602 59 32 ma-

979 1628 82 34 ior.
1030 1628 61 34 Ad
1061 1628 154 34 probationem
1184 1628 123 34 dicendum
1276 1628 82 34 quod
1327 1628 123 34 anselmus
1419 1628 143 34 intelligit
1522 1628 61 34 quod

980 1656 89 33 omnis
1039 1656 89 33 actus
1099 1656 109 33 penalis
1177 1656 69 33 est
1217 1656 99 33 contra
1286 1656 138 33 voluntatem
1395 1656 59 33 id
1424 1656 69 33 est
1464 1656 99 33 contra
1523 1656 59 33 natu

983 1685 99 33 ralem
1049 1685 188 33 inclinationem
1204 1685 77 33 vel
1248 1685 110 33 contra
1325 1685 166 33 affectionem
1458 1685 121 33 commodi
1535 1685 55 33 vel

982 1711 154 37 voluntatis.
1105 1711 62 37 De
1136 1711 92 37 istis
1198 1711 185 37 conclusionibus
1352 1711 82 37 mihi
1403 1711 113 37 videtur
1485 1711 82 37 quod
1526 1711 62 37 quia

981 1741 97 35 nullus
1049 1741 87 35 actus
1107 1741 136 35 requiritur
1214 1741 58 35 ad
1243 1741 136 35 deletionem
1350 1741 78 35 etc.
1398 1741 78 35 quod
1447 1741 78 35 ideo
1495 1741 87 35 prima
1544 1741 48 35 con

985 1773 107 27 clusio
1060 1773 75 27 est
1103 1773 128 27 negatiua
1199 1773 64 27 de
1231 1773 118 27 vertute
1317 1773 128 27 sermonis
1413 1773 75 27 est
1456 1773 86 27 vera
1509 1773 64 27 et
1531 1773 53 27 per

983 1797 73 38 idem
1029 1797 83 38 patet
1084 1797 73 38 quod
1130 1797 101 38 secunda
1203 1797 64 38 est
1240 1797 83 38 falsa
1295 1797 55 38 ad
1322 1797 64 38 vim
1359 1797 83 38 vocis
1414 1797 83 38 eundo
1469 1797 83 38 tamen
1524 1797 55 38 ad
1542 1797 55 38 men-

981 1827 66 34 tem
1018 1827 113 34 ponentis
1103 1827 104 34 secunda
1179 1827 75 34 vera
1226 1827 66 34 est
1263 1827 104 34 necesse
1339 1827 75 34 enim
1386 1827 66 34 est
1424 1827 57 34 si
1452 1827 104 34 aliquis
1518 1827 66 34 morta

987 1855 102 34 liter
1055 1855 137 34 peccauit
1157 1855 68 34 et
1192 1855 68 34 si
1226 1855 102 34 debet
1294 1855 80 34 sua
1340 1855 102 34 culpa
1408 1855 114 34 deleri
1488 1855 80 34 vel
1522 1855 68 34 pena

987 1878 113 35 remitti
1069 1878 62 35 de
1100 1878 113 35 communi
1182 1878 82 35 lege
1233 1878 82 35 quod
1285 1878 103 35 habeat
1357 1878 92 35 actum
1418 1878 113 35 aliquem
1490 1878 103 35 peniten-

984 1912 61 34 di
1014 1912 72 34 qui
1055 1912 72 34 sit
1096 1912 143 34 meritorius
1209 1912 82 34 vite
1260 1912 113 34 eterne.
1342 1912 72 34 Set
1383 1912 72 34 sic
1424 1912 92 34 eundo
1486 1912 61 34 ad
1506 1912 82 34 mentem

982 1938 122 36 ponentis
1074 1938 133 36 conclusio
1176 1938 71 36 sua
1216 1938 92 36 prima
1278 1938 71 36 est
1319 1938 92 36 falsa
1380 1938 82 36 quia
1431 1938 92 36 talis
1492 1938 92 36 actus
1543 1938 51 36 iu-

980 1968 84 37 uans
1033 1968 74 37 seu
1075 1968 148 37 requisitus
1191 1968 63 37 ad
1223 1968 148 37 deletionem
1339 1968 95 37 culpe
1402 1968 127 37 mortalis
1497 1968 84 37 quae
1550 1968 63 37 ad

984 2000 102 36 culpam
1055 2000 71 36 est
1096 2000 142 36 meritorius
1208 2000 81 36 vite
1258 2000 102 36 eterne
1330 2000 71 36 non
1370 2000 122 36 obstante
1462 2000 81 36 quod
1503 2000 81 36 natura

982 2025 132 36 precedat
1081 2025 121 36 gratiam
1169 2025 88 36 quia
1224 2025 88 36 iste
1279 2025 132 36 disponit
1379 2025 77 36 eum
1423 2025 66 36 de
1456 2025 121 36 congruo
1533 2025 55 36 di-

982 2052 158 35 spositione
1106 2052 136 35 vltimata
1208 2052 68 35 vt
1242 2052 158 35 infundatur
1367 2052 113 35 gratia
1446 2052 68 35 et
1480 2052 113 35 gratia
1548 2052 45 35 ha

980 2081 102 44 bita
1044 2081 115 44 actus
1121 2081 102 44 iste
1184 2081 153 44 redditur
1299 2081 179 44 meritorius
1440 2081 102 44 vite
1491 2081 102 44 eterne
