1813 2500
191 263 99 56 facto
257 263 110 56 credat
334 263 66 56 se
368 263 132 56 peccasse
467 263 155 56 mortaliter
588 263 88 56 tunc
643 263 132 56 sequitur
743 263 88 56 quod

192 311 69 41 de
226 311 172 41 necessitate
364 311 127 41 salutis
456 311 127 41 tenetur
548 311 127 41 conteri
640 311 69 41 eo
675 311 92 41 quod
721 311 81 41 habet

190 344 189 31 conscientiam
343 344 71 31 de
379 344 141 31 mortati.
485 344 141 31 Falsitas
591 344 141 31 probatur
697 344 94 31 quia
744 344 59 31 de-

196 373 108 29 nullo
268 373 132 29 veniali
364 373 132 29 tenetur
460 373 96 29 quis
520 373 132 29 conteri
616 373 72 29 de
640 373 156 29 necessitate

193 396 136 35 salutis.
295 396 170 35 Respondetur
430 396 91 35 quod
487 396 170 35 conscientia
623 396 79 35 sua
668 396 125 35 obligat
747 396 57 35 eun

197 426 74 30 ad
234 426 198 30 purificandum
395 426 198 30 conscientiam
556 426 99 30 suam
618 426 87 30 vel
668 426 74 30 ad
692 426 112 30 deponem

190 453 82 34 dum
237 453 82 34 eam
284 453 105 34 alias
354 453 82 34 hoc
401 453 93 34 erit
459 453 93 34 sibi
518 453 140 34 mortale.
623 453 105 34 Sexto
693 453 82 34 sic
728 453 70 34 tunc

194 481 128 31 aliquis
287 481 151 31 teneretur
404 481 128 31 conteri
497 481 70 31 de
532 481 128 31 peccato
625 481 105 31 actus
683 481 116 31 exterio-

190 505 95 40 ris.
250 505 143 40 Falsitas
356 505 143 40 probatur
463 505 95 40 quia
523 505 83 40 non
570 505 107 40 addit
642 505 143 40 malitiam
737 505 59 40 su-

192 538 76 37 per
236 538 164 37 interiorem.
367 538 87 37 vnde
421 538 87 37 augu
476 538 65 37 id
508 538 76 37 est
552 538 98 37 deli.
618 538 76 37 ar.
661 538 65 37 ca
694 538 55 37 7
716 538 76 37 vel
748 538 55 37 se-

195 571 111 32 cundum
273 571 100 32 alios
339 571 111 32 catulo
417 571 56 32 6
439 571 67 32 in
473 571 89 32 fine
528 571 100 32 dicit
595 571 67 32 si
628 571 78 32 cui
673 571 78 32 non
706 571 89 32 compe-

196 593 81 32 tit
243 593 139 32 facultas
347 593 162 32 cubandicum
474 593 162 32 communiuge
601 593 116 32 aliena
682 593 116 32 planum
752 593 46 32 ta

190 623 81 30 men
237 623 81 30 sit
283 623 105 30 illud
353 623 81 30 eum
400 623 116 30 cupere
481 623 70 30 et
516 623 70 30 si
551 623 140 30 facultas
655 623 105 30 detur
714 623 81 30 illud

196 649 89 34 esse
251 649 122 34 futurum
340 649 78 34 non
385 649 100 34 minus
451 649 89 34 reus
507 649 78 34 est
551 649 89 34 quam
606 649 67 34 si
640 649 67 34 in
673 649 89 34 ipso
717 649 78 34 facto

192 680 224 29 deprehenderetur
381 680 71 29 et
416 680 94 29 ideo
475 680 130 29 clarius
570 680 106 29 nihil
641 680 83 29 est
688 680 83 29 nec
723 680 71 29 mani

188 706 131 35 fertius
283 706 119 35 omnino
367 706 71 35 et
402 706 83 35 iam
450 706 107 35 video
521 706 83 35 non
569 706 95 35 opus
628 706 95 35 esse
688 706 119 35 longua
759 706 48 35 in

190 737 162 34 nouatione
314 737 75 34 vt
352 737 100 34 mihi
414 737 75 34 de
451 737 162 34 homicidio
576 737 75 34 ac
613 737 174 34 sacrilegio
738 737 62 34 aut

190 763 134 36 prorsus
288 763 73 36 de
324 763 134 36 omnibus
422 763 147 36 peccatis
532 763 159 36 suadeatur
654 763 122 36 clarum
728 763 73 36 enim

196 789 79 37 est
241 789 102 37 nihil
309 789 102 37 aliud
377 789 90 37 quam
433 789 147 37 libidinem
546 789 68 37 in
580 789 90 37 toto
636 789 124 37 manendi
716 789 90 37 genere

199 817 149 33 doenentiari
318 817 59 33 et
348 817 158 33 consequenter
476 817 119 33 ostendit
565 817 69 33 ibi
605 817 79 33 quod
655 817 99 33 libido
724 817 69 33 sit
754 817 50 33 cu-

194 850 141 34 piditas.
300 850 188 34 Consequentia
453 850 141 34 probatur
559 850 94 34 quia
618 850 118 34 aliter
700 850 94 34 ille
747 850 47 34 qo

195 874 154 36 emisisset
314 874 143 36 sagittam
421 874 71 36 ad
456 874 190 36 percutiendum
611 874 143 36 clericum
718 874 71 36 et
742 874 59 36 pe-

191 903 118 32 niteret
277 903 107 32 citius
352 903 86 32 quam
405 903 118 32 sagitta
491 903 150 32 percuteret
608 903 75 32 non
651 903 139 32 teneretur
748 903 53 32 con

200 935 81 31 teri
250 935 60 31 de
280 935 131 31 occisione
381 935 70 31 vel
421 935 161 31 vulneratione
552 935 81 31 tali
603 935 141 31 consequens
713 935 70 31 est
744 935 60 31 fal-

196 960 81 37 sum
243 960 93 37 quia
301 960 105 37 talis
371 960 81 37 est
417 960 221 37 excommunicatus.
603 960 128 37 Dicitur
696 960 93 37 quod
743 960 58 37 non

189 989 106 32 apud
255 989 106 32 deum
321 989 93 32 sed
374 989 106 32 apud
441 989 172 32 ecclesiam
573 989 199 32 militantem.
719 989 80 32 Con-

195 1014 74 34 tra
238 1014 85 34 illi
291 1014 117 34 clerico
376 1014 74 34 fit
418 1014 117 34 iniuria
503 1014 64 34 et
535 1014 74 34 non
577 1014 53 34 a
598 1014 64 34 re
630 1014 64 34 in
662 1014 117 34 animata
736 1014 64 34 quia

199 1047 101 32 talis
266 1047 79 32 non
311 1047 113 32 potest
390 1047 135 32 iniuriam
492 1047 113 32 facere
570 1047 79 32 nec
616 1047 68 32 ab
649 1047 90 32 alio
706 1047 90 32 quam
762 1047 68 32 ab

193 1072 157 35 emittente
313 1072 144 35 sagittam
422 1072 120 35 igitur
506 1072 96 35 ille
566 1072 132 35 meretur
663 1072 120 35 penam.
735 1072 72 35 Item

195 1100 174 36 bonifacius
332 1100 87 36 li.
381 1100 62 36 6
406 1100 112 36 sumit
481 1100 125 36 contra
568 1100 112 36 istum
643 1100 87 36 qui
680 1100 125 36 mandauit

198 1130 136 34 clericum
300 1130 136 34 occidere
402 1130 125 34 quamuis
493 1130 125 34 reuocet
583 1130 136 34 antequam
686 1130 91 34 fiat
742 1130 79 34 non

194 1158 148 34 obstante
304 1158 185 34 reuocatione
452 1158 86 34 dum
501 1158 98 34 modo
563 1158 98 34 fiat
624 1158 123 34 igitur
698 1158 111 34 penitem

193 1186 91 35 tia
245 1186 117 35 media
323 1186 91 35 que
375 1186 143 35 habetur
479 1186 117 35 inter
556 1186 156 35 mandatum
673 1186 78 35 et
699 1186 104 35 mortem

193 1210 79 43 non
238 1210 135 43 sufficit
339 1210 90 43 tali
395 1210 112 43 igitur
474 1210 79 43 nec
519 1210 124 43 priori.
631 1210 67 43 Ad
665 1210 101 43 illud
721 1210 79 43 argum

191 1243 120 36 mentum
275 1243 169 36 principale
408 1243 132 36 concedo
504 1243 96 36 quod
564 1243 108 36 licet
636 1243 96 36 tota
697 1243 96 36 pena
745 1243 60 36 pec

202 1271 94 32 cati
261 1271 141 32 debeatur
367 1271 94 32 post
426 1271 94 32 hanc
485 1271 106 32 vitam
556 1271 82 32 pro
603 1271 106 32 solis
673 1271 130 32 aclibus
756 1271 47 32 ma

195 1299 85 35 lis
244 1299 134 35 nolendi
341 1299 85 35 vel
390 1299 134 35 volendi
488 1299 73 35 vt
524 1299 110 35 alias
598 1299 159 35 declaraui
720 1299 85 35 per
756 1299 49 35 hu

198 1328 112 34 gonem
272 1328 75 34 et
310 1328 112 34 sicut
384 1328 112 34 dicam
459 1328 75 34 in
496 1328 75 34 10
533 1328 75 34 q.
571 1328 112 34 huius
645 1328 124 34 quarti
720 1328 87 34 tamen

191 1361 86 32 qui
240 1361 171 32 fornicatus
374 1361 86 32 est
423 1361 86 32 vel
472 1361 86 32 qui
521 1361 147 32 commisit
632 1361 171 32 homicidium
754 1361 49 32 te

195 1388 107 35 netur
266 1388 131 35 conteri
361 1388 71 35 de
397 1388 131 35 peccato
492 1388 107 35 actus
563 1388 166 35 exterioris
694 1388 95 35 quia
742 1388 59 35 si-

192 1416 72 31 ne
228 1416 84 31 hoc
276 1416 84 31 non
324 1416 120 31 posset
409 1416 108 31 plene
481 1416 157 31 concipere
601 1416 84 31 nec
649 1416 157 31 exprimere
758 1416 48 31 ma

194 1440 114 38 litiam
274 1440 80 38 sue
319 1440 160 38 voluntatis
445 1440 69 38 et
479 1440 91 38 eius
536 1440 160 38 efficatiam
662 1440 69 38 et
696 1440 91 38 ideo
742 1440 57 38 con

198 1470 111 27 ceditur
278 1470 101 27 primum
349 1470 141 27 consequens
460 1470 60 27 et
490 1470 70 27 cum
530 1470 121 27 probatur
621 1470 81 27 quod
671 1470 70 27 non
711 1470 81 27 quia
752 1470 50 27 ma-

192 1496 106 41 litia
263 1496 82 41 non
310 1496 130 41 additur
404 1496 71 41 ex
440 1496 94 41 actu
499 1496 165 41 exteriori.
628 1496 141 41 Dicendum
734 1496 94 41 quod

196 1527 87 35 ymo
245 1527 224 35 occasionaliter
432 1527 87 35 non
482 1527 112 35 tamen
557 1527 100 35 quia
619 1527 112 35 actui
681 1527 125 35 exterio-

193 1555 73 29 ri
229 1555 146 29 debeatur
339 1555 121 29 aliqua
424 1555 97 29 pena
484 1555 182 29 prescientia
630 1555 73 29 in
654 1555 146 29 purgatorio

193 1584 74 32 vel
236 1584 64 32 in
268 1584 127 32 inferno.
363 1584 64 32 Et
395 1584 85 32 tunc
448 1584 127 32 dicendum
543 1584 85 32 quod
596 1584 64 32 in
628 1584 85 32 isto
681 1584 85 32 casu
724 1584 74 32 actus

193 1606 142 39 exterior
300 1606 83 39 nec
347 1606 83 39 est
394 1606 106 39 culpa
465 1606 83 39 nec
512 1606 130 39 debetur
607 1606 71 39 ei
642 1606 95 39 pena
702 1606 95 39 nisi
749 1606 59 39 hu-

190 1641 100 33 mana
252 1641 75 33 et
289 1641 112 33 tamen
364 1641 87 33 ibi
414 1641 137 33 tenetur
513 1641 124 33 dolere
600 1641 100 33 quia
663 1641 137 33 malitia
750 1641 62 33 sua

191 1668 122 35 propria
280 1668 155 35 praeterita
401 1668 89 35 fuit
457 1668 111 35 illius
534 1668 89 35 mali
590 1668 144 35 illatiua.
700 1668 66 35 Et
734 1668 89 35 apud

188 1699 105 29 deum
254 1699 92 29 non
306 1699 92 29 est
359 1699 224 29 excomunicatus
544 1699 171 29 iudicatur
675 1699 119 29 tamen
754 1699 79 29 ab

198 1720 158 35 ecclesia
316 1720 171 35 militante
448 1720 237 35 excommunicatus
646 1720 105 35 quia
699 1720 105 35 factum

193 1753 82 31 est
240 1753 163 31 manifestum
368 1753 70 31 et
403 1753 82 31 sua
450 1753 163 31 penitentia
578 1753 140 31 interior
683 1753 82 31 est
717 1753 82 31 occul

195 1780 79 30 ta.
240 1780 68 30 Et
274 1780 135 30 vlterius
375 1780 135 30 dicendum
476 1780 90 30 quod
533 1780 79 30 non
578 1780 135 30 sequitur
679 1780 90 30 iste
724 1780 79 30 iniu-

198 1807 73 37 ste
239 1807 73 37 vel
281 1807 135 37 iniuriose
384 1807 135 37 occiditur
488 1807 104 37 igitur
561 1807 114 37 aliquis
643 1807 114 37 iniuste
726 1807 73 37 vel
758 1807 41 37 in

192 1837 115 37 iuriose
275 1837 73 37 eum
317 1837 125 37 occidit.
410 1837 73 37 Sed
452 1837 73 37 vel
494 1837 73 37 hec
535 1837 125 37 sequitur
629 1837 73 37 vel
671 1837 83 37 quod
712 1837 94 37 aliquis

200 1862 140 40 iniuriose
308 1862 75 40 vel
351 1862 118 40 iniuste
437 1862 97 40 agit.
502 1862 86 40 Unde
555 1862 129 40 sequitur
652 1862 65 40 in
685 1862 97 40 iusta
738 1862 65 40 mors

195 1892 101 34 istius
266 1892 61 34 et
296 1892 71 34 ita
337 1892 71 34 est
377 1892 81 34 hic.
428 1892 71 34 Sed
469 1892 101 34 contra
539 1892 111 34 prionem
621 1892 101 34 partem
681 1892 122 34 solutionis

191 1925 128 32 arguitur
287 1925 75 32 sic
330 1925 85 32 quia
383 1925 96 32 licet
447 1925 107 32 pateat
522 1925 149 32 penitentia
639 1925 107 32 illius
714 1925 75 32 qui
746 1925 64 32 vere

191 1950 150 33 conteritur
309 1950 96 33 inter
373 1950 150 33 emissionem
490 1950 117 33 sagitte
576 1950 64 33 et
608 1950 171 33 percussionem
736 1950 64 33 cle-

190 1978 87 32 rici
244 1978 87 32 toti
298 1978 130 32 ecclesie
396 1978 65 32 et
428 1978 76 32 sic
472 1978 119 32 noticia
558 1978 76 32 per
601 1978 162 32 probationem
720 1978 87 32 legiti

195 2009 74 38 mam
238 2009 95 38 adhuc
301 2009 127 38 ecclesia
397 2009 138 38 iudicaret
503 2009 95 38 ipsum
567 2009 191 38 excommunicatum
715 2009 85 38 igitur

199 2032 122 37 secundum
290 2032 132 37 veritatem
392 2032 61 37 et
423 2032 81 37 apud
473 2032 81 37 deum
524 2032 71 37 est
565 2032 183 37 excommunicatus
718 2032 71 37 vel
748 2032 51 37 ec-

197 2061 106 38 clesia
272 2061 106 38 puerse
346 2061 128 38 scienter
442 2061 138 38 iudicaret
548 2061 85 38 quod
602 2061 74 38 non
644 2061 74 38 est
676 2061 117 38 praesumen

190 2088 68 37 dum
229 2088 88 37 uondo
288 2088 136 37 antecedens
395 2088 117 37 probatur
482 2088 68 37 per
521 2088 117 37 allegata
609 2088 78 37 quia
658 2088 88 37 licet
706 2088 88 37 mandans

193 2121 141 49 peniteat
299 2121 71 49 et
334 2121 129 49 reuocet
429 2121 141 49 mandatum
534 2121 82 49 ane
581 2121 176 49 iniectionem
711 2121 94 49 manuum

825 264 91 52 adhuc
886 264 71 52 est
926 264 51 52 e
946 264 162 52 communicatus
1078 264 61 52 si
1109 264 91 52 talis
1169 264 61 52 ex
1200 264 71 52 suo
1240 264 111 52 mandato
1311 264 122 52 verberetur

819 311 78 32 vel
863 311 144 32 occidatur
974 311 89 32 dato
1030 311 89 32 quod
1086 311 144 32 reuocatio
1197 311 78 32 sit
1241 311 89 32 nota
1297 311 78 32 vel
1330 311 100 32 probata

820 342 113 30 facta
895 342 125 30 fuisse
982 342 75 30 ad
1020 342 100 30 vnam
1082 342 100 30 diem
1145 342 100 30 ante
1207 342 175 30 illationem
1332 342 100 30 mortis

819 370 99 31 nisi
880 370 123 31 citius
967 370 161 31 perueniat
1090 370 161 31 reuocatio
1214 370 74 31 ad
1251 370 185 31 mandatarium
1387 370 49 31 vt

820 398 111 33 patet
894 398 86 33 per
943 398 185 33 supradictum
1091 398 111 33 casum
1165 398 86 33 per
1214 398 173 33 bernardum.
1337 398 99 33 Respon

822 429 78 33 sio
866 429 67 33 vt
900 429 100 33 prius
966 429 89 33 quod
1022 429 67 33 si
1055 429 89 33 vere
1111 429 156 33 penituerit
1233 429 89 33 apud
1289 429 78 33 dei
1322 429 111 33 iudicium

826 457 79 30 non
871 457 124 30 incidit
961 457 67 30 in
994 457 124 30 canonem
1084 457 124 30 propter
1174 457 112 30 causam
1253 457 90 30 quam
1309 457 124 30 reddidi
1388 457 45 30 et

817 481 96 35 nego
877 481 155 35 bernardum
996 481 72 35 in
1032 481 84 35 hoc
1080 481 108 35 pucto
1152 481 120 35 tenens
1236 481 84 35 cum
1284 481 120 35 domino
1355 481 84 35 inno-

818 510 105 38 centio
891 510 84 38 quae
943 510 63 38 vt
975 510 115 38 recitat
1058 510 105 38 tabula
1132 510 94 38 iuris
1194 510 63 38 in
1226 510 126 38 vocabulo
1309 510 126 38 excommuni-

819 537 96 37 catio
883 537 96 37 dicit
947 537 85 37 quod
1000 537 64 37 si
1032 537 117 37 aliquis
1118 537 138 37 peniteret
1224 537 96 37 talis
1288 537 75 37 non
1320 537 117 37 incideret

823 569 70 32 in
858 569 129 32 canonem
952 569 105 32 etiam
1022 569 70 32 si
1057 569 152 32 reuocatio
1174 569 82 32 non
1221 569 129 32 poterit
1302 569 129 32 peruenire

821 595 74 33 ad
858 595 184 33 mandatorium
1005 595 86 33 pro
1054 595 86 33 quo
1103 595 111 33 facit
1177 595 111 33 Canon
1251 595 86 33 et.
1300 595 74 33 q.
1337 595 61 33 3
1349 595 86 33 nemo.

820 624 110 32 Opinio
897 624 99 32 tamen
963 624 132 32 bernardi
1062 624 121 32 videtur
1151 624 88 32 vera
1206 624 77 32 ymo
1250 624 121 32 videtur
1338 624 88 32 quod
1393 624 66 32 in

815 653 120 29 dictis
899 653 132 29 casibus
994 653 84 29 tam
1042 653 144 29 emittens
1150 653 144 29 sagittam
1258 653 96 29 etc.
1317 653 96 29 quod
1365 653 72 29 man-

816 679 95 34 dans
876 679 119 34 occidi
959 679 143 34 clericum
1066 679 83 34 sit
1114 679 215 34 excommunicatus
1293 679 95 34 apud
1353 679 95 34 deum
1400 679 36 34 a

820 711 74 34 quo
863 711 117 34 regitur
948 711 138 34 ecclesia.
1054 711 64 34 eo
1085 711 85 34 quod
1138 711 95 34 talis
1202 711 95 34 fecit
1265 711 95 34 actum
1318 711 117 34 illicitum

819 742 71 31 ex
855 742 82 31 quo
902 742 153 31 subsecuta
1019 742 82 31 est
1066 742 94 31 mors
1125 742 129 31 clerici
1219 742 71 31 et
1255 742 94 31 ideo
1313 742 94 31 apud
1360 742 71 31 deum

827 764 178 31 excommunicatus
975 764 79 31 fuit
1024 764 69 31 dum
1064 764 99 31 habuit
1133 764 89 31 istud
1192 764 89 31 velle
1251 764 89 31 malum
1301 764 128 31 efficacitur

820 794 60 29 et
850 794 91 29 licet
911 794 111 29 tempone
991 794 91 29 actus
1051 794 141 29 exterioris
1162 794 70 29 nec
1202 794 101 29 peccet
1273 794 91 29 tamen
1333 794 91 29 adhuc
1384 794 50 29 de-

823 820 71 30 bet
864 820 132 30 sustinere
965 820 92 30 penam
1026 820 214 30 excommunicationis
1209 820 132 30 inflictam
1311 820 81 30 sibi
1362 820 61 30 ab
1382 820 51 30 ec-

821 850 102 35 clesia
892 850 82 35 quam
944 850 92 35 iuste
1005 850 61 35 et
1036 850 102 35 merito
1107 850 123 35 sustinet
1200 850 92 35 etiam
1261 850 82 35 quae
1312 850 61 35 ad
1333 850 102 35 iudicium

820 878 119 32 diuinum
907 878 76 32 pro
950 878 76 32 suo
993 878 119 32 peccato
1080 878 162 32 precedenti.
1231 878 65 32 Ad
1264 878 152 32 argumentum
1372 878 65 32 prin

825 907 101 33 cipale
896 907 122 33 dicendum
987 907 81 33 quod
1038 907 132 33 totalitur
1139 907 111 33 oblitus
1220 907 61 33 si
1251 907 122 33 peniteat
1342 907 61 33 in
1362 907 71 33 gene-

824 940 59 30 re
854 940 59 30 de
883 940 107 30 omnibus
961 940 68 30 cum
1000 940 127 30 proposito
1097 940 137 30 abstinendi
1205 940 49 30 a
1224 940 117 30 peccatis
1312 940 59 30 et
1332 940 107 30 confiten-

824 959 62 38 di
855 959 62 38 et
886 959 82 38 bene
937 959 124 38 faciendi
1030 959 62 38 et
1061 959 93 38 nihil
1123 959 144 38 mortaliter
1236 959 93 38 velit
1298 959 82 38 mali
1349 959 82 38 actu
1390 959 52 38 vel

824 988 113 34 habitu
903 988 90 34 siue
959 988 135 34 peniteat
1060 988 68 34 vt
1094 988 90 34 pote
1150 988 158 34 formaliter
1274 988 68 34 si
1308 988 124 34 cogitet
1387 988 45 34 se

823 1016 115 35 peccasse
909 1016 67 35 vel
948 1016 115 35 vetualti
1034 1016 115 35 scilicet
1120 1016 76 35 deum
1167 1016 86 35 super
1225 1016 86 35 omnia
1282 1016 124 35 diligendo
1368 1016 67 35 licet

817 1048 103 46 nihil
885 1048 126 46 penitus
977 1048 126 46 cogitet
1068 1048 69 46 de
1102 1048 137 46 peccatis
1205 1048 183 46 sufficienter
1343 1048 91 46 contri

819 1072 91 43 tus
858 1072 156 43 reputatur.

926 1105 179 63 Trum
1037 1105 312 63 penitentia
1260 1105 179 63 sitfor

906 1157 130 44 maliter
1000 1157 82 44 vel
1048 1157 177 44 virtualitur
1189 1157 106 44 velle
1259 1157 118 44 cauere
1330 1157 106 44 quodli-

919 1192 78 31 bet
964 1192 134 31 peccatum
1064 1192 67 31 in
1098 1192 123 31 futurum
1187 1192 123 31 videtur
1277 1192 89 31 quod
1332 1192 78 31 non
1366 1192 67 31 quia

831 1199 60 51 .
855 1199 60 51 A
879 1199 96 51 tunc
939 1199 156 51 teneretur
1059 1199 72 51 ad
1095 1199 96 51 sibi
1156 1199 180 51 impossibile
1300 1199 96 51 quia
1348 1199 84 51 motus

823 1242 183 36 sensualitatis
974 1242 65 36 ad
1006 1242 140 36 illicitum
1114 1242 151 36 praecedens
1232 1242 194 36 deliberationem
1383 1242 54 36 est

821 1274 117 35 peccatum
909 1274 59 35 vt
939 1274 108 35 videtur
1017 1274 59 35 et
1046 1274 88 35 tamen
1105 1274 68 35 hoc
1144 1274 68 35 non
1183 1274 98 35 posset
1251 1274 88 35 tales
1310 1274 88 35 motus
1359 1274 78 35 vitare

824 1307 93 30 secum
886 1307 145 30 apslilunm.
1000 1307 124 30 Probatur
1093 1307 73 30 aut
1135 1307 83 30 ille
1186 1307 73 30 qui
1228 1307 145 30 mortaliter
1331 1307 104 30 peccauit

820 1331 61 34 ad
850 1331 72 34 hoc
891 1331 82 34 quod
942 1331 82 34 vere
994 1331 123 34 peniteat
1086 1331 112 34 tenetur
1167 1331 102 34 vitare
1239 1331 92 34 omnem
1300 1331 123 34 peccatum
1382 1331 51 34 tam

818 1361 112 37 mortale
899 1361 81 37 quam
950 1361 112 37 veniale
1031 1361 61 37 et
1061 1361 71 37 hoc
1102 1361 71 37 non
1143 1361 81 37 quia
1193 1361 71 37 non
1234 1361 71 37 est
1275 1361 132 37 possibile
1366 1361 71 37 viato

826 1389 66 34 ri
859 1389 66 34 ex
892 1389 111 34 quadam
970 1389 88 34 alia
1025 1389 100 34 supra
1091 1389 66 34 in
1124 1389 122 34 secundo
1213 1389 77 34 aut
1257 1389 144 34 obligatur
1357 1389 77 34 solum

817 1420 97 28 modo
877 1420 72 28 de
914 1420 181 28 necessitate
1059 1420 133 28 salutis
1155 1420 109 28 velle
1228 1420 121 28 vitare
1300 1420 133 28 consuetu-

823 1445 118 32 dinem
901 1445 157 32 peccandi
1019 1445 183 32 venialiter
1163 1445 105 32 quia
1228 1445 183 32 consuetudo
1359 1445 78 32 pec-

821 1474 102 34 candi
889 1474 125 34 videtur
979 1474 91 34 esse
1036 1474 136 34 peccatum
1138 1474 136 34 mortale.
1240 1474 91 34 Item
1296 1474 136 34 quilibet
1387 1474 45 34 de

822 1505 186 33 necessitate
970 1505 136 33 salutis
1069 1505 136 33 tenetur
1168 1505 124 33 vitare
1255 1505 99 33 omne
1304 1505 124 33 peccatum

825 1529 122 38 mortale
914 1529 111 38 igitur
992 1529 122 38 tenetur
1081 1529 100 38 scire
1148 1529 67 38 de
1181 1529 134 38 quolibet
1281 1529 122 38 mortali
1370 1529 89 38 quod

826 1557 80 37 sit
871 1557 126 37 mortale
963 1557 69 37 et
997 1557 103 37 etiam
1066 1557 115 37 quedam
1146 1557 92 37 alia
1204 1557 138 37 videntur
1307 1557 103 37 sequi
1364 1557 69 37 quae

819 1587 88 34 non
870 1587 100 34 sunt
932 1587 176 34 concedenda
1070 1587 75 34 vt
1108 1587 138 34 videtur
1208 1587 176 34 posterius.
1334 1587 100 34 Contra

829 1616 59 36 o
853 1616 118 36 quinto
935 1616 106 36 dicit
1006 1616 141 36 Christus
1111 1616 71 36 ad
1147 1616 106 36 illum
1217 1616 94 36 quem
1276 1616 129 36 sanauit
1358 1616 71 36 ecce

826 1642 100 34 anus
888 1642 124 34 factus
975 1642 75 34 es
1012 1642 87 34 iam
1062 1642 100 34 noli
1124 1642 137 34 peccare
1224 1642 75 34 ne
1261 1642 149 34 deterius
1360 1642 75 34 tibi

821 1673 101 36 quid
884 1673 176 36 contingat.
1022 1673 75 36 Et
1060 1673 101 36 iohi
1123 1673 151 36 vicesimo
1236 1673 75 36 ad
1274 1673 151 36 mulierem
1387 1673 75 36 in

824 1699 162 32 adulterio
948 1699 199 32 deprehensam.
1110 1699 112 32 Dicit
1185 1699 137 32 hiesus.
1285 1699 100 32 vade
1347 1699 75 32 et
1372 1699 62 32 am-

824 1730 106 33 plius
895 1730 95 33 noli
954 1730 130 33 peccare
1049 1730 118 33 igitur
1132 1730 130 33 tenetur
1226 1730 95 33 vere
1285 1730 142 33 penitens
1380 1730 59 33 am-

828 1759 93 34 plius
890 1759 93 34 nolle
952 1759 114 34 peccare
1035 1759 62 34 et
1066 1759 73 34 hoc
1108 1759 73 34 est
1149 1759 93 34 velle
1211 1759 104 34 vitare
1284 1759 83 34 omen
1325 1759 104 34 peccatum

852 1784 60 36 In
882 1784 80 36 ista
932 1784 140 36 quaestione
1043 1784 90 36 primo
1103 1784 140 36 inquiretur
1213 1784 60 36 de
1243 1784 80 36 illo
1294 1784 80 36 quod
1334 1784 100 36 tangitur

820 1814 85 32 in.
868 1814 61 32 2
893 1814 169 32 argumento.
1026 1814 73 32 An
1062 1814 169 32 consuetudo
1195 1814 145 32 peccandi
1292 1814 145 32 venialiter

820 1843 82 33 sit
867 1843 141 33 peccatum
973 1843 141 33 mortale.
1079 1843 129 33 Secundo
1173 1843 70 33 de
1208 1843 129 33 motibus
1290 1843 141 33 sensualita

824 1871 79 31 tis
869 1871 68 31 ad
903 1871 136 31 illicita
1005 1871 204 31 praecedentibus
1175 1871 215 31 deliberationem.
1345 1871 91 31 Tertio

826 1900 68 31 an
860 1900 91 31 vere
916 1900 136 31 penitens
1018 1900 125 31 tenetur
1109 1900 113 31 vitare
1189 1900 91 31 omen
1245 1900 136 31 peccatum
1336 1900 102 31 mortale

826 1929 76 41 de
864 1929 88 41 quo
915 1929 151 41 tangitur
1028 1929 76 41 in
1066 1929 126 41 tertio
1154 1929 176 41 argumento.
1318 1929 76 41 Ad
1343 1929 101 41 primum

823 1956 128 31 articulum
922 1956 89 31 argui
981 1956 99 31 potest
1050 1956 79 31 quod
1099 1956 69 31 ymo
1139 1956 69 31 per
1178 1956 118 31 magiste.
1267 1956 69 31 li.
1306 1956 49 31 2
1326 1956 69 31 di.
1365 1956 69 31 20.
1395 1956 49 31 ca.

825 1984 117 32 itaque
907 1984 82 32 vbi
954 1984 105 32 dicit
1024 1984 93 32 quod
1082 1984 117 32 quando
1164 1984 163 32 delectatio
1281 1984 163 32 cogitationis

830 2013 77 31 diu
874 2013 121 31 tenetur
962 2013 121 31 mortale
1049 2013 77 31 est
1093 2013 66 31 et
1126 2013 77 31 li.
1170 2013 55 31 4
1192 2013 77 31 di.
1236 2013 77 31 106
1280 2013 88 31 cap.
1323 2013 121 31 penultimo

825 2041 126 36 ponitur
916 2041 69 36 ad
951 2041 80 36 hoc
997 2041 138 36 exemplum
1100 2041 69 36 de
1134 2041 172 36 subuersione
1272 2041 103 36 nauis
1341 2041 92 36 vide
1387 2041 57 36 ibi

826 2068 101 32 eadem
893 2068 157 32 auctoritas
1017 2068 124 32 ponitur
1107 2068 67 32 in
1141 2068 135 32 decretis
1242 2068 67 32 oe
1275 2068 157 32 penitentia
1388 2068 56 32 di.

822 2096 69 33 19o
862 2096 69 33 ca.
901 2096 118 33 medicina
990 2096 59 33 et
1020 2096 69 33 ibi
1059 2096 109 33 ponitur
1138 2096 138 33 augustinus
1247 2096 59 33 ad
1276 2096 148 33 felitianum.
1385 2096 59 33 Item

827 2125 80 50 di.
872 2125 91 50 .25.
929 2125 91 50 vnde
987 2125 149 50 orationes
1101 2125 91 50 vide
1158 2125 91 50 ibi.
1215 2125 91 50 Item
1272 2125 69 50 in
1307 2125 103 50 eodem
1364 2125 80 50 capi.
