1783 2500
341 221 127 55 dulitas
434 221 81 55 qua
480 221 138 55 opinetur
583 221 81 55 vel
629 221 138 55 credatur
733 221 69 55 de
768 221 115 55 aliquo
848 221 81 55 ita
883 221 69 55 esse

345 258 86 44 vel
394 258 86 44 non
443 258 98 44 esse
504 258 123 44 aliqua
590 258 110 44 tamen
664 258 98 44 bene
725 258 147 44 precedit
823 258 123 44 noticiam

340 288 155 47 practicam
460 288 108 47 sicut
531 288 72 47 et
567 288 144 47 obiectum
675 288 108 47 suum.
747 288 108 47 verbi
818 288 120 47 gratia
890 288 60 47 cum

342 316 108 45 doleo
414 316 96 45 quod
474 316 132 45 offendi
571 316 96 45 deum
631 316 84 45 vel
679 316 157 45 proximum.
800 316 60 45 ⁋
824 316 72 45 Ex
848 316 96 45 dictis

340 343 101 50 patet
407 343 90 50 quod
463 343 112 50 aliqua
542 343 157 50 delectatio
666 343 135 50 virtuosa
767 343 112 50 potest
846 343 90 50 esse
891 343 56 50 opi

344 371 78 45 nio
388 371 100 45 falsa
455 371 67 45 vt
489 371 89 45 ista
544 371 78 45 qua
589 371 89 45 quis
644 371 156 45 delectatur
767 371 134 45 praecise
867 371 67 45 ex
889 371 56 45 hoc

342 399 121 45 credit
427 399 194 45 persecutorem
585 399 146 45 ecclesie
694 399 97 45 esse
755 399 134 45 mortuum
852 399 85 45 vel
888 399 61 45 con

341 429 111 45 simile
419 429 67 45 et
452 429 78 45 non
496 429 78 45 est
541 429 89 45 ita.
596 429 55 45 ⁋
618 429 111 45 Contra
696 429 100 45 omnis
762 429 122 45 electio
840 429 111 45 virtuosa

350 455 71 47 est
390 455 71 47 cum
431 455 111 47 ratione
511 455 91 47 recta
572 455 61 47 et
602 455 91 47 ratio
663 455 91 47 recta
723 455 71 47 est
763 455 81 47 vera
814 455 81 47 dico
864 455 81 47 quod
905 455 50 47 est

346 485 83 43 cum
394 485 130 43 ratione
488 485 142 43 practica
595 485 95 43 vera
655 485 83 43 sed
702 485 95 43 bene
761 485 119 43 potest
844 485 95 43 esse
892 485 59 43 cum

346 512 174 45 speculatiua
486 512 116 45 falsa.
567 512 58 45 ⁋
590 512 139 45 Secundum
694 512 116 45 dubium
775 512 81 45 est
822 512 93 45 quia
880 512 81 45 non
915 512 46 45 vi

349 541 104 45 detur
419 541 92 45 quod
476 541 104 45 omnis
546 541 162 45 delectatio
673 541 81 45 vel
719 541 92 45 amor
776 541 185 45 praesupponit
915 541 46 45 na

351 570 148 48 turaliter
464 570 170 48 cognitionem
600 570 102 48 aliam
668 570 136 48 respectu
770 570 113 48 voliti
850 570 91 48 quia
895 570 57 48 cum

343 598 126 43 contra
432 598 101 43 omne
495 598 152 43 iudicium
609 598 101 43 suum
672 598 126 43 possit
760 598 152 43 voluntas
862 598 88 43 velle

345 628 123 43 aliquid
434 628 78 43 vel
479 628 100 43 nolle
546 628 123 43 videtur
635 628 89 43 quod
690 628 100 43 ipsum
757 628 100 43 velle
824 628 89 43 esse
869 628 89 43 possit

351 653 105 50 prima
421 653 128 50 noticia
514 653 116 50 illius
596 653 128 50 voliti.
689 653 58 50 ⁋
712 653 93 50 Item
771 653 140 50 voluntas
864 653 93 50 potest

345 685 143 39 auertere
452 685 215 39 intellectionem
631 685 72 39 ab
667 685 95 39 omni
727 685 167 39 actualiter
846 685 107 39 cognito

355 711 69 45 et
390 711 104 45 velle
460 711 174 45 intellectum
598 711 174 45 intelligere
737 711 69 45 ad
772 711 104 45 modum
830 711 127 45 precogni-

348 739 81 46 tum
395 739 92 46 actu
452 739 81 46 hoc
498 739 81 46 non
544 739 127 46 videtur
636 739 92 46 nisi
694 739 92 46 ipsa
752 739 127 46 volitio
844 739 81 46 sit
878 739 81 46 prima

359 768 98 44 illius
428 768 108 44 obiecti
506 768 128 44 cognitio.
605 768 49 44 ⁋
624 768 59 44 Ad
654 768 98 44 primum
722 768 108 44 dicitur
801 768 79 44 quod
850 768 69 44 non
879 768 79 44 obstam

350 795 69 44 te
384 795 150 44 quocunque
499 795 150 44 dictumine
614 795 138 44 practico
718 795 138 44 voluntas
821 795 115 44 potest
890 795 69 44 libe

350 823 67 46 re
383 823 79 46 non
428 823 101 46 velle
496 823 79 46 vel
541 823 101 46 nolle
608 823 67 46 se
642 823 157 46 conformare
766 823 79 46 nec
811 823 101 46 tamen
867 823 90 46 potest

356 854 102 45 velle
424 854 148 45 oppositum
537 854 91 45 nisi
594 854 148 45 oppositum
707 854 193 45 apprehendatur
866 854 68 45 et
889 854 68 45 ideo

353 881 73 45 non
394 881 125 45 sequitur
488 881 84 45 quod
540 881 115 45 feratur
624 881 63 45 in
655 881 157 45 incognitum.
781 881 52 45 ⁋
801 881 63 45 Ad
833 881 125 45 secundum
916 881 42 45 ne

356 908 93 46 gatur
418 908 166 46 consequentia
552 908 83 46 quia
604 908 93 46 adhoc
666 908 83 46 quod
718 908 124 46 voluntas
811 908 124 46 couertat
894 908 72 46 intel

352 937 117 48 lectum
434 937 70 48 ad
470 937 129 48 aliquid
563 937 188 48 cognoscendum
716 937 164 48 requiritur
845 937 117 48 illius
915 937 47 48 ap

350 960 147 54 prehensi
460 960 135 54 propria
559 960 172 54 habitualis
694 960 111 54 forte
767 960 147 54 communis
866 960 98 54 concur

350 992 101 48 rens
414 992 89 48 cum
464 992 165 48 habituali
591 992 139 48 propria
693 992 89 48 vel
743 992 127 48 aliter
832 992 101 48 quod
883 992 76 48 plus

353 1023 125 49 apparet
444 1023 80 49 ade
489 1023 137 49 dicendum
592 1023 80 49 est
637 1023 91 49 quod
694 1023 171 49 intellectus
831 1023 125 49 iudicat
910 1023 46 49 no

349 1051 96 48 esse
409 1051 132 48 standum
505 1051 72 48 in
542 1051 96 48 tali
602 1051 217 48 consideratione
782 1051 72 48 et
819 1051 144 48 voluntas
915 1051 48 48 po

348 1079 95 41 test
408 1079 179 41 conformiter
550 1079 143 41 imperare
658 1079 71 41 et
693 1079 167 41 suspendere
812 1079 155 41 intellectum

352 1109 56 42 a
374 1109 201 42 consideratione
541 1109 89 42 illa
597 1109 78 42 vel
642 1109 156 42 conuertere
764 1109 67 42 ad
798 1109 100 42 aliud
865 1109 78 42 vel
898 1109 67 42 actu

357 1134 120 48 aliter
441 1134 155 48 occurrens
560 1134 84 48 vel
608 1134 72 48 ex
644 1134 167 48 cognitione
776 1134 120 48 aliqua
859 1134 72 48 ad
883 1134 84 48 prius

348 1164 142 44 cognitum
454 1164 83 44 vel
502 1164 94 44 quia
561 1164 94 44 vnus
620 1164 130 44 habitus
714 1164 130 44 fortius
809 1164 142 44 inclinat
915 1164 71 44 ad

353 1191 104 43 actus
423 1191 127 43 aliquos
515 1191 92 43 quam
572 1191 104 43 alius
641 1191 81 43 vel
688 1191 92 43 alio
745 1191 92 43 modo
803 1191 81 43 sed
849 1191 104 43 secus
906 1191 58 43 est

358 1220 119 43 circum
441 1220 131 43 scripto
537 1220 95 43 omni
596 1220 95 43 tali
656 1220 131 43 iudicio
751 1220 95 43 tunc
810 1220 95 43 enim
870 1220 107 43 solum
929 1220 36 43 a

358 1249 100 43 casu
420 1249 88 43 vel
470 1249 100 43 mere
533 1249 188 43 naturaliter
683 1249 113 43 solum
758 1249 150 43 cessaret
870 1249 75 43 ab
895 1249 75 43 actu

355 1276 127 47 prioris
448 1276 138 47 obiecti.
552 1276 58 47 ⁋
575 1276 138 47 Sciendum
679 1276 92 47 quod
736 1276 127 47 volitio
829 1276 81 47 vel
863 1276 104 47 delecta

365 1308 74 40 tio
408 1308 95 40 etiam
471 1308 74 40 est
513 1308 127 40 cognitio
608 1308 74 40 que
650 1308 74 40 est
693 1308 127 40 iudicium
788 1308 137 40 practicum
893 1308 63 40 et
914 1308 53 40 hoc

358 1332 138 43 probatur
462 1332 69 43 ex
497 1332 115 43 dictis
577 1332 69 43 in
612 1332 104 43 primo
681 1332 104 43 dubio
750 1332 92 43 quod
808 1332 161 43 delectatio
923 1332 46 43 ta

354 1361 80 45 lis
399 1361 80 45 est
445 1361 126 45 noticia
537 1361 114 45 qualem
617 1361 172 45 naturaliter
754 1361 149 45 preexigit
868 1361 80 45 sed
902 1361 69 45 ali-

366 1391 71 39 qua
407 1391 102 39 exigit
478 1391 122 39 iudicium
569 1391 132 39 practicum
671 1391 71 39 quo
712 1391 132 39 iudicetur
813 1391 71 39 sic
854 1391 81 39 esse
895 1391 81 39 agetur

365 1420 85 43 dum
414 1420 85 43 vel
462 1420 98 43 non.
523 1420 61 43 ⁋
548 1420 98 43 Item
609 1420 98 43 nota
670 1420 73 43 ex
706 1420 158 43 solutione
828 1420 110 43 primi
889 1420 73 43 arge

365 1447 101 43 menti
432 1447 123 43 secundi
522 1447 101 43 dubii
589 1447 101 43 patet
657 1447 90 43 quod
713 1447 79 43 non
758 1447 135 43 sequitur
859 1447 101 43 ratio
915 1447 56 43 est

359 1474 108 44 recta
431 1474 120 44 igitur
515 1474 144 44 voluntas
624 1474 96 44 quia
684 1474 108 44 ratio
756 1474 120 44 potest
841 1474 120 44 habere
913 1474 48 44 ap

362 1501 166 49 parentiam
490 1501 77 49 ad
528 1501 153 49 vtramque
643 1501 128 49 partem
732 1501 243 49 contradictionis
924 1501 51 49 de

357 1534 116 44 aliquo
439 1534 128 44 agibili
532 1534 81 44 ita
578 1534 93 44 quod
637 1534 70 44 in
672 1534 175 44 particulari
811 1534 105 44 habet
869 1534 105 44 apparem

356 1563 87 39 tiam
411 1563 87 39 boni
465 1563 87 39 quod
520 1563 66 39 a.
553 1563 76 39 est
596 1563 120 39 agendum
684 1563 66 39 et
717 1563 98 39 aliam
782 1563 164 39 apparentiam
902 1563 66 39 quod

357 1596 64 32 a.
389 1596 74 32 non
432 1596 74 32 est
474 1596 117 32 agendum
559 1596 96 32 sicut
623 1596 85 32 sepe
676 1596 74 32 fit
718 1596 64 32 in
750 1596 191 32 conclusionibus
899 1596 74 32 specu

366 1621 129 38 latiuis
460 1621 70 38 et
495 1621 117 38 stante
577 1621 129 38 vtraque
670 1621 164 38 apparentia
799 1621 93 38 boni
845 1621 129 38 consentit

364 1647 90 43 per
415 1647 154 43 iudicium
531 1647 166 43 practicum
659 1647 102 43 illo
723 1647 90 43 non
774 1647 154 43 obstante
876 1647 90 43 volun

365 1680 72 32 tas
406 1680 103 32 eligit
478 1680 113 32 optatam
560 1680 103 32 partem
632 1680 82 32 quae
684 1680 93 32 etiam
746 1680 165 32 praesentatur
879 1680 82 32 sibi
921 1680 51 32 tan

360 1704 99 39 quam
421 1704 148 39 apparens
533 1704 111 39 bonum
607 1704 74 39 ab
644 1704 173 39 intellectu
780 1704 186 39 apprehensum
916 1704 62 39 igi

366 1733 74 38 tur
409 1733 85 38 etc.
462 1733 53 38 ⁋
483 1733 85 38 Item
536 1733 127 38 sciendum
632 1733 85 38 quod
685 1733 117 38 secundo
769 1733 138 38 argumento
876 1733 74 38 non
907 1733 64 38 vide

369 1766 75 35 tur
412 1766 151 35 satiffieri
531 1766 86 35 nisi
585 1766 119 35 dicatur
671 1766 86 35 quod
725 1766 129 35 voluntas
822 1766 75 35 est
865 1766 75 35 per
908 1766 65 35 se
930 1766 43 35 co

361 1790 126 42 gnitiua
452 1790 69 42 et
486 1790 80 42 sic
532 1790 114 42 potest
612 1790 171 42 intellectum
749 1790 160 42 suspendere
875 1790 57 42 a
886 1790 80 42 consi

364 1816 162 43 deratione
488 1816 100 43 quam
550 1816 112 43 habet
625 1816 75 43 et
662 1816 137 43 vertere
762 1816 112 43 ipsum
836 1816 75 43 ad
861 1816 112 43 conside

369 1851 136 31 rationem
471 1851 136 31 alterius
573 1851 125 31 obiecti
664 1851 91 31 quod
720 1851 91 31 ipsa
777 1851 136 31 voluntas
879 1851 91 31 tunc
925 1851 45 31 ta

365 1876 100 38 liter
432 1876 145 38 cognoscit
543 1876 89 38 quod
599 1876 78 38 non
643 1876 100 38 prime
710 1876 89 38 sibi
766 1876 167 38 presentatur
899 1876 78 38 per
932 1876 45 38 in

364 1904 156 37 tellectum
484 1904 96 37 quia
544 1904 108 37 alias
616 1904 96 37 ipsa
676 1904 84 37 non
723 1904 144 37 verteret
819 1904 156 37 intellectum

362 1931 75 36 ad
399 1931 87 36 hoc
449 1931 150 36 obiectum
561 1931 87 36 sed
611 1931 187 36 intellectus
760 1931 150 36 verteret
860 1931 112 36 seipsum

363 1960 127 39 sufficit
459 1960 95 39 autem
522 1960 138 39 voluntati
628 1960 169 39 praesentatio
765 1960 106 39 preuia
839 1960 127 39 alterius
924 1960 53 39 ob-

361 1988 119 39 iecti
440 1988 92 39 vel
493 1988 145 39 aliorum
598 1988 171 39 habentium
730 1988 171 39 naturalem
848 1988 132 39 connexio

367 2017 86 38 nem
416 2017 86 38 cum
465 2017 99 38 isto
527 2017 136 38 cognito
626 2017 99 38 siue
688 2017 74 38 ex
725 2017 198 38 conformitate
885 2017 99 38 siue
935 2017 49 38 ex

369 2048 220 38 contrarietate
550 2048 104 38 etc.
615 2048 65 38 ⁋
641 2048 143 38 Tertium
745 2048 130 38 dubium
835 2048 117 38 vtrum
900 2048 78 38 obie

363 2078 106 49 ctum
429 2078 93 49 sit
482 2078 120 49 causa
562 2078 173 49 immediata
695 2078 239 49 delectationis.
882 2078 106 49 Respon

969 204 89 56 det
1020 204 127 56 scotus
1109 204 165 56 questione
1235 204 127 56 vltima
1324 204 114 56 prime
1387 204 190 56 distinctionis

968 256 63 33 in
1000 256 169 33 reportatione
1137 256 158 33 parisieniu.
1263 256 84 33 quod
1316 256 74 33 sic
1358 256 84 33 quia
1411 256 95 33 sicut
1464 256 105 33 obiectum

970 281 148 37 sensibile
1083 281 79 37 est
1129 281 102 37 causa
1197 281 193 37 delectationis
1355 281 68 37 in
1389 281 136 37 appetitu
1480 281 91 37 sensi-

970 313 97 33 tiuo
1031 313 85 33 ita
1079 313 195 33 consequenter
1238 313 158 33 obiccetum
1360 313 207 33 intellectuale
1518 313 61 33 cau

974 337 84 41 sat
1022 337 203 41 delectationem
1189 337 72 41 in
1225 337 143 41 appetitu
1332 337 191 41 intellectiuo
1475 337 96 41 scili-

976 364 89 41 cet
1027 364 166 41 voluntate
1155 364 141 41 igitur.
1257 364 128 41 Contra
1347 364 115 41 illud
1424 364 128 41 arguit
1500 364 77 41 okam

977 397 122 40 posito
1062 397 98 40 actu
1123 397 110 40 primo
1196 397 183 40 intellectus
1342 397 85 40 vel
1391 397 171 40 voluntatis
1513 397 61 40 que

973 422 195 45 preexigitur
1129 422 208 45 delectationi
1297 422 156 45 secundum
1414 422 143 45 ordinem
1505 422 78 45 natu

975 453 112 39 ralem
1049 453 137 39 habetur
1148 453 112 39 causa
1223 453 174 39 sufficiens
1360 453 211 39 delectationis
1521 453 62 39 si-

981 480 68 35 ue
1015 480 136 35 obiectum
1117 480 80 35 sit
1162 480 91 35 siue
1219 480 80 35 non
1265 480 80 35 sit
1310 480 68 35 et
1344 480 102 35 etiam
1413 480 148 35 stantibus
1515 480 68 35 eis-

978 507 88 39 dem
1029 507 138 39 actibus
1129 507 126 39 primis
1217 507 138 39 volendi
1317 507 88 39 vel
1368 507 188 39 cognoscendi
1506 507 75 39 amo-

974 533 70 42 to
1009 533 129 42 obiecto
1103 533 82 42 non
1150 533 141 42 sequitur
1256 533 106 42 minor
1326 533 164 42 delectatio
1455 533 94 42 quam
1502 533 82 42 prius

977 569 137 33 saltem
1073 569 96 33 dum
1128 569 109 33 modo
1196 569 96 33 non
1251 569 205 33 remittantur
1415 569 123 33 actus
1483 569 96 33 primi

980 593 85 43 per
1028 593 170 43 ablationem
1162 593 133 43 obiecti
1259 593 73 43 et
1295 593 158 43 destructo
1416 593 97 43 tali
1477 593 97 43 actu
1525 593 61 43 vel

978 629 130 35 actibus
1073 629 83 35 vel
1120 629 119 35 saltem
1203 629 83 35 eis
1251 629 83 35 non
1298 629 130 35 positis
1393 629 83 35 non
1441 629 119 35 potest
1512 629 71 35 fie-

977 649 74 39 ri
1014 649 173 39 delectatio
1150 649 99 39 ergo
1212 649 149 39 obiectum
1323 649 111 39 nihil
1397 649 111 39 facit
1472 649 74 39 ad
1496 649 87 39 illam

977 679 206 35 delectationem
1147 679 85 35 sed
1195 679 97 35 isti
1256 679 109 35 actus
1328 679 97 35 sunt
1389 679 170 35 sufficiens
1510 679 73 35 eius

978 710 124 35 causa.
1065 710 100 35 Ista
1127 710 162 35 conclusio
1251 710 137 35 deducta
1351 710 124 35 contra
1438 710 124 35 scotum
1512 710 75 35 vide

990 733 73 36 tur
1031 733 73 36 ade
1073 733 84 36 vera
1126 733 84 36 vnde
1178 733 94 36 dicit
1241 733 84 36 quod
1294 733 63 36 ex
1325 733 73 36 hoc
1367 733 84 36 quod
1419 733 115 36 obiecta
1503 733 84 36 sunt
1545 733 42 36 de

979 761 168 39 lectabilia
1111 761 84 39 non
1159 761 132 39 habetur
1255 761 156 39 euidentia
1374 761 96 39 quod
1434 761 132 39 causent
1518 761 72 39 imme

987 794 113 35 diate
1063 794 213 35 delectationem
1239 794 113 35 licet
1314 794 163 35 aliquando
1439 794 151 35 obicetum
1540 794 50 35 de

986 821 159 35 lectabile
1108 821 86 35 sit
1157 821 110 35 causa
1230 821 135 35 mediata
1328 821 208 35 delectationis
1487 821 98 35 conce-

987 849 111 35 dendum
1064 849 78 35 est
1109 849 89 35 quod
1164 849 155 35 delectatio
1286 849 199 35 intellectualis
1452 849 78 35 que
1496 849 78 35 est
1530 849 55 35 ip-

989 876 71 36 sa
1025 876 143 36 dilectio
1132 876 154 36 immediate
1250 876 143 36 causatur
1357 876 71 36 ab
1393 876 107 36 anima
1464 876 71 36 et
1488 876 95 36 intel-

987 910 138 32 lectione
1091 910 104 32 sicut
1160 910 138 32 dilectio
1264 910 150 32 sensitiua
1379 910 58 32 a
1402 910 161 32 sensatione
1517 910 69 32 dele

991 940 114 30 tatio
1068 940 114 30 autem
1144 940 229 30 intellectualis
1335 940 203 30 superueniens
1487 940 102 30 causa-

987 957 79 40 tur
1032 957 68 40 ab
1066 957 102 40 anima
1134 957 68 40 et
1168 957 68 40 ab
1202 957 192 40 intellectione
1360 957 136 40 mediante
1462 957 136 40 scilicet
1553 957 45 40 di

991 991 140 34 lectione.
1099 991 86 34 Unde
1153 991 97 34 patet
1217 991 86 34 quod
1271 991 97 34 etiam
1336 991 129 34 dilectio
1433 991 75 34 non
1476 991 75 34 est
1519 991 65 34 ab
1540 991 54 34 ob-

988 1016 105 38 iecto
1058 1016 82 38 sed
1105 1016 70 38 ab
1140 1016 105 38 anima
1210 1016 70 38 et
1245 1016 199 38 intellectione
1409 1016 117 38 preuia
1491 1016 70 38 et
1514 1016 82 38 eodem

983 1053 97 31 modo
1044 1053 134 31 dicitur
1141 1053 73 31 de
1177 1053 195 31 delectatione
1336 1053 146 31 reflexa.
1445 1053 85 31 Per
1494 1053 85 31 hoc
1530 1053 61 31 pa-

990 1073 89 41 tet
1041 1073 76 41 ad
1079 1073 127 41 formam
1168 1073 165 41 argumenti
1295 1073 114 41 scoti
1371 1073 102 41 quia
1435 1073 152 41 negandum
1536 1073 64 41 est

992 1102 157 37 antecedens
1115 1102 135 37 scilicet
1216 1102 90 37 quod
1272 1102 135 37 obiectum
1373 1102 146 37 sensibile
1486 1102 79 37 sit
1519 1102 79 37 causa

989 1131 126 36 saltem
1078 1131 164 36 immediata
1204 1131 214 36 delectationis
1381 1131 76 36 in
1418 1131 151 36 appetitu
1519 1131 76 36 sen-

989 1165 138 33 sitiuo.
1090 1165 126 33 Contra
1178 1165 126 33 decimo
1266 1165 75 33 et
1304 1165 138 33 hicorum
1404 1165 126 33 quarto
1480 1165 113 33 habetur

985 1188 94 34 quod
1044 1188 117 34 semper
1126 1188 129 34 obiecto
1220 1188 176 34 delectabili
1360 1188 129 34 sensato
1454 1188 141 34 sequitur
1548 1188 47 34 de

991 1218 154 37 lectatio.
1110 1218 95 37 Item
1169 1218 83 37 qua
1216 1218 130 37 ratione
1311 1218 166 37 delectatio
1442 1218 119 37 aliqua
1513 1218 83 37 esset

993 1248 145 35 dilectio
1101 1248 121 35 libere
1186 1248 133 35 causata
1282 1248 60 35 a
1307 1248 157 35 voluntate
1427 1248 109 35 eadem
1487 1248 109 35 ratio-

989 1273 73 38 ne
1025 1273 157 38 tristicia
1146 1273 109 38 esset
1219 1273 109 38 odium
1291 1273 121 38 libere
1376 1273 145 38 causatum
1485 1273 61 38 a
1497 1273 97 38 volun-

992 1299 91 40 tate
1048 1299 68 40 et
1082 1299 91 40 tunc
1139 1299 136 40 voluntas
1241 1299 113 40 posset
1321 1299 79 40 non
1366 1299 170 40 contristare
1502 1299 68 40 se
1525 1299 68 40 quod

995 1330 133 35 videtur
1092 1330 205 35 inconueniens.
1261 1330 72 35 Ad
1297 1330 121 35 primum
1382 1330 133 35 dicitur
1478 1330 97 35 quod
1527 1330 72 35 phi-

983 1361 160 32 losophus
1103 1361 147 32 videtur
1209 1361 187 32 attribuere
1356 1361 213 32 causalitatem
1516 1361 80 32 imme

994 1390 112 32 diatam
1072 1390 190 32 delectationis
1228 1390 156 32 sensationi
1351 1390 89 32 quae
1407 1390 78 32 est
1452 1390 134 32 respectu
1541 1390 56 32 ob-

994 1414 95 36 iecti
1058 1414 170 36 delectabilis
1196 1414 127 36 secundum
1291 1414 106 36 sensum
1366 1414 64 36 et
1397 1414 74 36 non
1440 1414 127 36 obiecto.
1535 1414 53 36 ⁋
1557 1414 64 36 Ad

992 1442 91 37 secum
1052 1442 111 37 dicitur
1133 1442 81 37 quod
1184 1442 131 37 tristicia
1284 1442 101 37 aliqua
1355 1442 101 37 libere
1426 1442 121 37 causatur
1516 1442 61 37 ab
1536 1442 71 37 anima

988 1475 54 36 s
1010 1475 87 36 illa
1064 1475 87 36 quae
1118 1475 76 36 est
1161 1475 141 36 contraria
1270 1475 173 36 delectationi
1410 1475 108 36 libere
1486 1475 119 36 causate
1562 1475 43 36 et

992 1500 145 39 conceditur
1106 1500 83 39 quod
1158 1500 83 39 tali
1210 1500 135 39 tristicia
1314 1500 125 39 voluntas
1407 1500 104 39 posset
1480 1500 62 39 se
1511 1500 73 39 non
1542 1500 52 39 con

994 1529 140 36 tristare
1100 1529 94 36 quia
1158 1529 117 36 posset
1240 1529 105 36 illam
1310 1529 164 36 tristiciam
1439 1529 82 36 non
1486 1529 129 36 causare
1568 1529 35 36 s

997 1556 75 35 non
1040 1556 117 35 odiendo
1125 1556 128 35 obiectum
1221 1556 149 35 tristabile
1338 1556 64 35 et
1370 1556 75 35 non
1413 1556 128 35 sequitur
1509 1556 85 35 iste
1551 1556 43 35 li

998 1584 83 40 bere
1050 1584 167 40 contristatur
1185 1584 104 40 igitur
1258 1584 104 40 libere
1331 1584 83 40 vult
1383 1584 125 40 tristari
1477 1584 83 40 quia
1519 1584 83 40 trista

994 1618 73 33 ri
1030 1618 85 33 est
1079 1618 109 33 actus
1152 1618 122 33 rectus
1237 1618 134 33 odiendi
1334 1618 146 33 obiectum
1444 1618 97 33 sibi
1493 1618 109 33 discon-

990 1642 130 37 ueniens
1085 1642 83 37 sed
1132 1642 107 37 velle
1203 1642 142 37 tristari
1310 1642 83 37 est
1357 1642 107 37 actus
1428 1642 142 37 reflexus
1523 1642 83 37 sicut

991 1674 87 31 enim
1045 1674 130 31 voluntas
1143 1674 109 31 potest
1219 1674 120 31 causare
1306 1674 163 31 dilectionem
1437 1674 109 31 libere
1513 1674 109 31 absque

992 1699 69 37 hoc
1031 1699 78 37 quod
1080 1699 88 37 velit
1139 1699 147 37 dilectionem
1257 1699 69 37 sed
1296 1699 118 37 obiectum
1384 1699 98 37 tantum
1453 1699 69 37 ita
1492 1699 98 37 potest
1551 1699 59 37 libe

999 1729 64 34 re
1031 1729 118 34 causare
1117 1729 150 34 tristiciam
1235 1729 118 34 ferendo
1320 1729 64 34 se
1352 1729 118 34 oditiue
1438 1729 64 34 in
1470 1729 128 34 obiectum
1556 1729 53 34 di-

994 1752 132 41 sconveniens
1099 1752 79 41 licet
1152 1752 61 41 non
1187 1752 79 41 velit
1240 1752 123 41 tristiciam
1336 1752 61 41 sed
1371 1752 88 41 nollit
1433 1752 79 41 tamen
1485 1752 114 41 quandoque
1564 1752 53 41 pos-

1001 1782 79 40 set
1046 1782 102 40 velle
1114 1782 158 40 tristiciam
1238 1782 102 40 sicut
1306 1782 113 40 aliqui
1385 1782 113 40 volunt
1464 1782 90 40 esse
1509 1782 102 40 tristes

1002 1815 82 39 pro
1049 1815 153 39 peccatis.
1167 1815 82 39 Est
1214 1815 106 39 etiam
1284 1815 117 39 quedam
1366 1815 153 39 tristicia
1484 1815 82 39 non
1519 1815 94 39 libere

996 1844 122 36 causata
1085 1844 78 36 sed
1129 1844 156 36 necessario
1251 1844 100 36 sicut
1318 1844 67 36 et
1351 1844 156 36 delectatio
1474 1844 89 36 illi
1518 1844 89 36 contra

995 1872 92 33 ria.
1053 1872 92 33 vebi
1111 1872 116 33 gratia
1192 1872 127 33 cognito
1284 1872 162 33 infortunio
1412 1872 104 33 amici
1469 1872 139 33 necessario

1004 1901 111 32 sequitur
1087 1901 120 32 tristicia
1180 1901 74 32 quae
1226 1901 65 32 est
1263 1901 83 32 odium
1318 1901 93 32 illius
1383 1901 130 32 infortunii
1485 1901 83 32 sicut
1540 1901 56 32 ad
1559 1901 46 32 co-

1006 1928 145 38 gnitionem
1117 1928 189 38 prosperitatis
1273 1928 100 38 amici
1340 1928 156 38 necessario
1462 1928 134 38 sequitur
1551 1928 56 38 de-

1005 1950 122 39 lectatio
1096 1950 81 39 quae
1147 1950 71 39 est
1188 1950 122 39 dilectio
1279 1950 102 39 illius
1350 1950 173 39 prosperitatis
1492 1950 81 39 ambe
1533 1950 71 39 etiam

1002 1987 87 32 sunt
1057 1987 142 32 tristicie
1166 1987 87 32 alie
1220 1987 65 32 et
1253 1987 185 32 delectationes
1406 1987 65 32 et
1438 1987 109 32 amores
1515 1987 65 32 et
1537 1987 65 32 odia

1001 2014 77 35 tam
1045 2014 132 35 primaria
1144 2014 88 35 quam
1198 2014 153 35 secundaria
1319 2014 77 35 non
1363 2014 110 35 libere
1440 2014 77 35 sed
1472 2014 132 35 necessario

997 2038 114 38 causata
1080 2038 62 38 ab
1111 2038 83 38 aia.
1163 2038 114 38 Tristis
1246 2038 73 38 est
1288 2038 104 38 inquit
1361 2038 125 38 Christus
1454 2038 94 38 anima
1517 2038 73 38 mea
1548 2038 52 38 vs-

1001 2068 78 46 que
1045 2068 67 46 ad
1079 2068 112 46 mortem
1157 2068 123 46 videtur
1246 2068 89 46 enim
1302 2068 89 46 quod
1358 2068 78 46 non
1402 2068 89 46 fuit
1458 2068 67 46 in
1480 2068 123 46 potestate
