1820 2500
244 188 112 59 anime
318 188 137 59 christi
418 188 100 59 data
480 188 162 59 immediate
605 188 75 59 de
643 188 100 59 illa
705 188 112 59 morte
767 188 100 59 certi-

248 231 188 45 tudinaliter
398 231 138 45 cognita
498 231 125 45 minime
585 231 88 45 non
635 231 150 45 tristari
748 231 88 45 vel
798 231 88 45 non

252 260 84 36 eam
300 260 108 36 odire
372 260 96 36 odio
431 260 96 36 quod
491 260 84 36 non
539 260 108 36 esset
611 260 120 36 horror
695 260 132 36 mortis.
778 260 84 36 Quar-

251 285 84 45 tum
299 285 120 45 dubium
383 285 108 45 vtrum
455 285 132 45 fruitio
551 285 84 45 sit
600 285 108 45 actio
672 285 180 45 partialiter
816 285 72 45 ab

245 314 101 43 anima
312 314 79 43 vel
357 314 146 43 totaliter
470 314 56 43 a
492 314 90 43 deo.
549 314 56 43 ⁋
571 314 169 43 Respondetur
706 314 90 43 quod
763 314 79 43 est
796 314 68 43 par-

251 346 145 42 tialiter
360 346 60 42 a
384 346 85 42 deo
432 346 72 42 et
468 346 109 42 eodem
541 346 97 42 modo
601 346 169 42 delectatio
722 346 133 42 beatifica

252 369 88 47 vnde
307 369 99 47 patet
373 369 88 47 quod
429 369 155 47 delectatio
550 369 143 47 beatifica
660 369 143 47 immediate
771 369 77 47 est
815 369 66 47 ab

246 403 132 37 obiecto
342 403 181 37 delectabili
487 403 108 37 secus
559 403 108 37 autem
631 403 84 37 est
679 403 72 37 de
716 403 108 37 aliis
776 403 84 37 dele-

248 429 182 41 ctationibus
393 429 133 41 aliorum
490 429 170 41 obiectorum
624 429 73 41 vt
660 429 109 41 patet
733 429 73 41 ex
757 429 97 41 dictis

253 457 69 46 ⁋
281 457 151 46 Quintum
391 457 137 46 dubium
487 457 124 46 vtrum
569 457 192 46 delectatio
707 457 151 46 beatifica

248 486 78 40 sit
292 486 100 40 actus
359 486 133 40 reflexus
459 486 67 40 Et
492 486 133 40 dicendum
592 486 78 40 est
637 486 89 40 quod
692 486 67 40 si
726 486 78 40 hoc
770 486 78 40 est
803 486 56 40 pos

239 513 119 42 sibile
322 513 83 42 non
370 513 131 42 oportet
465 513 107 42 tamen
536 513 83 42 ita
584 513 95 42 esse
643 513 71 42 et
679 513 119 42 quando
762 513 83 42 sic
798 513 59 42 est

239 545 100 43 adhuc
306 545 89 43 ipsa
361 545 78 43 non
406 545 78 43 est
451 545 156 43 delectatio
573 545 145 43 beatifica
685 545 67 43 ex
718 545 78 43 hoc
763 545 89 43 quod
807 545 45 43 ha

242 570 85 48 bet
290 570 133 48 aliquid
387 570 109 48 aliud
460 570 61 48 a
484 570 85 48 deo
533 570 85 48 pro
581 570 145 48 obiecto.
690 570 121 48 Contra
763 570 85 48 proba

238 600 78 44 tur
282 600 89 44 quod
338 600 156 44 delectatio
460 600 145 44 beatifica
572 600 78 44 non
616 600 78 44 sit
661 600 100 44 actus
728 600 111 44 rectus
794 600 56 44 sed

240 631 158 44 reflexus
358 631 132 44 habens
450 631 132 44 rectum
542 631 92 44 pro
595 631 145 44 obiecto
700 631 105 44 quia
753 631 92 44 omnis

232 654 100 47 amor
294 654 224 47 concupiscentie
481 654 87 47 qui
531 654 87 47 est
580 654 174 47 delectatio
717 654 75 47 et
755 654 87 47 non
792 654 50 47 de

234 683 156 46 siderium
351 683 130 46 fertur
442 683 169 46 immediate
573 683 117 46 super
651 683 182 46 habitionem
781 683 65 46 rei

226 718 83 37 et
268 718 97 37 non
323 718 125 37 super
406 718 97 37 rem
461 718 194 37 concupitam
614 718 97 37 vel
669 718 138 37 amatam
752 718 97 37 amore

226 741 155 43 amicitie
342 741 116 43 visum
420 741 103 43 enim
484 741 90 43 non
536 741 90 43 est
587 741 181 43 immediatum
716 741 129 43 obiectum

228 769 121 45 amoris
312 769 217 45 concupiscentie
493 769 84 45 que
542 769 84 45 est
590 769 169 45 delectatio
722 769 84 45 sed
759 769 84 45 visus

234 799 80 40 qui
279 799 80 40 est
325 799 103 40 actus
393 799 114 40 rectus
473 799 80 40 sed
519 799 160 40 delectatio
644 799 137 40 fruitiua
746 799 80 40 est
781 799 68 40 amor

230 828 219 41 concupiscentie
412 828 85 41 cum
461 828 85 41 sit
510 828 170 41 delectatio
643 828 170 41 proueniens
777 828 73 41 ex
801 828 49 41 di

226 853 99 49 uina
287 853 160 49 habitione
411 853 86 49 que
460 853 136 49 habitio
558 853 86 49 est
608 853 136 49 aliquis
706 853 111 49 actus
780 853 86 49 quo

229 881 131 47 habetur
324 881 95 47 deus
384 881 95 47 puta
444 881 107 47 visio
515 881 155 47 beatifica
634 881 83 47 vel
682 881 143 47 dilectio
777 881 60 47 dei

222 915 135 40 igitur.
320 915 148 40 Preterea
431 915 172 40 delectatio
566 915 148 40 fruitiua
677 915 148 40 succedit
775 915 62 40 de-

222 939 135 48 siderio
320 939 86 48 sed
369 939 171 48 desiderium
503 939 86 48 est
552 939 171 48 habitionis
687 939 122 48 diuine
760 939 86 48 respe

227 968 97 40 etu.
288 968 85 40 non
336 968 146 40 respectu
446 968 85 40 dei
494 968 146 40 absolute
604 968 85 40 non
653 968 97 40 enim
701 968 134 40 desidera-

223 998 95 44 mus
278 998 108 44 deum
345 998 95 44 sed
399 998 135 44 habere
494 998 108 44 deum
561 998 95 44 vel
615 998 135 44 videre
710 998 122 44 ipsum
777 998 68 44 igi

227 1024 81 46 tur
274 1024 81 46 nec
320 1024 127 46 fruitio
413 1024 81 46 est
459 1024 162 46 delectatio
586 1024 69 46 de
621 1024 81 46 deo
667 1024 81 46 sed
714 1024 69 46 de
737 1024 104 46 visione

225 1054 97 45 dei.
285 1054 97 45 Item
346 1054 145 45 obiectum
454 1054 181 45 dilectionis
599 1054 145 45 fruitiue
708 1054 85 45 est
744 1054 97 45 aliqua

230 1083 168 40 perfectio
359 1083 129 40 nostra
450 1083 116 40 nobis
527 1083 181 40 formaliter
669 1083 155 40 inherens
772 1083 65 40 cum

231 1109 86 46 sit
280 1109 172 46 delectatio
415 1109 172 46 proueniens
550 1109 74 46 ex
587 1109 197 46 coniunctione
735 1109 98 46 conue-

226 1142 124 34 nientis
316 1142 79 34 cum
361 1142 169 34 conuenienti
496 1142 79 34 ita
541 1142 90 34 quod
597 1142 158 34 coniunctio
721 1142 68 34 et
744 1142 90 34 perfe-

229 1167 99 47 ctio
290 1167 86 47 qua
340 1167 173 47 perficitur
476 1167 148 47 potentia
587 1167 86 47 per
636 1167 99 47 sibi
686 1167 148 47 conueniens

226 1196 139 45 videtur
327 1196 139 45 causare
428 1196 214 45 delectationem
604 1196 164 45 fruitiuam
730 1196 88 45 sed
768 1196 63 45 de-

218 1218 72 52 us
254 1218 84 52 non
302 1218 84 52 est
350 1218 156 52 perfectio
470 1218 168 52 formaliter
603 1218 108 52 nobis
675 1218 144 52 inherens
771 1218 60 52 nec

227 1251 136 46 aliquid
326 1251 111 46 aliud
400 1251 87 46 est
449 1251 161 46 perfectio
573 1251 124 46 nostra
660 1251 149 46 vltimata
771 1251 87 46 quo

219 1284 153 41 aliquis
330 1284 125 41 actus
414 1284 97 41 quo
469 1284 209 41 coniungimur
636 1284 181 41 immediate
761 1284 70 41 deo

224 1307 117 47 igitur
306 1307 105 47 talis
376 1307 105 47 actus
446 1307 140 47 vnitiuus
551 1307 152 47 beatifice
668 1307 82 47 est
703 1307 128 47 obiccetum

219 1335 141 46 fruitiue
325 1335 200 46 delectationis
489 1335 70 46 et
525 1335 82 46 non
572 1335 106 46 deus.
642 1335 94 46 Item
701 1335 94 46 amor
748 1335 82 46 omnis

217 1364 155 41 desiderii
337 1364 84 41 aut
384 1364 203 41 delectationis
552 1364 108 41 habet
624 1364 84 41 pro
672 1364 96 41 tali
719 1364 108 41 obiecto

218 1392 214 47 significabile
395 1392 88 47 per
445 1392 164 47 complexum
571 1392 189 47 significans
722 1392 138 47 aliquid

226 1426 86 38 esse
280 1426 151 38 conueniens
399 1426 75 38 vel
442 1426 183 38 disconveniens
593 1426 97 38 sicut
657 1426 86 38 deum
711 1426 108 38 videri
776 1426 54 38 vel

220 1450 156 40 manifestari
344 1450 73 40 vel
386 1450 135 40 huiusmodi
490 1450 62 40 et
521 1450 83 40 deus
573 1450 125 40 absolute
667 1450 114 40 sumptus
750 1450 73 40 non
781 1450 52 40 est

219 1478 95 45 tale
279 1478 202 45 significabile
445 1478 83 45 per
492 1478 154 45 complexum
611 1478 119 45 igitur
694 1478 131 45 fruitio
778 1478 59 45 non

215 1508 93 35 erit
274 1508 163 35 delectatio
402 1508 70 35 de
437 1508 82 35 deo
484 1508 82 35 sed
531 1508 70 35 de
566 1508 128 35 visione
659 1508 93 35 dei.
706 1508 128 35 Confirma-

214 1535 89 48 tur
265 1535 102 48 quia
329 1535 153 48 obiectum
443 1535 165 48 complexum
570 1535 127 48 gaudum
659 1535 165 48 beatifici
773 1535 64 48 pen

220 1563 88 39 det
271 1563 75 39 ex
308 1563 201 39 circulatione
471 1563 226 39 perpetuationis
659 1563 125 39 diuine
735 1563 100 39 visio-

220 1590 76 47 nis
264 1590 65 47 et
296 1590 153 47 fruitionis
416 1590 109 47 igitur
493 1590 131 47 requirit
591 1590 142 47 creaturam
700 1590 76 47 pro
733 1590 98 47 partia-

217 1617 77 49 li
256 1617 154 49 obiecto.
371 1617 64 49 ⁋
397 1617 154 49 Preterea
512 1617 180 49 desiderare
653 1617 141 49 aliquod
743 1617 90 49 bonum

209 1647 90 41 deo
261 1647 116 41 esset
338 1647 129 41 omnino
428 1647 129 41 vacuum
518 1647 129 41 igitur
608 1647 116 41 talis
673 1647 154 41 delectatio

215 1677 81 47 non
262 1677 127 47 videtur
354 1677 92 47 esse
411 1677 127 47 fruitio
503 1677 81 47 sed
550 1677 161 47 delectatio
676 1677 69 47 de
711 1677 81 47 hoc
757 1677 92 47 quod

217 1704 137 43 aliquis
316 1704 112 43 habet
391 1704 100 43 deum
453 1704 87 43 per
503 1704 149 43 visionem
615 1704 87 43 vel
652 1704 174 43 dilectionem.

213 1734 61 40 ⁋
237 1734 85 40 Sed
286 1734 171 40 contrarium
420 1734 98 40 mihi
481 1734 134 40 videtur
579 1734 98 40 quod
640 1734 110 40 omnis
713 1734 98 40 amor
762 1734 61 40 per

214 1757 179 51 fectissimus
357 1757 83 51 est
405 1757 95 51 amor
464 1757 143 51 amicitie
571 1757 143 51 respectu
666 1757 155 51 nobilissimi

211 1791 130 41 obiecti
306 1791 83 41 sed
353 1791 166 41 delectatio
484 1791 154 41 beatifica
602 1791 83 41 est
649 1791 95 41 amor
697 1791 130 41 perfectis

208 1815 106 51 simus
279 1815 94 51 quia
338 1815 129 51 fruitio
432 1815 71 51 vt
467 1815 106 51 patet
538 1815 71 51 ex
573 1815 176 51 conclusione
702 1815 118 51 principa

212 1843 64 49 li
244 1843 106 49 igitur
319 1843 85 49 etc.
372 1843 85 49 vnde
425 1843 64 49 et
457 1843 106 49 beatus
532 1843 128 49 secundum
627 1843 96 49 leges
691 1843 128 49 amicitie
776 1843 43 49 et

213 1877 139 37 virtutis
317 1877 104 37 magis
387 1877 116 37 gaudet
468 1877 69 37 de
502 1877 162 37 felicitate
630 1877 81 37 dei
676 1877 92 37 quam
734 1877 69 37 de
757 1877 69 37 pro-

202 1906 100 34 pria
265 1906 100 34 vnde
328 1906 113 34 augu.
403 1906 138 34 propter
503 1906 75 34 te
541 1906 113 34 solum
616 1906 125 34 beatus
703 1906 88 34 non
741 1906 75 34 pro-

205 1934 76 45 ter
248 1934 97 45 illam
313 1934 119 45 beatior
400 1934 108 45 supple
476 1934 184 45 essentialiter
627 1934 65 45 et
660 1934 141 45 absolute.
768 1934 54 45 ⁋
779 1934 43 45 Se

209 1963 108 43 cundo
281 1963 108 43 sicut
353 1963 132 43 habetur
448 1963 72 43 in
484 1963 132 43 littera
580 1963 84 43 per
628 1963 167 43 augustinum
747 1963 72 43 frui

205 1989 77 42 est
249 1989 77 42 per
293 1989 110 42 amonem
370 1989 132 42 inherere
469 1989 110 42 alicui
546 1989 121 42 propter
634 1989 66 42 se
667 1989 110 42 igitur
733 1989 77 42 solum

203 2015 76 49 ec.
247 2015 54 49 ⁋
268 2015 87 49 Item
323 2015 76 49 res
366 2015 109 49 quibus
443 2015 131 49 fruendum
541 2015 76 49 est
584 2015 87 49 sunt
639 2015 98 49 pater
704 2015 65 49 et
726 2015 87 49 filius

202 2048 164 55 etspiritus
331 2048 141 55 sanctus.
437 2048 141 55 Preterea
543 2048 94 55 actu
602 2048 141 55 visionis
707 2048 82 55 est
743 2048 70 55 vten

888 211 78 52 dum
933 211 67 52 ex
966 211 123 52 littera
1056 211 112 52 igitur
1134 211 78 52 non
1179 211 145 52 fruendum.
1291 211 90 52 Item
1347 211 101 52 visio
1414 211 78 52 vel
1447 211 45 52 de

877 243 138 43 lectatio
981 243 115 43 posset
1062 243 92 43 esse
1119 243 115 43 nolita
1200 243 138 43 secundum
1304 243 115 43 rectam
1373 243 115 43 rationem

876 272 86 45 lice
930 272 64 45 si
962 272 86 45 deus
1016 272 75 45 hoc
1058 272 161 45 praeciperet
1187 272 107 45 igitur
1262 272 86 45 etc.
1316 272 129 45 Preterea
1401 272 86 45 deside

876 300 84 51 rium
928 300 126 51 visionis
1022 300 105 51 istius
1095 300 73 51 non
1137 300 73 51 est
1179 300 115 51 fruitio
1263 300 73 51 vie
1305 300 105 51 igitur
1378 300 73 51 nec
1410 300 73 51 dele-

879 334 98 41 ctatio
948 334 117 41 respectu
1036 334 98 41 illius
1104 334 68 41 est
1143 334 107 41 fruitio
1221 334 98 41 patrie
1290 334 78 41 quia
1338 334 78 41 idem
1387 334 68 41 est
1417 334 68 41 obie-

877 360 79 44 ctum
926 360 59 44 in
956 360 109 44 omnibus
1035 360 69 44 est
1074 360 118 44 obiectum
1163 360 128 44 vtriusque
1262 360 69 44 nam
1301 360 118 44 secundum
1380 360 99 44 augusti.

881 386 67 43 14.
920 386 58 43 de
949 386 125 43 trinitate
1045 386 96 43 catulo
1112 386 96 43 vltimo
1179 386 106 43 fruitio
1256 386 67 43 vie
1294 386 86 43 etiam
1352 386 125 43 consistit
1448 386 58 43 in

886 419 84 42 imore
942 419 65 42 dei
979 419 84 42 vsque
1035 419 56 42 ad
1062 419 130 42 contemptum
1165 419 74 42 sui.
1211 419 74 42 Item
1258 419 56 42 in
1286 419 65 42 via
1323 419 65 42 non
1360 419 93 42 tantum
1416 419 65 42 desi-

875 443 139 43 deramus
976 443 126 43 videre
1065 443 101 43 deum
1128 443 88 43 sed
1178 443 164 43 diligimus
1304 443 101 43 deum
1355 443 126 43 absolute

882 477 102 41 gitur
949 477 79 41 non
995 477 102 41 minus
1062 477 68 41 in
1096 477 113 41 patria
1175 477 79 41 non
1220 477 113 41 tantum
1299 477 181 41 delectabimur
1435 477 45 41 de

877 499 96 47 visione
947 499 61 47 dei
982 499 61 47 sed
1017 499 52 47 de
1043 499 61 47 deo
1078 499 52 47 in
1104 499 61 47 se.
1139 499 122 47 Antecedens
1235 499 78 47 patet
1287 499 70 47 quia
1331 499 87 47 posito
1392 499 70 47 quod
1427 499 52 47 nun-

878 526 79 49 quam
928 526 79 49 deus
977 526 89 49 esset
1037 526 119 49 habendus
1126 526 99 49 aliter
1195 526 79 49 quam
1245 526 60 49 in
1275 526 69 49 via
1314 526 89 49 adhuc
1374 526 89 49 esset
1424 526 60 49 sun-

870 560 64 45 me
902 560 149 45 diligendus
1020 560 64 45 et
1052 560 85 45 tunc
1105 560 75 45 non
1148 560 96 45 esset
1211 560 171 45 desiderandus
1350 560 107 45 haberi
1425 560 75 45 per

872 583 158 47 visionem.
993 583 61 47 ⁋
1017 583 73 47 Ad
1054 583 121 47 primum
1139 583 73 47 in
1175 583 170 47 contrarium
1308 583 133 47 negatur
1393 583 85 47 minor

876 616 102 45 licet
944 616 91 45 enim
1000 616 102 45 talis
1069 616 159 45 delectatio
1193 616 79 45 sit
1239 616 159 45 proueniens
1364 616 68 45 ex
1386 616 91 45 diuina

868 640 147 47 habitione
981 640 158 47 causaliter
1105 640 169 47 partialiter
1240 640 79 47 non
1285 640 102 47 tamen
1353 640 90 47 ista
1398 640 79 47 habi-

871 673 73 42 tio
912 673 73 42 est
954 673 83 42 eius
1005 673 135 42 obiectum.
1109 673 62 42 Ex
1140 673 73 42 hoc
1182 673 83 42 vult
1233 673 83 42 quod
1285 673 62 42 vt
1316 673 93 42 patet
1378 673 62 42 ex
1399 673 83 42 dictis

874 699 129 43 ponenda
968 699 82 43 sit
1015 699 94 43 alia
1074 699 165 43 delectatio
1204 699 129 43 reflexa
1298 699 106 43 cuius
1368 699 94 43 ista
1415 699 59 43 ha-

874 728 94 46 bitio
936 728 73 46 est
978 728 126 46 obiectum
1073 728 94 46 tamen
1136 728 94 46 credo
1199 728 84 46 quod
1251 728 73 46 hoc
1293 728 73 46 non
1335 728 126 46 oporteat
1419 728 63 46 quia

871 755 81 35 hic
918 755 69 35 in
952 755 81 35 via
998 755 115 35 posset
1079 755 92 35 esse
1137 755 92 35 vnus
1195 755 104 35 actus
1264 755 173 35 dilectionis
1391 755 81 35 cuius

864 788 138 40 obiectum
967 788 161 40 principale
1093 788 80 40 est
1139 788 92 40 deus
1196 788 69 40 et
1231 788 138 40 obiectum
1323 788 149 40 secundarium

872 813 127 40 proximus
968 813 74 40 qui
1010 813 137 40 diligitur
1116 813 95 40 eodem
1179 813 85 40 actu
1232 813 116 40 propter
1316 813 85 40 deum
1369 813 74 40 sic
1401 813 74 40 etiam

865 847 132 37 eiusdem
961 847 108 37 actus
1032 847 203 37 delectationis
1200 847 155 37 beatifice
1320 847 108 37 recti
1391 847 72 37 et
1415 847 60 37 non

865 874 129 40 reflexi
959 874 140 40 obiectum
1064 874 164 40 principale
1193 874 82 40 est
1239 874 93 40 deus
1298 874 175 40 secundarium
1426 874 47 40 au

864 899 76 47 tem
907 899 76 47 est
951 899 108 47 diuina
1026 899 119 47 habitio
1113 899 65 47 in
1145 899 76 47 qua
1189 899 151 47 delectatur
1308 899 108 47 beatus
1373 899 97 47 propter

864 926 95 44 deum.
928 926 64 44 Ad
960 926 127 44 secundum
1055 926 116 44 dicitur
1140 926 85 44 quod
1193 926 148 44 delectatio
1299 926 169 44 concupiscentie

863 953 154 50 succedens
982 953 154 50 desiderio
1101 953 107 50 habet
1172 953 95 50 idem
1231 953 83 50 pro
1279 953 131 50 obiecto
1374 953 95 50 quod
1421 953 48 50 ha

857 981 81 39 bet
903 981 161 39 desiderium
1029 981 81 39 sed
1075 981 161 39 delectatio
1202 981 138 39 amicitie
1305 981 138 39 succedit
1397 981 69 39 amo-

862 1015 63 42 ri
894 1015 126 42 absoluto
989 1015 74 42 dei
1031 1015 63 42 in
1062 1015 74 42 via
1104 1015 63 42 et
1136 1015 74 42 non
1178 1015 137 42 desiderio
1283 1015 84 42 nisi
1335 1015 74 42 sic
1377 1015 84 42 quod
1419 1015 53 42 est

859 1039 93 46 post
918 1039 105 46 ipsui
988 1039 82 46 sic
1035 1039 105 46 etiam
1105 1039 140 46 succedit
1210 1039 117 46 fidei.
1292 1039 70 46 Ad
1327 1039 129 46 tertium
1409 1039 58 46 pa-

861 1073 83 36 tet
908 1073 83 36 per
956 1073 95 36 idem
1015 1073 71 36 Ad
1050 1073 130 36 quartum
1145 1073 106 36 patet
1216 1073 165 36 similiteri
1346 1073 71 36 et
1369 1073 95 36 confir

856 1099 149 42 mationem
967 1099 99 42 eius
1029 1099 75 42 et
1067 1099 161 42 procedunt
1191 1099 75 42 de
1228 1099 199 42 delectatione
1377 1099 87 42 concu

862 1128 137 42 piscentie
968 1128 84 42 quae
1021 1128 126 42 succedit
1115 1128 148 42 desiderio.
1231 1128 63 42 Ad
1263 1128 116 42 quintum
1347 1128 84 42 dico
1400 1128 84 42 quod

863 1153 72 39 non
904 1153 72 39 est
945 1153 92 39 vanum
1006 1153 133 39 delectari
1109 1153 61 39 in
1139 1153 72 39 deo
1180 1153 61 39 et
1211 1153 143 39 complacere
1324 1153 61 39 in
1354 1153 72 39 deo
1395 1153 61 39 et
1416 1153 51 39 bo-

860 1183 78 43 nis
904 1183 78 43 dei
949 1183 89 43 nisi
1005 1183 89 43 apud
1061 1183 100 43 illum
1127 1183 78 43 qui
1172 1183 78 43 non
1217 1183 145 43 experitur
1328 1183 78 43 vel
1373 1183 78 43 non
1406 1183 56 43 cre

854 1209 77 45 dit
898 1209 66 45 se
931 1209 110 45 debere
1008 1209 154 45 complacere
1129 1209 66 45 in
1162 1209 110 45 aliquo
1239 1209 88 45 nisi
1283 1209 176 45 concupiscentur

855 1242 69 34 et
890 1242 81 34 non
936 1242 196 34 amicabiliter.
1098 1242 115 34 Sextum
1179 1242 115 34 dubium
1260 1242 69 34 an
1294 1242 92 34 tota
1341 1242 115 34 beatitu-

855 1266 65 44 do
888 1266 86 44 stet
941 1266 65 44 in
974 1266 75 44 vno
1017 1266 86 44 actu
1071 1266 75 44 qui
1114 1266 97 44 simul
1178 1266 75 44 sit
1221 1266 75 44 dei
1264 1266 97 44 visio
1329 1266 75 44 dei
1361 1266 97 44 fruitio

849 1298 62 40 et
880 1298 144 40 delectatio
993 1298 134 40 beatifica
1096 1298 62 40 de
1127 1298 82 40 deo.
1178 1298 124 40 dicendum
1271 1298 72 40 est
1312 1298 82 40 quod
1363 1298 62 40 si
1384 1298 72 40 anima

853 1321 113 48 beati
929 1321 75 48 se
966 1321 125 48 habeat
1054 1321 125 48 actiue
1141 1321 75 48 ad
1179 1321 138 48 aliquam
1279 1321 125 48 partem
1367 1321 88 48 sue
1404 1321 63 48 bea

850 1352 160 42 titudinis
973 1352 185 42 essentialis
1121 1352 99 42 tunc
1183 1352 99 42 sunt
1244 1352 86 42 ibi
1294 1352 74 42 ad
1331 1352 111 42 minus
1392 1352 62 42 due

852 1381 110 46 partes
929 1381 143 46 distincte
1040 1381 132 46 scilicet
1139 1381 99 46 clara
1205 1381 77 46 dei
1249 1381 99 46 visio
1316 1381 66 46 et
1349 1381 77 46 dei
1382 1381 77 46 frui-

855 1413 84 41 tio
903 1413 84 41 vel
951 1413 131 41 gaudium
1046 1413 143 41 secundum
1154 1413 143 41 scilicet
1261 1413 107 41 modum
1321 1413 143 41 sustinendi

852 1437 220 42 conclusionem
1031 1437 220 42 principalem.
1210 1437 124 42 Utrum
1293 1437 124 42 autem
1362 1437 96 42 anima

849 1468 124 41 actiue
936 1468 75 41 se
973 1468 124 41 habeat
1060 1468 149 41 respectu
1171 1468 174 41 beatitudis
1308 1468 87 41 sue
1345 1468 112 41 tracta-

851 1491 108 41 bitur
923 1491 72 41 in
959 1491 96 41 alia
1019 1491 156 41 questione
1139 1491 84 41 hic
1186 1491 108 41 tamen
1258 1491 84 41 est
1306 1491 144 41 notandum
1402 1491 48 41 si

846 1524 82 42 cut
893 1524 117 42 tangit
975 1524 117 42 quidam
1057 1524 117 42 doctor
1138 1524 70 42 et
1174 1524 93 42 bene
1232 1524 93 42 quod
1290 1524 152 42 beatitudo
1396 1524 58 42 mul

849 1550 139 41 tiplicitur
958 1550 109 41 sumitur
1038 1550 70 41 vno
1078 1550 80 41 modo
1128 1550 70 41 pro
1167 1550 109 41 obiecto
1247 1550 129 41 beatifico
1347 1550 60 41 et
1376 1550 70 41 sic
1406 1550 40 41 lo

847 1581 118 43 quitur
930 1581 130 43 boetius
1025 1581 118 43 tertio
1108 1581 71 43 de
1143 1581 189 43 consolatione
1297 1581 107 43 prosa
1356 1581 95 43 decima

851 1610 133 43 probans
948 1610 97 43 deum
1008 1610 97 43 esse
1068 1610 121 43 summam
1153 1610 205 43 beatitudinem.
1322 1610 121 43 Tertio
1395 1610 60 43 pro

850 1638 127 42 visione
943 1638 104 42 clara
1013 1638 81 42 dei
1059 1638 70 42 de
1094 1638 81 42 quo
1140 1638 70 42 Io
1175 1638 70 42 17
1210 1638 81 42 hec
1256 1638 81 42 est
1302 1638 93 42 vita
1349 1638 104 42 eterna.

848 1661 107 47 Tertio
923 1661 75 47 pro
966 1661 118 47 actuali
1052 1661 96 47 amore
1116 1661 75 47 dei
1159 1661 96 47 clare
1223 1661 86 47 visi
1277 1661 64 47 et
1309 1661 75 47 sic
1341 1661 107 47 loquitur

844 1694 177 44 augustinus
984 1694 76 44 in
1022 1694 114 44 locis
1098 1694 165 44 innumeris
1224 1694 127 44 vocans
1300 1694 152 44 fruitionem

849 1720 86 46 dei
898 1720 208 46 beatitudinem.
1069 1720 122 46 Quarto
1155 1720 86 46 pro
1203 1720 171 46 dilectione
1338 1720 86 46 vel
1375 1720 73 46 gau-

845 1747 79 47 dio
890 1747 90 47 quod
946 1747 113 47 oritur
1025 1747 68 47 ex
1059 1747 147 47 fruitione
1172 1747 79 47 dei
1217 1747 102 47 clare
1285 1747 90 47 visi
1341 1747 68 47 et
1375 1747 79 47 sic
1409 1747 45 47 lo

856 1778 107 48 iuitur
931 1778 96 48 augui
995 1778 64 48 in
1027 1778 118 48 libello
1113 1778 64 48 de
1145 1778 86 48 vera
1198 1778 150 48 innocentia
1305 1778 150 48 propositione

849 1805 57 48 i6
877 1805 67 48 90.
915 1805 67 48 cum
953 1805 95 48 decetu
1020 1805 152 48 beatitudinem
1143 1805 67 48 seu
1181 1805 86 48 vitam
1238 1805 95 48 beatam
1305 1805 86 48 etiam
1352 1805 95 48 gaudium.

844 1831 114 52 Quinto
923 1831 68 52 et
957 1831 102 52 magis
1026 1831 125 52 proprie
1117 1831 148 52 accipitur
1231 1831 80 52 pro
1276 1831 91 52 toto
1322 1831 125 52 aggregato

845 1861 68 43 ex
879 1861 113 43 tribus
958 1861 148 43 predictis
1072 1861 68 43 et
1106 1861 125 43 omnibus
1196 1861 193 43 pertinentious
1355 1861 68 43 ad
1378 1861 68 43 sta-

838 1888 75 51 tum
881 1888 96 51 beati
945 1888 85 51 quae
999 1888 160 51 pertinentia
1127 1888 128 51 enumerat
1223 1888 128 51 anselmus
1319 1888 64 51 de
1340 1888 107 51 similitu

843 1919 97 45 dibus
908 1919 97 45 ca.lo
972 1919 75 45 49.
1015 1919 65 45 Et
1048 1919 97 45 sicut
1112 1919 86 45 sunt
1166 1919 54 45 7
1188 1919 54 45 a
1209 1919 97 45 dotes
1274 1919 161 45 pertinentes
1403 1919 65 45 ad

837 1943 107 53 statum
912 1943 129 53 corporis
1009 1943 129 53 scilicet
1106 1943 161 53 pulchiitudo
1234 1943 129 53 agilitas
1331 1943 140 53 fortitudo

843 1974 149 49 libertas
954 1974 136 49 sanitas
1053 1974 149 49 voluptas
1165 1974 74 49 et
1202 1974 174 49 longeuitas
1338 1974 74 49 et
1376 1974 62 49 7
1400 1974 74 49 ad

836 2003 117 42 animam
918 2003 140 42 scilicet
1023 2003 152 42 sapientia
1140 2003 117 42 animus
1222 2003 152 42 concordia
1339 2003 105 42 honor
1397 2003 47 42 po

839 2032 125 50 testas
926 2032 163 50 securitas
1051 2032 75 50 et
1089 2032 150 50 gaudium.
1201 2032 150 50 Interque
1314 2032 113 50 habes
1376 2032 100 50 sapien

838 2060 91 60 tiam
894 2060 147 60 amicitiam
1007 2060 68 60 et
1041 2060 125 60 gaudium
1132 2060 68 60 de
1166 2060 113 60 quibus
1245 2060 136 60 loquitur
1336 2060 113 60 anselmus
