1792 2500
299 183 123 61 inlibro
388 183 67 61 de
421 183 145 61 concordia
533 183 156 61 describens
656 183 178 61 beatitudinem
801 183 89 61 quod
845 183 67 61 bea-

306 232 114 41 titudo
385 232 137 41 secundum
488 232 103 41 omnem
556 232 148 41 consensum
671 232 80 41 est
705 232 205 41 sufficientissima

308 265 224 33 competentium
490 265 196 33 commodorum
643 265 112 33 sine
713 265 112 33 omni
769 265 140 33 indigen-

308 284 89 42 tia.
364 284 67 42 Et
397 284 123 42 boetius
487 284 145 42 describit
598 284 78 42 eam
643 284 89 42 quod
699 284 78 42 est
743 284 112 42 status
810 284 101 42 bonorum

298 319 134 34 omnium
391 319 214 34 aggregatione
565 319 174 34 perfectus
698 319 80 34 et
738 319 107 34 isto
805 319 107 34 modo
859 319 53 34 te

305 342 83 39 neo
353 342 83 39 seu
400 342 155 39 securitas
519 342 83 39 est
567 342 167 39 intrinseca
698 342 95 39 pars
745 342 167 39 beatitudinis

310 371 113 40 sicut
386 371 138 40 sumitur
486 371 163 40 beatitudo
611 371 125 40 maxime
699 371 138 40 proprie
787 371 125 40 secundum

308 399 93 41 eum
361 399 106 41 quia
427 399 93 41 cum
480 399 120 41 omnia
560 399 120 41 talia
640 399 133 41 saltem
733 399 93 41 que
773 399 146 41 pertinent

303 427 75 44 ad
340 427 188 44 essentialem
490 427 200 44 beatitudinem
653 427 238 44 inseparabiliter
840 427 75 44 con-

305 459 193 40 comitantur.
459 459 103 40 Ideo
524 459 206 40 auctoritates
691 459 167 40 quamlibet
806 459 116 40 istarum

308 483 132 47 partium
404 483 191 47 essentialium
559 483 155 47 quandoque
679 483 120 47 vocant
751 483 167 47 beatitudinem

308 517 70 39 et
343 517 129 39 vtuntur
437 517 106 39 parte
508 517 82 39 pro
555 517 94 39 toto
613 517 106 39 tamen
683 517 164 39 delectatio
812 517 82 39 est
848 517 70 39 pars

308 547 138 35 vltinia
409 547 76 35 et
447 547 126 35 optima
535 547 201 35 beatitudinis
699 547 76 35 et
736 547 126 35 optima
812 547 113 35 partia-

309 567 78 42 lis
353 567 145 42 beatitudo
465 567 67 42 et
498 567 78 42 hoc
543 567 100 42 habeo
609 567 78 42 ego
654 567 111 42 dicere
732 567 89 42 quia
787 567 89 42 ista
832 567 89 42 circum

310 597 147 40 scriptis
420 597 110 40 aliis
493 597 110 40 esset
567 597 122 40 quedam
653 597 110 40 plena
726 597 159 40 beatitudo
836 597 86 40 licet

316 626 91 38 non
368 626 103 38 eque
432 626 116 38 plena
510 626 116 38 sicut
588 626 181 38 aggregatum
730 626 181 38 prenotatum
859 626 65 38 nec

314 655 75 37 sit
357 655 107 37 aliqua
432 655 118 37 partium
518 655 118 37 aliarum
603 655 64 37 vt
635 655 96 37 visum
699 655 86 37 est.
753 655 64 37 Et
785 655 86 37 nota
838 655 86 37 quod
881 655 43 37 de

317 679 154 44 lectatio
433 679 154 44 importat
548 679 193 44 operationem
703 679 128 44 omnino
780 679 141 44 perfectam

311 714 77 43 et
350 714 141 43 penitus
452 714 192 43 quietatiuam
606 714 77 43 et
632 714 192 43 sacietatiuam.

447 745 148 63 Sso
531 745 380 63 debelectatione
827 745 106 63 bea

457 793 127 43 tifica.
550 793 104 43 Utrum
619 793 81 43 sit
666 793 127 43 fruitio
758 793 139 43 queritur
863 793 69 43 in
886 793 46 43 ge

463 824 122 40 nerali.
551 824 99 40 Utrum
618 824 99 40 omnis
684 824 155 40 delectatio
805 824 77 40 vel
839 824 88 40 tristi

439 850 99 46 Urcia
505 850 77 46 sit
549 850 131 46 dilectio
647 850 77 46 vel
691 850 99 46 odium
757 850 77 46 seu
801 850 121 46 volitio
877 850 55 46 aut

320 875 126 48 nolitio.
414 875 52 48 ⁋
435 875 63 48 Et
466 875 105 48 potest
540 875 94 48 argui
603 875 73 48 pro
645 875 63 48 et
676 875 105 48 contra
750 875 94 48 sicut
813 875 63 48 in
834 875 94 48 praece-

320 903 104 53 denti
390 903 162 53 questione.
517 903 58 53 ⁋
540 903 104 53 Prima
610 903 150 53 conclusio
725 903 104 53 omnis
783 903 139 53 delectatio

328 934 155 44 voluntatis
450 934 78 44 vel
494 934 144 44 tristicia
605 934 155 44 voluntatis
727 934 78 44 est
772 934 100 44 velle
838 934 78 44 vel
872 934 55 44 nol

317 963 78 49 le
356 963 156 49 probatur
473 963 104 49 quia
538 963 91 49 non
590 963 104 49 sunt
655 963 130 49 plures
746 963 117 49 actus
811 963 117 49 vitales

319 991 183 51 appetitiui
462 991 78 51 in
502 991 170 51 voluntate
632 991 117 51 etiam
710 991 104 51 quia
775 991 117 51 omnis
841 991 91 51 actus

314 1020 186 48 complacentie
465 1020 81 48 vel
512 1020 186 48 displicentie
662 1020 139 48 volitiue
767 1020 81 48 est
813 1020 104 48 velle
871 1020 58 48 vel

319 1047 103 50 nolle
387 1047 115 50 igitur
468 1047 92 50 etc.
525 1047 92 50 Item
583 1047 92 50 quia
640 1047 80 50 non
686 1047 103 50 minus
755 1047 80 50 vna
789 1047 138 50 delectatio

319 1083 133 41 volitiua
418 1083 77 41 est
463 1083 122 41 volitio
551 1083 88 41 quam
606 1083 88 41 alia
662 1083 77 41 sed
706 1083 155 41 delectatio
816 1083 122 41 beatifica

326 1108 57 42 ex
355 1108 86 42 primo
413 1108 115 42 articulo
499 1108 153 42 praecedentis
623 1108 144 42 quaestionis
738 1108 67 42 est
777 1108 115 42 dilectio
853 1108 77 42 igitur

318 1132 69 48 Ex
353 1132 81 48 quo
399 1132 104 48 patet
468 1132 92 48 quod
526 1132 104 48 omnis
595 1132 162 48 delectatio
722 1132 81 48 vel
768 1132 150 48 tristicia
872 1132 58 48 sen

319 1162 124 46 sitiua
405 1162 87 46 est
455 1162 136 46 quoddam
554 1162 149 46 appetere
666 1162 87 46 vel
716 1162 87 46 non
765 1162 149 46 appetere
865 1162 74 46 con-

326 1188 99 48 trarie
395 1188 119 48 scilicet
485 1188 139 48 appetitiue
593 1188 99 48 fugere
663 1188 79 48 quia
712 1188 69 48 sic
752 1188 69 48 est
791 1188 59 48 de
821 1188 69 48 hoc
861 1188 50 48 a
871 1188 69 48 parte

318 1221 150 43 appetitus
434 1221 150 43 sensitiui
549 1221 104 43 sicut
618 1221 58 43 a
642 1221 104 43 parte
711 1221 150 43 appetitus
815 1221 115 43 intelle-

324 1250 114 44 ctiui
400 1250 126 44 igitur
489 1250 101 44 etc.
552 1250 63 44 ⁋
577 1250 126 44 Primum
666 1250 126 44 dubium
754 1250 114 44 vtrum
817 1250 114 44 econtra

325 1274 109 46 omnis
398 1274 97 46 amor
459 1274 85 46 vel
507 1274 109 46 odium
580 1274 85 46 sit
629 1274 170 46 delectatio
763 1274 85 46 vel
799 1274 134 46 tristicia

331 1304 79 48 hic
376 1304 123 48 tenetur
465 1304 168 48 concorditer
600 1304 90 48 quod
656 1304 79 48 non
701 1304 67 48 et
735 1304 79 48 hoc
780 1304 112 48 arguit
847 1304 90 48 petrus

325 1335 151 42 aureolus
439 1335 101 42 quia
502 1335 138 42 aliquis
602 1335 88 42 est
653 1335 101 42 amor
716 1335 88 42 non
753 1335 189 42 delectationis

331 1362 80 43 sed
376 1362 149 43 desiderii
491 1362 138 43 respectu
594 1362 80 43 non
640 1362 126 43 habiti,
732 1362 115 43 igitur
812 1362 92 43 bene
858 1362 80 43 ponun

334 1389 71 47 tur
374 1389 81 47 ista
425 1389 111 47 quattuo
505 1389 121 47 scilicet
596 1389 91 47 velle
657 1389 131 47 desiderii
757 1389 61 47 et
788 1389 91 47 velle
838 1389 101 47 delecta-

334 1417 108 44 tionis
410 1417 65 44 et
442 1417 97 44 nolle
507 1417 86 44 fuge
561 1417 65 44 et
593 1417 97 44 nolle
658 1417 151 44 tristicie.
776 1417 54 44 ⁋
798 1417 119 44 Quamuis
873 1417 65 44 ista

331 1443 142 46 conclusio
441 1443 99 46 forte
506 1443 77 46 sit
550 1443 88 46 vera
605 1443 99 46 tamen
670 1443 109 46 medium
747 1443 77 46 non
791 1443 120 46 videtur
867 1443 77 46 suffi

337 1475 92 42 ciens
398 1475 82 42 quia
450 1475 82 42 stat
501 1475 62 42 in
532 1475 72 42 hoc
573 1475 82 42 quod
624 1475 82 42 amor
675 1475 133 42 desiderii
778 1475 72 42 non
819 1475 72 42 est
850 1475 92 42 delecta

329 1502 77 44 tio
373 1502 77 44 nec
417 1502 142 44 tristicia
526 1502 99 44 cuius
592 1502 142 44 oppositum
701 1502 109 44 innuit
778 1502 164 44 commentator
898 1502 44 44 12

339 1534 111 40 metha.
417 1534 133 40 commento
517 1534 78 40 39.
561 1534 100 40 dicit
628 1534 100 40 quasi
695 1534 67 40 in
728 1534 144 40 principio
828 1534 111 40 commenti

353 1564 164 35 desiderium
482 1564 93 35 tale
540 1564 105 35 magis
610 1564 82 35 est
657 1564 105 35 dolor
727 1564 93 35 quam
785 1564 140 35 voluptas
891 1564 82 35 non

339 1593 119 42 igitur
422 1593 154 42 initendum
541 1593 83 42 est
589 1593 95 42 huic
648 1593 107 42 medio
719 1593 83 42 sed
767 1593 154 42 posterius
874 1593 71 42 tan-

336 1611 134 53 gendo.
430 1611 161 53 Secundum
550 1611 134 53 dubium
644 1611 121 53 vtrum
725 1611 121 53 omnis
805 1611 107 53 amor
859 1611 94 53 disti

344 1651 95 36 ctus
404 1651 119 36 contra
487 1651 119 36 amorem
570 1651 154 36 desiderii
689 1651 83 36 sit
736 1651 166 36 delectatio
867 1651 71 36 et
891 1651 59 36 om-

333 1680 71 39 ne
369 1680 107 39 odium
440 1680 166 39 distinctum
570 1680 119 39 contra
653 1680 107 39 nolle
725 1680 95 39 fuge
784 1680 71 39 et
808 1680 142 39 resilitio-

341 1706 78 42 nis
385 1706 78 42 sit
430 1706 156 42 tristicia.
553 1706 56 42 ⁋
575 1706 67 42 Et
608 1706 123 42 videtur
698 1706 89 42 quod
753 1706 78 42 sic
798 1706 78 42 nam
831 1706 123 42 appetitus

338 1734 167 38 naturalis
467 1734 90 38 non
518 1734 116 38 habet
595 1734 103 38 nisi
659 1734 103 38 duos
724 1734 116 38 actus
788 1734 154 38 positiuos.

337 1762 142 40 scilicet
444 1762 118 40 moueri
526 1762 71 40 in
562 1762 106 40 finem
633 1762 71 40 et
668 1762 154 40 quiescere
786 1762 71 40 in
822 1762 95 40 ipso
881 1762 71 40 vt
905 1762 47 40 pa

345 1792 84 35 tet
393 1792 72 35 de
429 1792 157 35 grauitate
550 1792 145 35 respectu
659 1792 121 35 centri
743 1792 72 35 et
779 1792 96 35 duos
827 1792 121 35 priuati-

345 1815 73 40 uos
386 1815 125 40 scilicet
480 1815 105 40 fugere
554 1815 63 40 ab
585 1815 125 40 opposito
679 1815 63 40 et
711 1815 146 40 inquietari
826 1815 73 40 dum
867 1815 73 40 est
909 1815 63 40 in

342 1849 95 39 ipso
402 1849 119 39 igitur
485 1849 60 39 a
509 1849 119 39 simili
592 1849 155 39 appetitus
712 1849 167 39 sensitiuus
831 1849 119 39 irratio-

342 1875 107 38 nalis
413 1875 154 38 similiter
532 1875 71 38 et
567 1875 166 38 rationalis
697 1875 95 38 noni
757 1875 107 38 habet
828 1875 95 38 nisi
875 1875 83 38 quat-

336 1905 109 37 tuor
404 1905 122 37 actus
486 1905 109 37 duos
554 1905 177 37 positiuos
689 1905 136 37 quorum
784 1905 109 37 vnus
852 1905 95 37 est
893 1905 68 37 mo-

343 1934 98 36 ueri
404 1934 73 36 ad
441 1934 110 36 finem
514 1934 147 36 scilicet
624 1934 171 36 desiderium
759 1934 73 36 et
783 1934 159 36 prosecutio.

356 1960 59 39 ⁋
380 1960 141 39 Secundus
486 1960 153 39 quiescere
604 1960 71 39 in
639 1960 94 39 fine
698 1960 82 39 vel
745 1960 141 39 obiectum
839 1960 118 39 scilicet

344 1991 170 35 delectari
475 1991 79 35 et
514 1991 105 35 duos
580 1991 184 35 priuatiuos
724 1991 131 35 quorum
816 1991 131 35 primus
894 1991 66 35 cor

338 2018 157 37 respondet
459 2018 97 37 fuge
519 2018 72 37 et
555 2018 181 37 resilitioni
700 2018 145 37 scilicet
797 2018 157 37 abhominatio

339 2044 75 49 seu
382 2044 150 49 detestatio
500 2044 128 49 secundus
596 2044 182 49 inquietationi
746 2044 128 49 scilicet
832 2044 128 49 displicen

935 170 69 58 tia
974 170 59 58 et
1004 170 157 58 contristatio
1132 170 88 58 dices
1190 170 79 58 quod
1240 170 69 58 non
1279 170 69 58 est
1318 170 88 58 vsque
1377 170 79 58 quam
1426 170 98 58 simile
1485 170 59 58 quia

938 215 73 44 in
974 215 183 44 naturalibus
1121 215 86 44 est
1170 215 147 44 grauitas
1280 215 86 44 vel
1329 215 134 44 leuitas
1427 215 86 44 que
1463 215 86 44 prin-

938 249 123 40 cipiant
1027 249 101 40 istos
1094 249 101 40 actus
1162 249 67 40 et
1195 249 67 40 in
1229 249 67 40 se
1262 249 78 40 non
1307 249 89 40 sunt
1363 249 101 40 actus
1430 249 78 40 sed
1475 249 67 40 in
1497 249 56 40 ap-

950 274 108 41 etitu
1022 274 132 41 animali
1117 274 72 41 et
1153 274 155 41 rationali
1273 274 84 41 est
1321 274 96 41 loco
1381 274 167 41 grauitatis
1500 274 48 41 et

937 298 169 44 leuitatis
1067 298 104 44 ipse
1132 298 104 44 amor
1197 298 130 44 pondus
1289 298 156 44 inclmans
1406 298 78 44 in
1432 298 117 44 deside-

939 324 108 46 rium
1006 324 94 46 vel
1060 324 243 46 delectationem.
1262 324 121 46 Iuxta
1343 324 121 46 illud
1411 324 148 46 augustini

941 360 114 43 amor
1012 360 114 43 meus
1083 360 142 43 pondus
1183 360 114 43 meum
1254 360 157 43 etc.iam
1368 360 142 43 preter
1453 360 100 43 actus

946 386 233 43 orrespondentes
1140 386 116 43 forme
1218 386 91 43 que
1269 386 91 43 est
1321 386 181 43 principium
1451 386 103 43 talium

942 414 67 42 in
975 414 168 42 naturalibus
1110 414 112 42 igitur
1189 414 90 42 etc.
1245 414 79 42 non
1290 414 79 42 est
1335 414 112 42 simile
1413 414 79 42 sed
1458 414 79 42 hoc
1492 414 56 42 non

942 446 112 40 valet
1016 446 100 40 quia
1079 446 100 40 amor
1141 446 100 40 iste
1203 446 75 40 ex
1241 446 87 40 quo
1291 446 125 40 oritur
1378 446 175 40 desiderium
1503 446 62 40 est

942 473 184 41 delectatio
1087 473 132 41 quedam
1179 473 79 41 de
1218 473 145 41 obiecto
1323 473 184 41 apprehenso
1455 473 105 41 igitur

947 502 98 39 imor
1008 502 147 39 incitans
1118 502 172 39 desiderium
1253 502 86 39 non
1302 502 86 39 est
1351 502 110 39 alius
1425 502 110 39 actus
1499 502 61 39 a
1511 502 49 39 de

945 530 145 38 lectari
1050 530 185 38 Antecedens
1196 530 119 38 patet
1275 530 106 38 quia
1341 530 145 38 memoria
1446 530 79 38 et
1473 530 79 38 yma-

945 558 135 45 ginatio
1043 558 209 45 delectabilium
1215 558 98 45 sunt
1276 558 209 45 delectationes
1448 558 74 45 vt
1472 558 86 45 dicit

949 590 152 42 hilosophus
1069 590 65 42 in
1101 590 152 42 rethorica.
1221 590 65 42 Ex
1254 590 76 42 hoc
1297 590 98 42 autem
1362 590 87 42 quod
1417 590 87 42 homo
1460 590 98 42 delecta

949 614 84 39 tur
997 614 72 39 et
1033 614 156 39 complacet
1153 614 72 39 in
1189 614 132 39 obiecto
1286 614 168 39 apprehenso
1418 614 132 39 incipit
1502 614 60 39 de-

947 645 153 36 siderare
1062 645 128 36 realem
1152 645 102 36 eius
1216 645 192 36 presentiam.
1369 645 77 36 Et
1408 645 77 36 ex
1446 645 90 36 hoc
1484 645 77 36 con-

951 674 141 37 irmatur
1053 674 115 37 prima
1130 674 115 37 ratio
1207 674 102 37 quia
1271 674 77 37 si
1309 674 141 37 aliquis
1411 674 102 37 amor
1463 674 89 37 esset

945 700 100 39 alius
1012 700 56 39 a
1034 700 144 39 desiderio
1145 700 67 39 et
1178 700 178 39 delectatione
1323 700 100 39 esset
1389 700 89 39 ista
1445 700 89 39 amor
1489 700 67 39 qui-

953 733 127 38 ncitat
1042 733 178 38 desiderium
1182 733 76 38 et
1220 733 114 38 facit
1296 733 152 38 prosequi
1410 733 76 38 vt
1435 733 127 38 habeatur

950 754 168 44 desideratum
1084 754 78 44 sed
1129 754 89 44 ille
1185 754 78 44 non
1229 754 78 44 est
1274 754 101 44 alius
1341 754 101 44 actus
1408 754 89 44 quam
1453 754 112 44 delecta-

955 789 73 40 ri
991 789 73 40 et
1028 789 170 40 complacere
1162 789 73 40 in
1198 789 134 40 obiecto
1295 789 73 40 et
1332 789 207 40 conditionibus
1490 789 73 40 eius

956 811 72 46 vt
992 811 72 46 ex
1028 811 144 46 terminis
1135 811 108 46 patet
1207 811 96 46 idem
1267 811 96 46 enim
1327 811 84 46 est
1375 811 155 46 dictutale
1494 811 96 46 quid

957 845 86 34 imo
1006 845 74 34 et
1043 845 98 34 tale
1104 845 98 34 quid
1166 845 86 34 est
1215 845 172 34 complacens
1350 845 98 34 mihi
1412 845 86 34 vel
1448 845 111 34 delecta

953 872 99 41 bile
1015 872 124 41 igitur
1101 872 99 41 amor
1163 872 173 41 preueniens
1299 872 173 41 desiderium
1435 872 87 41 est
1472 872 87 41 dele-

956 894 127 44 ctatio
1045 894 89 44 cum
1096 894 89 44 hoc
1147 894 89 44 non
1198 894 229 44 principialiter
1390 894 140 44 habetur
1492 894 102 44 quod

952 927 182 41 desideretur
1097 927 121 41 igitur
1182 927 133 41 videtur
1279 927 97 41 quod
1339 927 109 41 omnis
1412 927 97 41 amor
1472 927 85 41 vel
1509 927 61 41 est

951 958 178 39 desiderium
1091 958 89 39 vel
1142 958 178 39 delectatio
1282 958 76 39 de
1320 958 140 39 obiecto
1409 958 152 39 apprehenso

957 988 178 35 desiderium
1097 988 178 35 preueniens
1238 988 89 35 vel
1289 988 178 35 delectatio
1429 988 76 35 de
1454 988 115 35 obiecto

958 1016 152 37 presente
1072 1016 190 37 desiderium.
1224 1016 63 37 ⁋
1249 1016 101 37 Item
1312 1016 114 37 omnis
1388 1016 101 37 amor
1451 1016 88 37 est
1489 1016 76 37 amor

954 1042 145 38 amicitie
1063 1042 85 38 vel
1111 1042 217 38 concupiscentie
1292 1042 85 38 sed
1340 1042 133 38 vterque
1437 1042 97 38 amor
1485 1042 85 38 subdi

950 1069 144 41 uiditur
1055 1069 79 41 in
1094 1069 223 41 delectationem
1278 1069 92 41 seu
1331 1069 131 41 amorem
1409 1069 158 41 delectatio

961 1102 88 34 tis
1012 1102 201 34 preuenientem
1175 1102 176 34 desiderium
1313 1102 75 34 et
1351 1102 75 34 in
1376 1102 188 34 subsequentem.

964 1126 63 45 ⁋
990 1126 100 45 Item
1052 1126 113 45 omnis
1128 1126 100 45 amor
1190 1126 88 45 vel
1241 1126 88 45 est
1291 1126 176 45 desiderium
1429 1126 88 45 vel
1467 1126 100 45 compla

961 1156 125 38 centia
1048 1156 88 38 sed
1098 1156 113 38 omnis
1173 1156 200 38 complacentia
1336 1156 88 38 est
1386 1156 175 38 delectatio
1511 1156 63 38 pa-

961 1184 88 37 tet
1011 1184 75 37 ex
1048 1184 150 37 terminis
1161 1184 88 37 nam
1211 1184 100 37 idem
1273 1184 88 37 est
1323 1184 150 37 obiectum
1423 1184 150 37 placibilis

959 1212 76 40 est
1003 1212 87 40 mihi
1057 1212 65 40 et
1090 1212 174 40 delectabilis
1231 1212 76 40 est
1275 1212 87 40 mihi
1329 1212 131 40 delector
1427 1212 65 40 in
1460 1212 65 40 te
1493 1212 65 40 et
1515 1212 54 40 con

960 1242 122 42 placet
1045 1242 98 42 mihi
1106 1242 73 42 in
1143 1242 86 42 te.
1192 1242 61 42 ⁋
1216 1242 98 42 Item
1278 1242 171 42 augustinus
1412 1242 86 42 14.
1461 1242 73 42 de
1485 1242 86 42 civi-

959 1269 84 39 tate
1012 1269 74 39 dei
1054 1269 126 39 capitulo
1149 1269 116 39 septimo
1233 1269 95 39 dicit
1296 1269 84 39 quod
1348 1269 84 39 amor
1401 1269 116 39 inhians
1485 1269 63 39 id
1506 1269 63 39 ist.

961 1296 156 43 desiderans
1083 1296 111 43 habere
1161 1296 100 43 illud
1228 1296 89 43 quod
1284 1296 111 43 amatur
1362 1296 145 43 cupiditas
1473 1296 78 43 est
1506 1296 67 43 amor

964 1330 86 36 aut
1013 1330 122 36 habens
1098 1330 110 36 illud
1172 1330 98 36 quod
1233 1330 122 36 amatur
1318 1330 73 36 eo
1355 1330 98 36 quod
1416 1330 122 36 fruens
1489 1330 86 36 leti-

964 1353 81 44 cia
1011 1353 81 44 est
1057 1353 92 44 siue
1114 1353 173 44 delectatio.
1252 1353 92 44 Amor
1310 1353 92 44 vero
1368 1353 127 44 fugiens
1460 1353 138 44 quicquid

965 1382 73 39 ei
1001 1382 171 39 aduersatur
1136 1382 110 39 timor
1210 1382 86 39 est
1259 1382 135 39 accipit
1357 1382 73 39 vt
1393 1382 159 39 deducitur
1504 1382 73 39 timo

967 1414 96 38 tem
1022 1414 96 38 pro
1077 1414 234 38 abhominatione
1270 1414 83 38 et
1311 1414 110 38 fuga
1380 1414 96 38 que
1422 1414 151 38 opponitur

969 1443 144 33 desiderio
1079 1443 133 33 sequitur
1179 1443 100 33 idque
1245 1443 66 33 si
1279 1443 144 33 acciderit
1389 1443 133 33 sentiens
1478 1443 100 33 tristi-

963 1467 79 41 cia
1008 1467 79 41 est
1053 1467 79 41 hec
1099 1467 170 41 augustinus.
1235 1467 57 41 ⁋
1257 1467 68 41 Ex
1292 1467 79 41 quo
1337 1467 102 41 patet
1405 1467 91 41 quod
1462 1467 91 41 eius
1518 1467 79 41 in¬

965 1496 123 40 tentio
1051 1496 98 40 fuit
1112 1496 147 40 diuidere
1223 1496 111 40 odium
1296 1496 74 40 in
1333 1496 111 40 fugam
1407 1496 74 40 et
1432 1496 147 40 tristiciam

965 1528 78 35 et
1004 1528 130 35 amorem
1095 1528 78 35 in
1133 1528 220 35 delectationem
1315 1528 78 35 et
1354 1528 181 35 desiderium
1483 1528 91 35 licet

970 1551 116 42 duplex
1052 1551 81 42 sit
1098 1551 163 42 delectatio
1226 1551 139 42 scilicet
1330 1551 163 42 preueniens
1446 1551 128 42 desideri-

960 1581 81 38 um
1000 1581 81 38 et
1040 1581 161 38 sequens.
1161 1581 81 38 Et
1201 1581 121 38 istam
1282 1581 215 38 conclusionem
1443 1581 134 38 concedit

973 1613 126 39 Petrus
1061 1613 151 39 aureolus
1174 1613 75 39 et
1212 1613 88 39 est
1262 1613 138 39 pulehia
1363 1613 163 39 conclusio
1488 1613 75 39 et
1513 1613 63 39 pro

973 1639 144 38 pabilis
1078 1639 79 38 et
1117 1639 170 38 argumenta
1248 1639 79 38 in
1288 1639 184 38 contrarium
1432 1639 92 38 pro
1471 1639 105 38 maiori

974 1667 110 42 parte
1047 1667 196 42 sufficienter
1206 1667 171 42 soluuntur.
1341 1667 61 42 ⁋
1365 1667 98 42 Mihi
1426 1667 110 42 tamen
1487 1667 86 42 vide-

972 1693 72 41 tur
1013 1693 83 41 quod
1065 1693 72 41 sua
1106 1693 186 41 contradictoria
1261 1693 72 41 est
1303 1693 83 41 vera
1355 1693 124 41 scilicet
1448 1693 83 41 quod
1489 1693 83 41 aliqua

977 1720 71 45 it
1013 1720 143 45 dilectio
1120 1720 83 45 que
1167 1720 83 45 nec
1215 1720 83 45 sit
1263 1720 167 45 desiderium
1394 1720 83 45 nec
1429 1720 143 45 delectatio

982 1753 136 43 ropria.
1080 1753 74 43 Et
1117 1753 111 43 primo
1191 1753 111 43 arguo
1265 1753 86 43 sic
1315 1753 99 43 quia
1377 1753 136 43 damnati
1463 1753 111 43 aliquam

980 1780 129 37 habent
1071 1780 207 37 dilectionem.
1239 1780 78 37 et
1278 1780 155 37 habebunt
1394 1780 103 37 post
1446 1780 129 37 iudicium

981 1811 102 42 iuia
1045 1811 127 42 maxime
1134 1811 153 42 diligunt
1249 1811 140 42 seipsos
1351 1811 153 42 secundum
1453 1811 127 42 augusti-

975 1840 98 38 num.
1036 1840 74 38 14
1073 1840 74 38 de
1110 1840 147 38 ciuitate
1220 1840 86 38 dei
1269 1840 147 38 capitulo
1379 1840 86 38 206
1428 1840 74 38 et
1465 1840 110 38 tamen
1526 1840 49 38 ex

975 1865 108 41 tunc
1042 1865 135 41 nullam
1136 1865 162 41 habebunt
1258 1865 229 41 delectationem
1446 1865 81 41 vt
1473 1865 108 41 tenent

980 1896 178 39 communiter
1120 1896 165 39 magistri.
1247 1896 64 39 ⁋
1273 1896 102 39 Item
1336 1896 127 39 volunt
1425 1896 114 39 alios
1489 1896 89 39 secum

985 1928 111 32 uniri
1059 1928 74 32 et
1096 1928 111 32 tamen
1170 1928 99 32 ista
1231 1928 136 32 volitio
1330 1928 86 32 non
1379 1928 86 32 est
1429 1928 86 32 eis
1466 1928 123 32 delecta-

977 1949 104 41 tio.
1042 1949 104 41 Item
1107 1949 169 41 demonibus
1237 1949 130 41 placet
1329 1949 104 41 quod
1394 1949 104 41 homo
1459 1949 130 41 peccat
1537 1949 52 41 et

979 1984 106 32 tamen
1050 1984 82 32 non
1097 1984 177 32 delectantur
1238 1984 82 32 nec
1286 1984 106 32 illud
1356 1984 106 32 velle
1427 1984 82 32 est
1474 1984 106 32 velle
1533 1984 47 32 de

978 2007 120 40 siderii
1065 2007 76 40 cum
1109 2007 76 40 sit
1152 2007 131 40 respectu
1250 2007 142 40 presentis
1359 2007 109 40 igitur
1436 2007 87 40 etc.
1490 2007 87 40 Item
1534 2007 54 40 se-

972 2035 113 51 ptimo
1048 2035 138 51 ethicor
1148 2035 151 51 capitulo
1261 2035 125 51 vltimo
1349 2035 163 51 tristicia
1462 2035 125 51 vehemens
