1762 2500
347 213 125 58 robustos
440 213 62 58 vt
471 213 73 58 sic
513 213 62 58 oe
544 213 93 58 primo
606 213 93 58 libro
669 213 73 58 qui
710 213 93 58 verbi
772 213 62 58 ex
804 213 93 58 patre
856 213 93 58 eternam

346 264 125 31 originem
439 264 156 31 prosequitur
564 264 83 31 dici
617 264 104 31 possit
689 264 94 31 illud
752 264 115 31 genesis
835 264 104 31 quinto
898 264 52 31 hic

345 291 77 31 est
389 291 98 31 liber
454 291 175 31 generationis
597 291 98 31 adam.
662 291 55 31 ⁋
684 291 77 31 Pro
728 291 109 31 libris
794 291 142 31 sequentibus

341 318 90 31 ista
397 318 90 31 vice
453 318 135 31 adaptare
555 318 180 31 congruentias
701 318 192 31 praetermitto.
848 318 90 31 Quarto

344 347 165 37 principaliter
481 347 117 37 tangitur
568 347 107 37 fructus
646 347 107 37 finalis
724 347 88 37 huius
782 347 107 37 noticie
860 347 68 37 qui
889 347 49 37 es-

337 374 78 34 dei
381 374 122 34 bonitas
470 374 67 34 et
504 374 100 34 finis
571 374 111 34 finium
649 374 145 34 vltimatus
760 374 111 34 domine
838 374 89 34 deus
882 374 56 34 qui

350 399 95 38 iuxta
414 399 169 38 quaeduplicem
551 399 158 38 conditionem
677 399 116 38 finalis
762 399 148 38 beatitudis
867 399 74 38 summe

343 427 84 38 est
391 427 180 38 admirabilis
535 427 108 38 summe
607 427 192 38 delectabilis
764 427 108 38 summe
824 427 120 38 amabilis

343 457 58 37 et
372 457 87 37 summe
431 457 155 37 perdurabilis
557 457 58 37 et
586 457 78 37 quia
634 457 68 37 sic
673 457 146 37 admirabilis
790 457 78 37 ideo
828 457 107 37 afficiens

346 487 59 30 vt
376 487 127 30 beatifice
473 487 117 30 videatur
561 487 78 30 quia
610 487 68 30 sic
649 487 117 30 amabilis
736 487 78 30 quia
785 487 68 30 sic
824 487 117 30 aliciens
902 487 39 30 vt

339 514 132 34 spontanee
441 514 132 34 diligatur
542 514 81 34 quia
593 514 71 34 sic
634 514 163 34 delectabilis
766 514 61 34 Io
797 514 132 34 reficiens
888 514 51 34 ide

347 548 119 28 iuauitur
436 548 129 28 hauriatur
535 548 59 28 et
565 548 79 28 quia
615 548 69 28 sic
654 548 159 28 perdurabilis
783 548 79 28 ideo
823 548 119 28 sufficiens

339 570 55 32 vt
366 570 129 32 pehennitur
467 570 110 32 teneatur
550 570 55 32 et
578 570 92 32 mathei
642 570 92 32 cat.l.
706 570 83 32 primo
761 570 92 32 domine
826 570 74 32 deus
863 570 74 32 omnium

340 600 114 33 creator
423 600 145 33 terribilis
537 600 104 33 fortis
609 600 104 33 iustus
682 600 62 33 et
713 600 145 33 misericors
827 600 73 33 qui
858 600 83 33 solius

343 625 62 37 es
374 625 94 37 bonus
436 625 104 37 solius
509 625 73 37 rex
551 625 104 37 solius
623 625 125 37 prestans
717 625 94 37 solus
780 625 104 37 iustus
852 625 94 37 ompes
904 625 42 37 et

336 657 110 33 eternus
416 657 80 33 qui.
466 657 50 33 ⁋
486 657 90 33 Iesus
545 657 120 33 Christus
635 657 100 33 totius
705 657 130 33 scripture
804 657 90 33 sacre
854 657 80 33 princi

342 682 75 34 pium
389 682 85 34 atque
445 682 85 34 finis
501 682 75 34 esse
548 682 132 34 dinoscitur
652 682 94 34 ipsius
717 682 94 34 igitur
783 682 94 34 gratia
840 682 103 34 directri-

332 711 70 31 ce
367 711 152 31 humiliter
484 711 152 31 postulata
601 711 105 31 quero
671 711 105 31 circa
741 711 163 31 principium
857 711 82 31 libri

338 736 186 35 sententiarum.
492 736 55 35 ⁋
513 736 99 35 Utrum
579 736 121 35 studium
667 736 99 35 sacre
733 736 143 35 scripture
842 736 77 35 sit
875 736 66 35 meri

343 763 94 33 torium
408 763 75 33 vite
455 763 94 33 eterne
521 763 75 33 quod
568 763 66 33 non
606 763 75 33 quia
653 763 85 33 finis
709 763 66 33 per
747 763 56 33 se
775 763 132 33 immediatus
869 763 66 33 talis

334 790 108 38 studii
410 790 76 38 est
453 790 119 38 credere
539 790 76 38 vel
583 790 97 38 scire
647 790 76 38 sed
691 790 119 38 propter
777 790 151 38 principium
885 790 54 38 non

343 820 71 35 est
384 820 143 35 meritorium
496 820 82 35 quia
547 820 71 35 non
587 820 71 35 est
628 820 61 35 in
659 820 102 35 libera
730 820 102 35 ptante
801 820 82 35 nira
842 820 92 35 credere

343 850 69 31 vel
382 850 69 31 non
422 850 108 31 credere
500 850 69 31 nec
539 850 108 31 propter
618 850 108 31 secudum
696 850 79 31 quia
746 850 118 31 scientia
834 850 108 31 infiati
903 850 29 31 i

338 881 140 30 corintuem.
448 881 90 30 viii.
508 881 100 30 Contra
578 881 70 30 per
618 881 90 30 istud
678 881 110 30 studium
758 881 140 30 peruenitur
868 881 60 30 ad
888 881 50 30 sa-

343 902 101 36 pientiam
418 902 67 36 quae
460 902 76 36 ducit
510 902 50 36 ad
536 902 76 36 vitam
586 902 92 36 eternam
653 902 84 36 igitur
712 902 117 36 Antecedens
804 902 76 36 patet
854 902 59 36 ec.
880 902 50 36 octa

340 934 66 31 uo
373 934 88 31 quid
428 934 99 31 habet
494 934 121 31 amplius
581 934 121 31 sapiens
669 934 55 31 a
691 934 110 31 stulto
768 934 88 31 nisi
822 934 66 31 vt
844 934 88 31 pergat

335 959 94 36 illuc
397 959 73 36 vbi
439 959 73 36 est
480 959 83 36 vita
532 959 62 36 et
563 959 114 36 cait.lo
647 959 114 36 septimo
730 959 135 36 comparans
824 959 114 36 adinuicem

333 986 138 39 sapientiam
441 986 59 39 et
471 986 118 39 diuitias
559 986 89 39 dicit
618 986 69 39 hoc
658 986 89 39 habet
717 986 108 39 amplius
795 986 118 39 eruditio
874 986 59 39 quod

336 1017 98 32 vitam
401 1017 131 32 tribuunt
499 1017 152 32 possessori
619 1017 87 32 suo.
674 1017 76 32 Hic
717 1017 98 32 erunt
783 1017 87 32 tres
826 1017 109 32 articuli

339 1043 97 34 ⁋Primo
407 1043 106 34 ponitur
484 1043 126 34 conclusio
581 1043 68 34 cum
620 1043 77 34 suis
668 1043 184 34 persuasionibus.
823 1043 106 34 Secundo
890 1043 39 34 mo

338 1073 108 31 uentur
414 1073 108 31 dubia.
490 1073 54 31 ⁋
512 1073 65 31 Et
544 1073 108 31 tertio
620 1073 163 31 respondetur
750 1073 65 31 ad
782 1073 76 31 ea.
815 1073 119 31 Conclusio

332 1103 103 34 questio
407 1103 103 34 tamquam
482 1103 84 34 certa
538 1103 66 34 est
576 1103 141 34 concedenda:
688 1103 75 34 quia
735 1103 66 34 non
773 1103 66 34 est
810 1103 94 34 dubium
876 1103 75 34 quin

334 1125 101 32 illud
401 1125 123 32 studium
490 1125 78 32 sit
535 1125 101 32 natum
602 1125 89 32 esse
658 1125 78 32 vel
702 1125 101 32 natum
769 1125 101 32 agere
836 1125 67 32 ad
859 1125 78 32 meri-

334 1155 74 31 tum
377 1155 95 31 illis
440 1155 74 31 qui
483 1155 64 31 ex
515 1155 127 31 caritate
610 1155 64 31 et
642 1155 117 31 propter
727 1155 95 31 finem
791 1155 117 31 debitum
865 1155 74 31 assu-

333 1184 85 36 munt
387 1184 96 36 illud
450 1184 128 36 probatur
546 1184 85 36 tale
599 1184 117 36 studium
684 1184 74 36 est
727 1184 128 36 operatio
823 1184 106 36 humana
886 1184 43 36 li

333 1208 77 36 bera
382 1208 58 36 vt
410 1208 116 36 quilibet
497 1208 58 36 in
526 1208 58 36 se
555 1208 135 36 experitur:
661 1208 58 36 et
690 1208 116 36 perducit
777 1208 58 36 ad
806 1208 116 36 noticiam
883 1208 48 36 sci

335 1240 81 35 entie
389 1240 116 35 diuinitus
478 1240 116 35 inspirate
568 1240 72 35 quae
613 1240 107 35 secundum
693 1240 134 35 apostoilium
801 1240 98 35 secunde
863 1240 63 35 thimo

330 1267 56 31 ⁋
352 1267 111 31 Tertio
430 1267 111 31 vtilis
508 1267 78 31 est
553 1267 67 31 ad
586 1267 122 31 docedum
675 1267 67 31 ad
708 1267 145 31 arguendum
820 1267 67 31 ad
842 1267 89 31 corri-

333 1297 109 31 piendum
413 1297 60 31 et
442 1297 139 31 erudiendum
552 1297 60 31 in
581 1297 119 31 iusticia
671 1297 60 31 vt
701 1297 129 31 perfectus
800 1297 70 31 sit
840 1297 79 31 homo
879 1297 50 31 dei

329 1326 75 33 ad
366 1326 99 33 omne
428 1326 99 33 opus
490 1326 112 33 bonum
565 1326 186 33 instructus.
714 1326 87 33 Sed
763 1326 99 33 omne
825 1326 75 33 id
863 1326 99 33 quod

326 1352 126 34 reddit
415 1352 139 34 hominem
516 1352 164 34 perfectum
642 1352 76 34 ad
680 1352 101 34 omne
743 1352 101 34 opus
807 1352 114 34 bonum
870 1352 63 34 hoc

328 1378 101 40 iuuat
395 1378 67 40 et
429 1378 123 40 dirigit
519 1378 67 40 ad
552 1378 101 40 vitam
620 1378 123 40 eternam
709 1378 123 40 igitur.
799 1378 90 40 Item
855 1378 67 40 ad
878 1378 56 40 ro.

330 1406 109 34 decimo
406 1406 109 34 quinto
483 1406 142 34 quacumque
592 1406 120 34 scripta
679 1406 87 34 sunt
734 1406 65 34 ad
766 1406 120 34 nostram
843 1406 87 34 doctri

326 1432 75 44 nam
369 1432 108 44 scipta
445 1432 86 44 sunt
498 1432 140 44 scriptura
606 1432 108 44 sancta
681 1432 129 44 prouocat
778 1432 75 44 nos
821 1432 65 44 ad
843 1432 86 44 specie

324 1464 92 38 vite
381 1464 126 38 eterne.
472 1464 57 38 ⁋
495 1464 92 38 Item
552 1464 160 38 hieronymus
678 1464 69 38 in
713 1464 126 38 prologo
804 1464 114 38 biblie
873 1464 57 38 da-

330 1490 88 40 niel
385 1490 66 40 in
418 1490 88 40 fine
474 1490 177 40 sacratissime
617 1490 133 40 visionis
717 1490 77 40 ait
761 1490 111 40 iustos
827 1490 100 40 fulgere

327 1522 89 34 quasi
386 1522 108 34 stellas
465 1522 59 34 et
494 1522 167 34 intelligentes
632 1522 59 34 id
662 1522 69 34 est
701 1522 98 34 doctos
770 1522 98 34 quaesi
829 1522 98 34 firmamen

329 1546 78 40 tum.
378 1546 78 40 Item
426 1546 87 40 primi
485 1546 58 40 ad
514 1546 136 40 corinthem.
620 1546 107 40 secundo
698 1546 68 40 nos
737 1546 87 40 autem
795 1546 68 40 non
824 1546 97 40 spiritum

321 1571 93 42 huius
382 1571 93 42 mundi
444 1571 134 42 accepimus
547 1571 72 42 sed
588 1571 93 42 spium
650 1571 72 42 qui
691 1571 72 42 est
732 1571 62 42 ex
763 1571 72 42 deo
804 1571 113 42 sciamus
876 1571 41 42 et

317 1604 58 38 a
341 1604 81 38 deo
387 1604 115 38 donata
467 1604 92 38 sunt
525 1604 104 38 nobis
594 1604 92 38 quae
652 1604 69 38 et
687 1604 138 38 loquimur
791 1604 81 38 non
825 1604 104 38 indocti

321 1627 112 37 humane
399 1627 146 37 sapientie
512 1627 112 37 verbis
590 1627 79 37 sed
635 1627 67 37 in
669 1627 135 37 doctrina
770 1627 101 37 spius
837 1627 79 37 vbi
871 1627 56 37 di-

327 1662 73 35 cit
368 1662 93 35 glosa
430 1662 83 35 quod
482 1662 83 35 sine
534 1662 73 35 hac
575 1662 124 35 scientia
669 1662 83 35 nemo
721 1662 104 35 beatus
793 1662 83 35 est.
845 1662 83 35 Item
887 1662 41 35 au

325 1688 124 41 gustinus
418 1688 103 41 decimo
490 1688 103 41 quarto
562 1688 72 41 ca.
603 1688 113 41 secundo
686 1688 62 41 de
717 1688 134 41 trinitate
820 1688 93 41 super
871 1688 52 41 il-

324 1714 66 40 lud
361 1714 113 40 apostoli
446 1714 85 40 alium
503 1714 85 40 datur
560 1714 85 40 sermo
617 1714 113 40 scientie
702 1714 57 40 de
730 1714 66 40 qua
768 1714 95 40 inquit
834 1714 57 40 in
853 1714 66 40 volu-

321 1745 75 38 mine
368 1745 75 38 xii.
415 1745 122 38 disputaui
509 1745 66 38 non
546 1745 94 38 vtique
612 1745 75 38 quic
659 1745 75 38 quid
707 1745 85 38 sciri
763 1745 94 38 potest
829 1745 56 38 ab
848 1745 75 38 homine

324 1768 57 45 i
346 1768 103 45 rebus
415 1768 125 45 hunanis
506 1768 80 45 vbi
552 1768 137 45 plurimum
654 1768 160 45 superuacue
780 1768 148 45 vanitatis
882 1768 46 45 et

320 1797 85 43 noxie
376 1797 141 43 curiositati
489 1797 66 43 est
527 1797 75 43 huic
574 1797 113 43 scientie
659 1797 132 43 tribuendum
763 1797 66 43 sed
800 1797 85 43 illud
848 1797 75 43 tantum

322 1826 91 42 mono
378 1826 79 42 quo
424 1826 102 42 fides
492 1826 170 42 saluberrima
628 1826 125 42 salubri
719 1826 79 42 via
764 1826 91 42 quae
821 1826 68 42 ad
844 1826 68 42 vera

321 1852 150 43 batitudinem
441 1852 90 43 ducit
501 1852 120 43 gignitur
591 1852 120 43 nutritur
681 1852 140 43 defenditur
791 1852 60 43 et
811 1852 110 43 roboratur

316 1884 75 40 sed
359 1884 64 40 ad
391 1884 75 40 hoc
434 1884 118 40 studere
519 1884 64 40 et
552 1884 128 40 laborare
648 1884 150 40 meritorium
765 1884 86 40 est.
808 1884 107 40 Preterea

320 1914 68 40 ad
354 1914 80 40 hoc
399 1914 114 40 arguit
479 1914 148 40 gandensis
593 1914 68 40 in
627 1914 102 40 summo
695 1914 137 40 articulo
798 1914 114 40 quinto
877 1914 68 40 in

314 1943 121 40 quastione.
410 1943 78 40 vtrum
462 1943 78 40 homin
514 1943 113 40 studendum
600 1943 61 40 sit
635 1943 52 40 vt
661 1943 78 40 sciat
713 1943 52 40 et
739 1943 61 40 tet
774 1943 69 40 quod
817 1943 61 40 sic
852 1943 69 40 quia
886 1943 35 40 vl

322 1966 91 42 timus
383 1966 122 42 terminus
474 1966 81 42 vite
525 1966 102 42 hunane
596 1966 71 42 est
637 1966 112 42 noticia
718 1966 122 42 perfecta
809 1966 91 42 summi
860 1966 61 42 veri

313 1998 64 51 ad
345 1998 85 51 quem
398 1998 127 51 terminum
493 1998 127 51 deueniri
589 1998 74 51 non
631 1998 106 51 potest
705 1998 85 51 nisi
758 1998 116 51 sciendo
832 1998 85 51 aliqua

968 228 79 50 vera
1018 228 79 50 quae
1067 228 79 50 sunt
1116 228 59 50 ad
1146 228 89 50 ipsum
1205 228 109 50 tanquam
1284 228 69 50 via
1324 228 99 50 igitur
1393 228 129 50 siudendum
1492 228 79 50 erit
1541 228 59 50 ad

967 266 89 44 hunc
1023 266 100 44 finem
1089 266 67 44 vt
1123 266 89 44 homo
1179 266 100 44 sciat
1246 266 67 44 et
1279 266 145 44 praecipue
1390 266 67 44 in
1424 266 145 44 theologia
1524 266 56 44 vbi

971 297 151 44 inueniuntur
1091 297 90 44 talia
1152 297 80 44 vera
1202 297 70 44 que
1242 297 80 44 sunt
1292 297 80 44 via.
1342 297 161 44 consequentia
1473 297 90 44 tenet
1523 297 60 44 quia

965 327 100 36 nemo
1027 327 125 36 veniet
1115 327 75 36 ad
1152 327 150 36 terminum
1265 327 100 36 nisi
1327 327 138 36 ambulet
1427 327 88 36 per
1465 327 113 36 medium.

964 354 65 37 Et
997 354 142 37 confirmat
1106 354 98 37 illud
1171 354 87 37 idem
1226 354 98 37 augu.
1291 354 98 37 xiii.
1357 354 65 37 de
1390 354 76 37 Ci.
1433 354 120 37 dicens.
1510 354 65 37 sine

968 376 140 47 icientia
1074 376 82 47 nec
1120 376 140 47 virtutes
1226 376 94 47 ipse
1284 376 117 47 quibus
1366 376 105 47 recte
1437 376 129 47 viuitur
1518 376 59 47 deo

973 410 102 40 onino
1041 410 125 40 possunt
1132 410 113 40 haberi
1211 410 79 40 per
1256 410 91 40 quas
1313 410 79 40 hec
1358 410 91 40 vita
1415 410 113 40 misera
1495 410 79 40 sic
1529 410 45 40 gu

966 435 127 43 bernatur
1062 435 63 43 vt
1093 435 63 43 ad
1125 435 95 43 illam
1188 435 74 43 que
1231 435 85 43 vere
1284 435 95 43 beata
1347 435 74 43 est
1389 435 159 43 perueniatur
1506 435 63 43 eter

969 465 63 44 na
1001 465 74 44 hec
1043 465 95 44 ille.
1106 465 63 44 Ex
1138 465 84 44 illo
1190 465 105 44 arguit
1264 465 63 44 in
1295 465 84 44 fine
1348 465 63 44 q.
1379 465 95 44 ipsum
1442 465 105 44 inquam
1505 465 74 44 stude

970 492 66 40 re
1003 492 132 40 ordinata
1102 492 154 40 intensione
1223 492 77 40 est
1267 492 88 40 opus
1321 492 154 40 meritorium
1442 492 88 40 vite
1486 492 88 40 eterne

966 521 95 41 quia
1026 521 83 41 nec
1073 521 95 41 fine
1133 521 143 41 scientia
1240 521 119 41 dirigi
1323 521 131 41 possunt
1418 521 119 41 etutum
1490 521 83 41 opera

961 550 120 42 propter
1048 550 87 42 quod
1103 550 98 42 dicit
1169 550 142 42 Apostolus
1278 550 98 42 prime
1344 550 109 42 thimo.
1420 550 98 42 iium.
1475 550 98 42 attende

967 579 89 39 tibi
1022 579 67 39 et
1056 579 144 39 doctrive.
1167 579 89 39 ideo
1222 579 111 39 monuit
1300 579 156 39 psalmista.
1422 579 122 39 gustate
1511 579 67 39 et
1534 579 44 39 vi

962 606 91 43 dete
1019 606 91 43 etc.
1075 606 91 43 quia
1132 606 102 43 sicut
1201 606 125 43 scribit
1292 606 91 43 hugo
1349 606 102 43 libro
1417 606 125 43 didasta
1497 606 68 43 cap-

960 630 105 46 iiii.
1031 630 82 46 10.
1077 630 117 46 diuina
1159 630 129 46 eloquia
1253 630 152 46 aptissime
1370 630 94 46 fauo
1417 630 152 46 comparantur

964 661 88 44 que
1015 661 76 44 et
1053 661 138 44 propter
1153 661 214 44 simplicitatem
1329 661 151 44 sermonis
1443 661 113 44 arida
1506 661 50 44 ap

965 690 122 45 parent
1050 690 73 45 et
1087 690 110 45 intus
1160 690 159 45 duicedine
1282 690 110 45 plena
1355 690 110 45 sunt.
1429 690 73 45 Ad
1465 690 73 45 id
1490 690 85 45 facit

968 718 108 41 illud
1040 718 132 41 ysidori
1136 718 72 41 de
1172 718 108 41 summo
1244 718 96 41 bono
1303 718 108 41 libro
1375 718 108 41 primo
1447 718 96 41 cap.
1495 718 72 41 xix.

967 744 150 36 Scriptura
1082 744 104 36 sacra
1151 744 81 36 pro
1197 744 104 36 vnius
1266 744 138 36 cuiusque
1369 744 138 36 doctoris
1461 744 115 36 variatur

961 773 194 44 intelligentia
1121 773 103 44 sicut
1189 773 103 44 mamna
1258 773 91 44 quod
1315 773 91 44 ppso
1372 773 114 44 veteri
1452 773 80 44 pro
1486 773 80 44 singu

958 796 108 49 lorum
1030 796 192 49 delectatione
1186 796 120 49 varium
1270 796 108 49 dabat
1341 796 144 49 saporem.
1449 796 96 49 Item
1497 796 72 49 hie-

960 827 121 43 ronymus
1048 827 66 43 in
1081 827 132 43 epistola
1180 827 66 43 ad
1213 827 132 43 paulinum
1311 827 99 43 totum
1377 827 110 43 inquit
1454 827 88 43 quod
1498 827 66 43 legi

967 857 73 40 mus
1008 857 62 40 in
1039 857 145 40 scripturis
1153 857 114 40 diuinis
1236 857 93 40 nitet
1298 857 104 40 quidam
1371 857 62 40 et
1402 857 104 40 fulget
1475 857 62 40 in
1495 857 73 40 corti

959 887 69 37 ce
993 887 81 37 sed
1039 887 127 37 dulcedo
1131 887 81 37 est
1177 887 69 37 in
1212 887 127 37 medulla
1304 887 81 37 qui
1350 887 104 37 edere
1419 887 92 37 vult
1465 887 104 37 nucleum

961 908 104 48 frangat
1036 908 85 48 nucem
1093 908 66 48 hec
1131 908 85 48 ille.
1188 908 66 48 sed
1226 908 76 48 ista
1274 908 104 48 fractio
1350 908 66 48 est
1388 908 66 48 per
1426 908 104 48 studium
1492 908 76 48 igitur

964 939 117 46 Secundum
1052 939 137 46 argumentum
1160 939 68 46 est
1199 939 117 46 haberici
1287 939 127 46 gandensis
1385 939 68 46 qui
1424 939 117 46 concedit
1502 939 59 46 quod

965 966 93 47 homini
1030 966 121 47 studendum
1122 966 65 47 est
1160 966 56 47 vt
1187 966 83 47 sciat
1243 966 74 47 quod
1289 966 65 47 non
1327 966 65 47 est
1364 966 65 47 ver
1401 966 56 47 si
1429 966 56 47 ly
1456 966 56 47 vt
1484 966 83 47 dicit
1531 966 46 47 cau

964 994 76 46 sam
1008 994 120 46 finalem
1095 994 142 46 vltimatam
1204 994 87 46 quia
1259 994 120 46 taliter
1347 994 76 46 nec
1390 994 131 46 scientia
1489 994 76 46 nec
1521 994 55 46 vir

958 1023 110 45 tutes
1031 1023 85 45 nec
1080 1023 159 45 beatitudo
1202 1023 122 45 appeti
1287 1023 146 45 dicuntur
1397 1023 98 45 quia
1458 1023 73 45 me
1483 1023 85 45 scire

963 1053 79 45 vel
1008 1053 112 45 beatum
1086 1053 90 45 esse
1142 1053 79 45 est
1187 1053 67 45 me
1221 1053 168 45 aliqualiter
1356 1053 90 45 esse
1412 1053 79 45 vel
1457 1053 67 45 me
1479 1053 90 45 habere

957 1077 74 45 sed
1000 1077 64 45 si
1032 1077 138 45 finaliter
1138 1077 106 45 appeto
1212 1077 128 45 vltimate
1308 1077 64 45 me
1340 1077 159 45 aliqualiter
1467 1077 85 45 esse
1510 1077 53 45 vel

954 1106 104 48 habere
1026 1106 73 48 cum
1068 1106 73 48 hoc
1109 1106 73 48 sit
1151 1106 124 48 creatura
1244 1106 83 48 quod
1296 1106 73 48 non
1337 1106 73 48 est
1378 1106 145 48 faciendum.
1492 1106 73 48 Sed
1524 1106 41 48 si

958 1133 59 49 ly
988 1133 59 49 vt
1017 1133 89 49 dicit
1077 1133 89 49 finem
1136 1133 69 49 quo
1175 1133 79 49 bene
1224 1133 138 49 conceditur
1333 1133 69 49 sic
1372 1133 89 49 etiam
1432 1133 109 49 noticia
1501 1133 49 49 per

952 1164 106 44 fecta
1023 1164 106 44 summi
1094 1164 95 44 veri
1153 1164 95 44 etc.
1212 1164 95 44 bene
1271 1164 83 44 est
1319 1164 106 44 finis
1390 1164 83 44 quo
1437 1164 118 44 humane
1508 1164 59 44 vi-

960 1192 54 47 te
987 1192 64 47 sed
1023 1192 91 47 solius
1087 1192 73 47 deus
1132 1192 64 47 est
1169 1192 82 47 finis
1223 1192 100 47 vltimus
1296 1192 100 47 igitur.
1368 1192 73 47 Item
1414 1192 100 47 secluso
1486 1192 64 47 per
1514 1192 45 47 yma

960 1221 158 42 ginationem
1084 1221 102 42 omnim
1152 1221 147 42 extriseco
1264 1221 102 42 adhuc
1332 1221 135 42 scientie
1434 1221 68 42 et
1456 1221 113 42 virtutes

954 1252 121 42 essent
1039 1252 158 42 appetende
1160 1252 134 42 tanquam
1257 1252 194 42 perfectiones
1415 1252 109 42 anime
1476 1252 85 42 huma-

957 1277 69 41 ne.
997 1277 79 41 Ideo
1046 1277 89 41 etiam
1106 1277 109 41 dicitur
1185 1277 79 41 quod
1235 1277 79 41 sint
1284 1277 129 41 appetende
1384 1277 109 41 propter
1463 1277 60 41 se
1493 1277 69 41 nec
1522 1277 40 41 in

958 1305 65 45 eis
995 1305 65 45 est
1032 1305 121 45 sistendum
1126 1305 56 45 vt
1154 1305 84 45 dicit
1210 1305 112 45 magister
1294 1305 84 45 libro
1350 1305 84 45 primo
1406 1305 65 45 di.
1443 1305 93 45 prima.
1499 1305 56 45 Item

949 1331 120 44 studere
1036 1331 65 44 ad
1069 1331 174 44 perceptionem
1210 1331 87 44 cibi
1265 1331 163 44 spiritualis
1396 1331 98 44 anime
1461 1331 76 44 est
1494 1331 65 44 meri

958 1359 94 47 torium
1024 1359 94 47 studiu
1090 1359 66 47 sed
1127 1359 75 47 ille
1174 1359 66 47 est
1212 1359 113 47 effectus
1297 1359 85 47 sacre
1354 1359 123 47 scripture
1448 1359 94 47 igitur
1504 1359 57 47 etc.

949 1390 106 42 minor
1020 1390 106 42 patet
1090 1390 82 42 per
1137 1390 106 42 illud
1207 1390 141 42 gregorii
1313 1390 129 42 moratur
1407 1390 106 42 super
1477 1390 106 42 illud

948 1418 85 43 hob
997 1418 171 43 amittentes
1131 1418 171 43 vocauerunt
1265 1418 97 43 tres
1326 1418 134 43 sorores
1423 1418 97 43 suas
1484 1418 73 43 vt
1508 1418 49 43 co

949 1448 130 41 mederent
1047 1448 65 41 et
1079 1448 130 41 biberent
1177 1448 76 41 cum
1220 1448 76 41 eis
1263 1448 141 41 scriptura
1372 1448 87 41 enim
1426 1448 98 41 sacra
1480 1448 76 41 nobis

957 1474 83 37 cibus
1012 1474 65 37 est
1049 1474 120 37 aliquando
1141 1474 92 37 potus.
1206 1474 83 37 cibus
1261 1474 92 37 namque
1326 1474 65 37 est
1362 1474 55 37 in
1390 1474 83 37 locis
1436 1474 120 37 obscuriori-

957 1501 72 41 bus
998 1501 83 41 quia
1050 1501 93 41 quasi
1111 1501 134 41 exponendo
1215 1501 134 41 frangitur
1318 1501 62 41 et
1349 1501 144 41 commedendo
1452 1501 103 41 glutitur

954 1530 83 41 potus
1009 1530 74 41 vero
1055 1530 64 41 est
1092 1530 55 41 in
1119 1530 83 41 locis
1175 1530 129 41 aptioribus
1276 1530 92 41 quando
1340 1530 64 41 ita
1377 1530 110 41 sorbetur
1460 1530 83 41 sicut
1506 1530 55 41 inue

952 1562 101 38 nitur.
1023 1562 61 38 Ad
1053 1562 91 38 illud
1114 1562 91 38 facit
1174 1562 111 38 imprsmo
1255 1562 111 38 prologo
1336 1562 91 38 mora.
1396 1562 71 38 smo
1437 1562 91 38 dinus
1487 1562 71 38 sicut

952 1585 139 45 misteriis
1059 1585 139 45 prudentes
1166 1585 118 45 exercet
1252 1585 75 45 sic
1295 1585 139 45 plerumque
1402 1585 150 45 superficie
1509 1585 53 45 sim

955 1615 109 41 plices
1031 1615 119 41 refouet
1118 1615 87 41 quia
1172 1615 98 41 habet
1237 1615 65 41 in
1270 1615 119 41 publico
1357 1615 76 41 vne
1400 1615 109 41 paulos
1465 1615 98 41 nutriat

950 1645 115 38 seruat
1030 1645 69 38 in
1065 1645 127 38 secreto
1157 1645 81 38 vne
1203 1645 115 38 mentes
1283 1645 138 38 sublimiu
1387 1645 69 38 in
1410 1645 150 38 admiratione

948 1671 129 43 suspendat
1047 1671 69 43 qui
1087 1671 99 43 quidam
1156 1671 99 43 quippe
1225 1671 59 43 vt
1255 1671 69 43 ita
1295 1671 99 43 dixeri
1364 1671 69 43 est
1404 1671 109 43 fiuuius
1473 1671 79 43 planus

943 1702 61 36 et
973 1702 91 36 altus
1034 1702 61 36 in
1064 1702 81 36 quae
1115 1702 61 36 et
1145 1702 91 36 agnus
1206 1702 111 36 ambulet
1286 1702 61 36 et
1317 1702 111 36 elephas
1397 1702 101 36 natet.
1468 1702 81 36 Item
1519 1702 61 36 in

945 1729 101 42 mensa
1012 1729 146 42 scripture
1124 1729 101 42 sicut
1192 1729 101 42 dicit
1259 1729 90 42 hugo
1315 1729 67 42 de
1349 1729 135 42 claustro
1450 1729 101 42 anime
1506 1729 45 42 po

941 1757 118 40 nuntur
1024 1757 94 40 tria
1083 1757 130 40 fercula
1177 1757 94 40 caro
1236 1757 118 40 agnina
1318 1757 141 40 arietina
1424 1757 71 40 et
1448 1757 106 40 vaccina

941 1787 95 38 abel
1000 1787 107 38 agnum
1071 1787 130 38 arietem
1166 1787 130 38 abraham
1261 1787 107 38 iosue
1332 1787 130 38 vaccam.
1427 1787 71 38 In
1462 1787 95 38 agno
1510 1787 47 38 vt

950 1810 97 40 otest
1015 1810 150 40 designatur
1133 1810 161 40 simplicitas
1261 1810 107 40 cordis
1336 1810 129 40 inariete
1433 1810 139 40 fortitudo

943 1845 89 32 opris
1003 1845 59 32 in
1032 1845 89 32 vacca
1092 1845 69 32 lac
1131 1845 178 32 praedicationis
1280 1845 59 32 vt
1309 1845 69 32 non
1349 1845 69 32 sit
1389 1845 59 32 in
1418 1845 89 32 nobis
1468 1845 79 32 simpli

942 1869 99 37 citas
1008 1869 88 37 fine
1063 1869 165 37 discretione
1195 1869 77 37 nec
1239 1869 143 37 discretio
1349 1869 88 37 sine
1404 1869 99 37 lacte
1459 1869 88 37 doctri

943 1896 75 40 ne.
986 1896 86 40 Item
1040 1896 107 40 grego.
1115 1896 139 40 moralium.
1222 1896 86 40 22v.
1276 1896 97 40 super
1340 1896 97 40 illud
1405 1896 75 40 iob
1437 1896 107 40 brachium

942 1926 122 42 excelsum
1034 1926 122 42 conteret
1125 1926 71 42 oet
1166 1926 71 42 sic
1207 1926 92 42 verba
1268 1926 71 42 dei
1309 1926 92 42 quasi
1370 1926 122 42 pigmenta
1451 1926 92 42 quaedar

943 1951 91 35 sunt
999 1951 113 35 nostri
1079 1951 148 35 adiutorii
1192 1951 68 35 et
1226 1951 102 35 sicut
1294 1951 148 35 pigmentum
1408 1951 113 35 quanto
1476 1951 68 35 plus

942 1979 123 48 teritur
1032 1979 101 48 tanto
1099 1979 67 48 in
1133 1979 123 48 poculum
1222 1979 112 48 virtus
1301 1979 90 48 eius
1357 1979 135 48 augetur:
1458 1979 79 48 ita
1492 1979 56 48 di-

938 2010 113 49 uina
1009 2010 156 49 eloquia
1122 2010 99 49 quo
1179 2010 128 49 magis
1264 2010 184 49 exponenda
1392 2010 170 49 conterimus
