1786 2500
197 215 117 48 augeri
279 215 175 48 difficultas
419 215 93 48 quod
478 215 140 48 voluntas
583 215 187 48 necessitetur
735 215 93 48 quod

201 256 128 32 tamen
286 256 99 32 non
342 256 198 32 concedimus
498 256 99 32 sed
555 256 156 32 ponimus
654 256 156 32 oppositum

207 283 125 30 scilicet
300 283 83 30 quod
352 283 94 30 nulla
414 283 166 30 difficultate
550 283 125 30 obstante
643 283 83 30 ipsa
695 283 104 30 libere
757 283 42 30 po

205 313 98 34 test
266 313 183 34 conformiter
412 313 110 34 velle
485 313 134 34 diuinis
583 313 158 34 preceptis
692 313 110 34 concedo

202 342 106 29 etiam
273 342 106 29 aliud
343 342 117 29 dictum
425 342 129 29 eiusdem
519 342 82 29 vie
566 342 141 29 scilicet
672 342 94 29 quod
731 342 94 29 quan

201 368 155 31 tumcunque
320 368 95 31 homo
380 368 107 31 velit
451 368 119 31 libere
535 368 107 31 tamen
606 368 155 31 difficile
726 368 83 31 est
761 368 48 31 su

202 397 130 32 stinere
297 397 130 32 tristia
392 397 142 32 secundum
498 397 118 32 sensum
581 397 83 32 vel
628 397 154 32 abstinere
747 397 59 32 a
759 397 47 32 ma

196 429 98 30 gnis
257 429 232 30 delectationibus
452 429 122 30 sensus
538 429 110 30 licet
611 429 110 30 velle
672 429 134 30 abstinere

206 454 84 33 lit
254 454 145 33 virtuoso
363 454 169 33 facillimum
495 454 84 33 ymo
544 454 181 33 delectabile
688 454 84 33 nec
725 454 84 33 mirum

205 482 71 30 si
241 482 142 30 habitudo
347 482 142 30 potentie
454 482 71 30 ad
490 482 107 30 ipsum
561 482 107 30 velle
632 482 71 30 et
668 482 107 30 posse
727 482 83 30 velle

197 512 130 29 facilior
295 512 76 29 sit
338 512 87 29 quam
393 512 98 29 posse
458 512 141 29 sustinere
567 512 87 29 sepe
621 512 87 29 enim
665 512 141 29 efficaciter

202 538 137 29 volumus
301 538 75 29 in
339 538 112 29 nobis
413 538 199 29 impossibilia
575 538 75 29 et
613 538 125 29 igitur
700 538 87 29 non
737 538 75 29 sunt

204 567 75 36 ad
241 567 149 36 volendum
353 567 174 36 difficilia
490 567 87 36 sed
539 567 75 36 ad
577 567 187 36 sustinendum
726 567 87 36 vel
763 567 50 36 si

208 595 75 33 hoc
251 595 75 33 sit
294 595 139 33 difficile
401 595 97 33 velle
466 595 75 33 hoc
509 595 75 33 est
552 595 75 33 per
594 595 97 33 aliam
659 595 86 33 viam
712 595 75 33 seu
745 595 64 33 ali-

205 625 79 28 um
244 625 119 28 modum
323 625 158 28 scilicet
442 625 92 28 per
495 625 184 28 volitionem
640 625 158 28 retentam
745 625 66 28 in-

199 652 164 33 clinantem
326 652 177 33 formaliter
465 652 76 33 ad
503 652 177 33 contrarium
642 652 76 33 vt
680 652 88 33 qui
718 652 88 33 nimi-

198 678 74 35 um
235 678 136 35 diligit
334 678 136 35 seipsum
433 678 112 35 valde
508 678 112 35 fugit
582 678 174 35 corruptiua
718 678 87 35 sui
755 678 50 35 et

196 707 115 37 tamen
273 707 89 37 cum
324 707 102 37 tali
388 707 166 37 volitione
515 707 153 37 absoluta
630 707 77 37 ad
656 707 153 37 semetipsum

207 736 64 34 ex
239 736 75 34 dei
282 736 97 34 amore
347 736 75 34 vel
390 736 129 34 iusticie
487 736 140 34 possibile
594 736 86 34 erit
648 736 64 34 et
680 736 97 34 velle
734 736 75 34 susti

202 758 95 35 nere
262 758 131 35 tristia
357 758 71 35 et
392 758 202 35 delectationes
559 758 154 35 indebitas
677 758 119 35 fugere
749 758 59 35 ta-

205 791 84 36 men
253 791 121 36 semper
338 791 133 36 remouet
434 791 181 36 difficultas
579 791 181 36 sustinendi.
724 791 72 36 de
748 791 60 36 hoc

205 820 101 32 rich.
272 820 101 32 super
340 820 101 32 illud
408 820 90 32 omne
464 820 101 32 caput
532 820 147 32 languidum
644 820 101 32 dicit
712 820 90 32 quod
757 820 45 32 in

197 851 114 31 nobis
273 851 101 31 post
337 851 127 31 lapsam
425 851 114 31 primi
501 851 139 31 hominis
602 851 203 31 cogitationes
754 851 51 31 co

198 877 196 29 gitationibus
357 877 196 29 contradicunt
517 877 184 29 affectiones
652 877 159 29 affectioni-

201 905 85 28 bus
249 905 158 28 resistunt
371 905 73 28 et
407 905 121 28 surgit
492 905 97 28 gens
553 905 121 28 contra
638 905 121 28 gentem
723 905 73 28 et
747 905 61 28 re-

197 935 105 31 gnum
262 935 157 31 aduersus
380 935 118 31 regnu
458 935 78 31 et
497 935 170 31 insurgunt
628 935 105 31 sepe
693 935 105 31 boni
746 935 65 31 mo-

196 961 82 32 tus
243 961 118 32 contra
326 961 106 32 malos
396 961 71 32 et
432 961 94 32 mali
490 961 118 32 contra
573 961 106 32 bonos
643 961 71 32 et
679 961 94 32 quod
726 961 82 32 magis

208 988 84 29 est
256 988 96 29 mali
316 988 120 29 contra
399 988 108 29 malos
471 988 72 29 et
507 988 167 29 diuiduntur
639 988 120 29 contra
710 988 96 29 semet-

206 1013 102 37 ipsos
274 1013 80 37 ymo
319 1013 91 37 quod
376 1013 80 37 his
422 1013 125 37 omnibus
513 1013 182 37 miserabilius
661 1013 80 37 est
707 1013 91 37 boni
763 1013 68 37 in

200 1047 134 34 surgunt
297 1047 122 34 contra
382 1047 109 34 bonos
455 1047 97 34 quis
516 1047 109 34 etiam
589 1047 134 34 nesciat
686 1047 97 34 quam
735 1047 73 34 gra-

205 1074 87 29 uis
254 1074 100 29 sepe
317 1074 162 29 contentio
441 1074 100 29 fiat
504 1074 112 29 inter
578 1074 162 29 auariciam
703 1074 75 29 et
728 1074 87 29 gulam

203 1102 77 31 non
247 1102 88 31 dico
302 1102 66 31 de
336 1102 122 31 talento
424 1102 77 31 sed
468 1102 66 31 de
501 1102 88 31 solo
557 1102 100 31 nummo
623 1102 122 31 dicitur
712 1102 88 31 quod
756 1102 55 31 vna

209 1128 95 31 vult
269 1128 131 31 expendi
364 1128 95 31 alia
423 1128 143 31 precipit
530 1128 166 31 reseruari.
660 1128 95 31 Item
708 1128 95 31 aliumd

208 1157 88 31 sepe
263 1157 132 31 loquitur
362 1157 132 31 iusticia
460 1157 99 31 aliud
526 1157 186 31 misericordia.
679 1157 66 31 et
712 1157 88 31 quod
756 1157 55 31 di-

209 1183 98 33 citur
275 1183 65 33 ab
307 1183 76 33 vna
351 1183 109 33 contra
427 1183 120 33 dicitur
515 1183 65 33 ab
547 1183 87 33 alia
602 1183 76 33 hec
645 1183 87 33 ille
700 1183 76 33 per
733 1183 76 33 istum

198 1213 123 29 modum
280 1213 136 29 potest
375 1213 163 29 voluntas
498 1213 136 29 habens
593 1213 109 29 vnam
648 1213 163 29 volitionem

202 1241 82 33 per
249 1241 105 33 istam
319 1241 187 33 difficultari
472 1241 140 33 respectu
577 1241 140 33 alterius
682 1241 117 33 igitur
752 1241 59 33 est

209 1270 112 28 motus
283 1270 112 28 alius
358 1270 62 28 a
383 1270 137 28 priori.
507 1270 87 28 Sed
556 1270 137 28 quomodo
656 1270 137 28 meretur
743 1270 62 28 vo-

204 1294 104 34 lendo
274 1294 81 34 cum
320 1294 81 34 hoc
367 1294 81 34 sit
413 1294 81 34 ita
460 1294 128 34 facile.
553 1294 174 34 Respondetur
692 1294 93 34 quod
738 1294 70 34 ipsa

209 1322 104 33 eadem
279 1322 115 33 natura
359 1322 138 33 realiter
463 1322 81 33 cui
509 1322 92 33 ista
566 1322 127 33 volitio
658 1322 81 33 est
704 1322 81 33 ita
739 1322 69 33 faci

200 1351 82 35 lis
247 1351 71 35 ad
283 1351 153 35 causandum
400 1351 82 35 est
448 1351 82 35 cui
495 1351 94 35 ipsa
554 1351 153 35 penalitas
671 1351 118 35 volita
742 1351 59 35 dis

200 1382 161 33 ficillima
323 1382 87 33 est
373 1382 74 33 ad
410 1382 186 33 sustinendum
559 1382 74 33 et
596 1382 99 33 ideo
658 1382 136 33 meretur
744 1382 62 33 non

199 1412 140 31 propter
301 1412 216 31 difficultatem
479 1412 178 31 volitionis
618 1412 89 31 sed
657 1412 152 31 tollerande

200 1442 186 34 penalitatis
348 1442 99 34 quam
410 1442 124 34 libere
497 1442 124 34 potest
583 1442 136 34 vitare.
707 1442 87 34 Sed
744 1442 62 34 ad-

207 1468 85 30 huc
255 1468 97 30 stat
316 1468 181 30 difficultas
461 1468 97 30 quia
521 1468 85 30 non
569 1468 109 30 solum
642 1468 157 30 passiones
751 1468 60 30 ire

200 1495 85 35 vel
248 1495 133 35 timoris
345 1495 85 35 vel
393 1495 169 35 voluptatum
526 1495 97 35 etc.
587 1495 133 35 penales
683 1495 97 35 sunt
732 1495 72 35 sen-

200 1521 159 39 sualitati
322 1521 86 39 sed
371 1521 110 39 etiam
445 1521 135 39 faciunt
543 1521 209 39 difficultatem
703 1521 110 39 volunta

205 1550 79 37 ti
244 1550 158 37 secundum
362 1550 171 37 apostolum
494 1550 79 37 ad
533 1550 79 37 ro
573 1550 66 37 7
599 1550 79 37 de
638 1550 105 37 lege
691 1550 118 37 membro-

207 1580 87 30 rum
256 1580 99 30 etc.
318 1580 161 30 quandoque
442 1580 161 30 difficile
566 1580 87 30 est
616 1580 174 30 voluntatem
740 1580 62 30 eas

200 1609 153 32 reprimere
318 1609 94 32 quod
377 1609 106 32 tamen
447 1609 118 32 potest
530 1609 106 32 licet
600 1609 82 32 cum
647 1609 153 32 difficile
765 1609 71 32 ad

201 1633 98 35 horam
267 1633 65 35 et
299 1633 98 35 tante
365 1633 109 35 posset
441 1633 87 35 esse
496 1633 87 35 quod
550 1633 98 35 esset
616 1633 87 35 sibi
670 1633 98 35 illas
725 1633 87 35 repri-

200 1663 97 32 mere
260 1663 182 32 impossibile
406 1663 109 32 licet
479 1663 85 32 non
527 1663 194 32 necessitetur
685 1663 73 32 ad
709 1663 97 32 confor

208 1693 124 28 mandum
295 1693 75 28 se
332 1693 112 28 illis
406 1693 236 28 inclinationibus
605 1693 186 28 difformibus
742 1693 62 28 ra-

206 1717 103 37 tioni
274 1717 103 37 recte
342 1717 91 37 quia
399 1717 103 37 adhuc
468 1717 148 37 facillime
582 1717 114 37 potest
662 1717 68 37 se
696 1717 114 37 tenere
764 1717 46 37 in

213 1747 126 32 actibus
304 1747 92 32 suis
362 1747 126 32 liberis
454 1747 103 32 licet
523 1747 149 32 passiones
638 1747 80 32 non
684 1747 115 32 posset
753 1747 57 32 om-

206 1777 99 35 nino
268 1777 149 35 tollere.
404 1777 136 35 Tertius
503 1777 112 35 modus
577 1777 112 35 esset
652 1777 112 35 iuxta
714 1777 99 35 secun-

208 1803 84 30 dam
256 1803 192 30 conclusionem
412 1803 180 30 principalem
556 1803 96 30 quod
616 1803 108 30 sicut
688 1803 84 30 vna
724 1803 84 30 voli-

209 1830 81 34 tio
256 1830 151 34 quandoque
372 1830 162 34 necessitat
499 1830 70 34 ad
534 1830 104 34 aliam
604 1830 128 34 habitis
697 1830 104 34 aliis
755 1830 46 34 re

208 1862 138 28 quisitis
311 1862 80 28 ita
357 1862 149 28 quandoque
471 1862 80 28 vna
517 1862 172 28 notabiliter
655 1862 138 28 inclinat
758 1862 69 28 ad

201 1889 103 34 aliam
269 1889 137 34 intantum
372 1889 91 34 quod
429 1889 114 34 stante
509 1889 149 34 volitione
623 1889 114 34 preuia
692 1889 114 34 inclinam

199 1915 75 32 te
237 1915 188 32 suspenditur
387 1915 100 32 alia
450 1915 75 32 ad
487 1915 113 32 cuius
563 1915 175 32 contrarium
688 1915 125 32 inclinat

205 1945 110 36 prima
278 1945 73 36 et
314 1945 158 36 quandoque
436 1945 85 36 vna
485 1945 134 36 impedit
582 1945 122 36 aliam.
667 1945 158 36 quandoque

209 1974 144 30 remittit
317 1974 72 30 et
353 1974 155 30 quandoque
472 1974 215 30 impossibilitat
652 1974 72 30 ad
687 1974 84 30 eam
723 1974 84 30 sicut

202 1998 100 38 habens
272 1998 100 38 amicum
342 1998 140 38 inclinatur
452 1998 60 38 ad
482 1998 90 38 velle
543 1998 80 38 sibi
593 1998 120 38 prospera
683 1998 80 38 etc.
733 1998 70 38 sic
763 1998 40 38 et

205 2028 105 34 canis
275 2028 152 34 quandoque
392 2028 105 34 simul
462 2028 128 34 appetit
556 2028 105 34 cibum
626 2028 70 34 et
661 2028 128 34 inclina
743 2028 58 34 tui

197 2057 74 50 ad
234 2057 111 50 panem
307 2057 98 50 sibi
369 2057 160 50 porrectum
492 2057 111 50 tamen
565 2057 74 50 et
602 2057 74 50 ex
639 2057 98 50 alia
700 2057 111 50 parte
762 2057 49 50 in

833 212 146 52 clinatur
942 212 73 52 ad
979 212 110 52 fugam
1052 212 122 52 timens
1137 212 110 52 ictum
1210 212 85 52 sic
1259 212 73 52 et
1295 212 73 52 in
1320 212 110 52 volunta

828 259 75 35 te
865 259 187 35 inueniuntur
1015 259 212 35 inclinationes
1190 259 87 35 seu
1240 259 162 35 appetitus
1352 259 75 35 con-

830 287 113 31 trarum
909 287 68 31 vt
943 287 102 31 patet
1010 287 79 31 per
1055 287 102 31 ansel
1123 287 68 31 in
1157 287 102 31 libro
1225 287 68 31 de
1259 287 90 31 casu
1315 287 102 31 dyab.
1372 287 56 31 ca.

826 318 109 32 1i3et.
902 318 65 32 17
935 318 76 32 et.
978 318 65 32 16
1011 318 76 32 vbi
1054 318 98 32 dicit
1120 318 87 32 quod
1174 318 87 32 homo
1228 318 130 32 secundum
1315 318 109 32 volunta-

826 343 86 35 tem
875 343 111 35 habet
949 343 185 35 affectiones
1097 343 136 35 commodi
1196 343 74 35 et
1233 343 111 35 iusti
1295 343 136 35 inclinati

830 371 79 36 uas
875 371 68 36 in
909 371 158 36 contrarias
1033 371 113 36 partes
1113 371 68 36 et
1146 371 68 36 in
1180 371 91 36 isto
1237 371 91 36 casu
1282 371 136 36 diffinitur

825 400 150 32 voluntas
938 400 88 32 per
988 400 175 32 semetipsam
1126 400 125 32 quando
1213 400 75 32 ex
1251 400 88 32 vna
1301 400 113 32 parte
1363 400 63 32 vel

832 428 77 30 et
871 428 155 30 commodum
987 428 90 30 vel
1038 428 142 30 honores
1141 428 77 30 et
1180 428 77 30 ex
1219 428 103 30 alia
1283 428 116 30 parte
1348 428 77 30 vult

823 457 106 38 talia
894 457 142 38 respuere
1001 457 130 38 propter
1095 457 106 38 deum.
1190 457 118 38 Quarta
1272 457 83 38 via
1320 457 95 38 quod
1367 457 71 38 pas-

830 483 80 32 sio
875 483 148 32 sensitiua
989 483 80 32 vel
1035 483 137 32 obiectum
1137 483 171 32 delectabile
1274 483 80 32 seu
1319 483 114 32 triune
1387 483 46 32 se

831 510 115 33 cundum
912 510 115 33 sensum
993 510 81 33 vel
1039 510 138 33 tentatio
1143 510 69 33 et
1177 510 81 33 sic
1223 510 69 33 de
1258 510 104 33 aliis
1327 510 104 33 facit
1385 510 46 33 vo

821 539 130 38 luntati
916 539 202 38 difficultatem
1082 539 107 38 etiam
1153 539 71 38 ne
1189 539 83 38 ita
1236 539 154 38 faciliter
1343 539 83 38 sicut

821 570 99 39 sine
882 570 74 39 ea
919 570 136 39 eliciat
1018 570 111 39 actum
1092 570 161 39 volitiuum
1216 570 74 39 et
1253 570 111 39 maior
1315 570 111 39 maiorem

827 595 82 34 sed
874 595 82 34 non
921 595 71 34 in
957 595 106 34 duplo
1027 595 106 34 maior
1098 595 71 34 in
1134 595 106 34 duplo
1204 595 130 34 maiorem
1298 595 71 34 et
1334 595 82 34 ita
1369 595 59 34 non

821 623 139 41 poterit
922 623 151 41 deueniri
1036 623 76 41 ad
1073 623 139 41 aliquam
1174 623 189 41 tentationem
1313 623 113 41 finitam

832 655 84 29 que
880 655 132 29 vincere
976 655 120 29 valeat
1060 655 180 29 voluntatem.
1227 655 72 29 Ex
1263 655 156 29 predictis
1371 655 60 29 pa-

830 683 93 30 tet
883 683 80 30 ad
923 683 133 30 formam
1016 683 173 30 argumenti
1149 683 160 30 secundum
1268 683 133 30 primam
1348 683 80 30 viam

830 708 147 35 assumitur
942 708 113 35 falsum
1021 708 135 35 scilicet
1123 708 90 35 quod
1179 708 135 35 voluntas
1281 708 79 35 cum
1314 708 113 35 difficul

826 737 103 34 tate
890 737 129 34 vincat
981 737 167 34 passiones
1109 737 103 34 quia
1174 737 154 34 secundum
1289 737 116 34 illam
1354 737 77 34 viam

830 767 99 29 nulla
896 767 164 29 difficultas
1027 767 77 29 fit
1071 767 66 29 in
1104 767 143 29 voluntate
1214 767 66 29 in
1247 767 66 29 eo
1280 767 88 29 quod
1323 767 110 29 voluntas

826 794 74 33 sed
869 794 64 33 in
901 794 127 33 appetitu
996 794 138 33 sensitiuo
1102 794 74 33 vel
1145 794 64 33 in
1176 794 64 33 eo
1208 794 85 33 quod
1261 794 159 33 sensualitas
1378 794 53 33 est

858 821 137 37 Secundum
962 821 92 37 viam
1019 821 137 37 secundam
1122 821 137 37 dicendum
1225 821 80 37 est
1271 821 92 37 quod
1316 821 115 37 voluntas

825 853 85 34 non
874 853 122 34 potest
959 853 195 34 difficultari
1118 853 73 34 ad
1154 853 171 34 eliciendum
1289 853 110 34 actus
1350 853 73 34 suos

825 877 79 40 sed
870 877 90 40 bene
926 877 169 40 difficultas
1061 877 79 40 est
1106 877 67 40 in
1140 877 157 40 tollerando
1263 877 79 40 vel
1308 877 146 40 respuendo

836 909 168 37 passiones.
992 909 84 37 Sed
1040 909 144 37 secundum
1148 909 96 37 viam
1208 909 132 37 tertiam
1304 909 108 37 licet
1364 909 60 37 vo-

833 939 117 33 luntas
915 939 82 33 non
962 939 117 33 posset
1043 939 187 33 difficultari
1195 939 70 33 ab
1230 939 93 33 alio
1288 939 105 33 tamen
1346 939 82 33 seip-

829 963 81 30 sam
876 963 173 30 difficultat
1014 963 127 30 volendo
1107 963 104 30 simul
1176 963 139 30 absolute
1280 963 81 30 vel
1315 963 115 30 conditio

828 992 135 28 naliter
926 992 122 28 aliqua
1011 992 86 28 que
1060 992 86 28 vix
1109 992 196 28 compatiuntur
1268 992 86 28 se.
1329 992 98 28 Secun-

830 1018 79 36 dum
875 1018 90 36 viam
931 1018 124 36 quartam
1022 1018 124 36 dicitur
1112 1018 90 36 quod
1168 1018 102 36 licet
1236 1018 102 36 tanta
1304 1018 113 36 passio
1372 1018 56 36 tam

829 1047 85 35 tum
877 1047 181 35 difficultet
1022 1047 169 35 voluntatem
1155 1047 85 35 non
1203 1047 109 35 tamen
1276 1047 109 35 dupla
1348 1047 72 35 in
1373 1047 60 35 du-

825 1076 88 33 plo.
902 1076 66 33 Et
935 1076 99 33 licet
1001 1076 77 33 hec
1045 1076 143 33 responsio
1156 1076 77 33 sit
1200 1076 99 33 magis
1266 1076 99 33 cauta
1332 1076 88 33 quam
1376 1076 55 33 ve-

828 1106 72 32 ra
864 1106 109 32 tamen
936 1106 133 32 iuuatur
1033 1106 84 32 per
1081 1106 193 32 experientiam
1238 1106 96 32 quia
1298 1106 109 32 licet
1371 1106 84 32 in

826 1133 163 32 carcerari
952 1133 88 32 per
1002 1133 101 32 vnum
1065 1133 101 32 diem
1128 1133 88 32 sit
1179 1133 138 32 odiosum
1279 1133 75 32 et
1304 1133 126 32 verecun-

827 1160 84 31 dum
875 1160 109 31 tamen
948 1160 181 31 incarcerari
1092 1160 121 31 duobus
1177 1160 121 31 diebus
1261 1160 72 31 et
1297 1160 84 31 sic
1334 1160 96 31 propor

831 1189 142 31 tionaliter
942 1189 71 31 non
983 1189 71 31 est
1023 1189 61 31 in
1054 1189 91 31 duplo
1114 1189 61 31 et
1145 1189 71 31 sic
1185 1189 202 31 proportionaliter
1347 1189 81 31 tristi

828 1217 75 31 us
866 1217 75 31 ac
904 1217 200 31 verecundius.
1091 1217 125 31 Contra
1179 1217 138 31 vltimum
1279 1217 113 31 modum
1341 1217 88 31 licet

822 1245 124 28 duplum
908 1245 87 28 non
958 1245 74 28 in
995 1245 111 28 duplo
1069 1245 99 28 plus
1131 1245 186 28 difficultet
1280 1245 111 28 tamen
1342 1245 99 28 tantum

828 1270 123 38 poterit
917 1270 89 38 addi
973 1270 89 38 quod
1029 1270 67 38 in
1062 1270 101 38 duplo
1129 1270 89 38 plus
1185 1270 190 38 difficultabit
1342 1270 67 38 et
1364 1270 67 38 tan-

831 1298 69 34 tum
871 1298 79 34 quod
920 1298 59 34 in
949 1298 128 34 quadruplo
1048 1298 59 34 et
1077 1298 69 34 sic
1116 1298 59 34 in
1146 1298 128 34 infinitum
1244 1298 98 34 igitur
1313 1298 69 34 non
1343 1298 89 34 soluit.

851 1330 102 34 Dicit
919 1330 91 34 quod
976 1330 136 34 voluntas
1078 1330 136 34 virtuose
1180 1330 159 34 resistendo
1304 1330 79 34 vni
1338 1330 91 34 facili

830 1359 66 31 us
863 1359 111 31 potest
941 1359 144 31 resistere
1051 1359 122 31 secundo
1140 1359 66 31 et
1173 1359 77 31 ita
1217 1359 111 31 potest
1294 1359 133 31 crescere
1383 1359 44 31 fa

828 1387 130 32 cilitas
923 1387 71 32 ex
958 1387 106 32 parte
1029 1387 165 32 voluntatis
1159 1387 106 32 sicut
1230 1387 71 32 ex
1266 1387 106 32 parte
1325 1387 106 32 obiecti

829 1415 157 30 delectatio
952 1415 78 30 vel
997 1415 145 30 tristius.
1131 1415 112 30 Contra
1209 1415 67 30 si
1243 1415 112 30 stante
1321 1415 101 30 prima
1377 1415 56 30 di-

826 1442 162 35 spositione
954 1442 162 35 voluntatis
1081 1442 150 35 immediate
1197 1442 162 35 occurreret
1312 1442 116 35 obiectum

828 1472 108 31 magis
900 1472 120 31 triste
984 1472 84 31 vel
1031 1472 179 31 delectabile
1175 1472 96 31 plus
1235 1472 84 31 eam
1271 1472 155 31 difficulta-

829 1502 74 31 ret
872 1502 85 31 quam
925 1502 64 31 si
957 1502 149 31 occurreret
1074 1502 128 31 obiectum
1170 1502 96 31 minus
1234 1502 85 31 tale
1287 1502 64 31 et
1319 1502 85 31 tunc
1361 1502 64 31 dedu

830 1529 92 32 citur
891 1529 142 32 argumentum
1003 1529 61 32 vt
1033 1529 102 32 prius.
1125 1529 102 32 Contra
1196 1529 163 32 responsionem
1328 1529 92 32 trium
1379 1529 51 32 via

823 1550 88 40 rum
874 1550 101 40 quam
937 1550 76 40 tu
975 1550 126 40 eligis
1063 1550 151 40 arguitur
1176 1550 151 40 Anselmus
1290 1550 76 40 ve
1315 1550 126 40 conceptu

833 1582 128 40 virginali
931 1582 88 40 dicit
990 1582 59 40 ca
1020 1582 59 40 id
1049 1582 69 40 est
1088 1582 88 40 nihil
1147 1582 69 40 est
1187 1582 79 40 pena
1236 1582 98 40 alicui
1305 1582 79 40 nisi
1354 1582 79 40 quod
1393 1582 49 40 est

827 1611 92 31 eius
885 1611 161 31 voluntatem
1012 1611 115 31 igitur
1093 1611 81 31 non
1139 1611 81 31 est
1185 1611 69 31 in
1219 1611 150 31 potestate
1323 1611 104 31 volunta

829 1639 81 31 tis
876 1639 81 31 non
922 1639 104 31 odire
992 1639 93 31 pena
1050 1639 81 31 dum
1096 1639 163 31 infligitur
1224 1639 116 31 igitur
1305 1639 81 31 quo
1352 1639 70 31 ad
1375 1639 58 31 hoc

829 1667 73 35 non
870 1667 125 35 voluntas
964 1667 104 35 diuina
1037 1667 83 35 etc.
1089 1667 115 35 Dicetur
1172 1667 94 35 sicut
1235 1667 146 35 communiter
1350 1667 63 35 et
1370 1667 63 35 bene

825 1699 89 32 quod
880 1699 89 32 pena
936 1699 78 32 est
980 1699 111 32 contra
1058 1699 144 32 naturalem
1169 1699 189 32 inclinationem
1313 1699 111 32 volunta-

827 1722 85 37 tis
875 1722 85 37 vel
924 1722 121 37 contra
1008 1722 169 37 voluntatem
1141 1722 85 37 quo
1189 1722 72 37 ad
1226 1722 181 37 affectionem
1359 1722 72 37 con-

829 1751 87 34 modi
883 1751 76 34 non
927 1751 98 34 tamen
992 1751 76 34 quo
1036 1751 65 34 ad
1068 1751 163 34 affectionem
1199 1751 130 34 iusticie
1297 1751 87 34 quia
1351 1751 65 34 vt
1373 1751 54 34 sio

834 1778 142 31 voluntas
941 1778 154 31 prehabita
1059 1778 201 31 deliberatione
1225 1778 118 31 semper
1308 1778 83 31 est
1343 1778 83 31 plene

827 1806 129 37 doemiena
924 1806 75 37 nec
967 1806 129 37 respectu
1063 1806 96 37 huius
1127 1806 182 37 acceptationis
1277 1806 118 37 habende
1352 1806 75 37 diffi

830 1839 126 29 cultatur
925 1839 84 29 nisi
978 1839 84 29 modo
1030 1839 147 29 praedicto.
1167 1839 105 29 Contra
1241 1839 137 29 concessum
1346 1839 74 29 est
1377 1839 53 29 pri

829 1865 66 34 us
862 1865 88 34 quod
917 1865 132 34 voluntas
1016 1865 77 34 ita
1060 1865 110 34 potest
1137 1865 110 34 affici
1213 1865 154 34 affectione
1323 1865 110 34 naturali

831 1893 62 30 ad
862 1893 114 30 aliquid
944 1893 83 30 quod
996 1893 134 30 aliquando
1099 1893 134 30 voluntati
1203 1893 72 30 est
1244 1893 134 30 difficile
1337 1893 93 30 tollere

827 1922 194 30 affectiones
982 1922 194 30 sensualiter
1137 1922 155 30 mouentes
1253 1922 116 30 ipsam
1318 1922 116 30 volunta

833 1950 78 27 tem
877 1950 66 27 et
910 1950 144 27 aliquando
1021 1950 166 27 impossibile
1154 1950 66 27 et
1187 1950 78 27 non
1232 1950 78 27 est
1276 1950 66 27 in
1309 1950 111 27 ptante
1376 1950 55 27 vo-

835 1976 127 35 luntatis
931 1976 95 35 talem
994 1976 138 35 naturalem
1100 1976 148 35 volitionem
1217 1976 74 35 non
1259 1976 106 35 habere
1334 1976 74 35 vel
1365 1976 64 35 tol-

835 2005 77 29 lere
883 2005 105 29 ponatur
960 2005 96 29 igitur
1027 2005 77 29 quod
1075 2005 105 29 aliquis
1151 2005 96 29 habeat
1218 2005 144 29 affectionem
1324 2005 105 29 huiusmodi

826 2033 84 35 ita
874 2033 144 35 intensam
982 2033 108 35 sicut
1054 2033 120 35 posset
1137 2033 120 35 habere
1221 2033 132 35 aliquod
1305 2033 120 35 obiectum

829 2061 179 45 delectabile
972 2061 83 45 vel
1020 2061 95 45 tunc
1079 2061 143 45 voluntas
1187 2061 83 45 per
1234 2061 95 45 suam
1282 2061 143 45 libertatem
