<?xml version="1.0" encoding="UTF-8"?>
<alto xmlns:xsi="http://www.w3.org/2001/XMLSchema-instance"
      xmlns="http://www.loc.gov/standards/alto/ns-v2#"
      xmlns:page="http://schema.primaresearch.org/PAGE/gts/pagecontent/2013-07-15"
      xsi:schemaLocation="http://www.loc.gov/standards/alto/ns-v2# http://www.loc.gov/standards/alto/alto.xsd">
   <Description>
      <MeasurementUnit>pixel</MeasurementUnit>
      <OCRProcessing ID="IdOcr">
         <ocrProcessingStep>
            <processingDateTime>2021-02-17T08:19:22.14-05:00</processingDateTime>
            <processingSoftware>
               <softwareCreator>READ COOP</softwareCreator>
               <softwareName>Transkribus</softwareName>
            </processingSoftware>
         </ocrProcessingStep>
      </OCRProcessing>
   </Description>
   <Tags/>
   <Layout>
      <Page ID="Page1" PHYSICAL_IMG_NR="1" HEIGHT="2500" WIDTH="1786">
         <TopMargin HEIGHT="0" WIDTH="1786" VPOS="0" HPOS="0"/>
         <LeftMargin HEIGHT="2500" WIDTH="0" VPOS="0" HPOS="0"/>
         <RightMargin HEIGHT="2500" WIDTH="0" VPOS="0" HPOS="1786"/>
         <BottomMargin HEIGHT="0" WIDTH="1786" VPOS="2500" HPOS="0"/>
         <PrintSpace HEIGHT="2500" WIDTH="1786" VPOS="0" HPOS="0">
            <TextBlock ID="TextRegion_1609295360787_1169"
                       HEIGHT="1952"
                       WIDTH="620"
                       VPOS="133"
                       HPOS="323">
               <Shape>
                  <Polygon POINTS="323,133 937,133 938,176 943,1820 943,2085 323,2085"/>
               </Shape>
               <TextLine ID="r1l2"
                         BASELINE="239"
                         HEIGHT="55"
                         WIDTH="596"
                         VPOS="184"
                         HPOS="330">
                  <String HEIGHT="55"
                          WIDTH="127"
                          VPOS="184"
                          HPOS="317"
                          CONTENT="potest"/>
                  <SP HEIGHT="55" WIDTH="13" VPOS="184" HPOS="444"/>
                  <String HEIGHT="55" WIDTH="76" VPOS="184" HPOS="406" CONTENT="in"/>
                  <SP HEIGHT="55" WIDTH="13" VPOS="184" HPOS="482"/>
                  <String HEIGHT="55"
                          WIDTH="178"
                          VPOS="184"
                          HPOS="444"
                          CONTENT="contrarium"/>
                  <SP HEIGHT="55" WIDTH="13" VPOS="184" HPOS="622"/>
                  <String HEIGHT="55"
                          WIDTH="152"
                          VPOS="184"
                          HPOS="584"
                          CONTENT="secundum"/>
                  <SP HEIGHT="55" WIDTH="13" VPOS="184" HPOS="736"/>
                  <String HEIGHT="55"
                          WIDTH="190"
                          VPOS="184"
                          HPOS="698"
                          CONTENT="affectionem"/>
                  <SP HEIGHT="55" WIDTH="13" VPOS="184" HPOS="888"/>
                  <String HEIGHT="55"
                          WIDTH="89"
                          VPOS="184"
                          HPOS="837"
                          CONTENT="iusti"/>
               </TextLine>
               <TextLine ID="r1l4"
                         BASELINE="266"
                         HEIGHT="36"
                         WIDTH="595"
                         VPOS="230"
                         HPOS="332">
                  <String HEIGHT="36" WIDTH="77" VPOS="230" HPOS="321" CONTENT="cie"/>
                  <SP HEIGHT="36" WIDTH="11" VPOS="230" HPOS="398"/>
                  <String HEIGHT="36" WIDTH="77" VPOS="230" HPOS="365" CONTENT="ita"/>
                  <SP HEIGHT="36" WIDTH="11" VPOS="230" HPOS="442"/>
                  <String HEIGHT="36"
                          WIDTH="143"
                          VPOS="230"
                          HPOS="409"
                          CONTENT="faciliter"/>
                  <SP HEIGHT="36" WIDTH="11" VPOS="230" HPOS="552"/>
                  <String HEIGHT="36"
                          WIDTH="99"
                          VPOS="230"
                          HPOS="519"
                          CONTENT="sicut"/>
                  <SP HEIGHT="36" WIDTH="11" VPOS="230" HPOS="618"/>
                  <String HEIGHT="36" WIDTH="66" VPOS="230" HPOS="585" CONTENT="si"/>
                  <SP HEIGHT="36" WIDTH="11" VPOS="230" HPOS="652"/>
                  <String HEIGHT="36" WIDTH="77" VPOS="230" HPOS="618" CONTENT="non"/>
                  <SP HEIGHT="36" WIDTH="11" VPOS="230" HPOS="696"/>
                  <String HEIGHT="36"
                          WIDTH="165"
                          VPOS="230"
                          HPOS="663"
                          CONTENT="afficeretur"/>
                  <SP HEIGHT="36" WIDTH="11" VPOS="230" HPOS="828"/>
                  <String HEIGHT="36" WIDTH="66" VPOS="230" HPOS="795" CONTENT="ve"/>
                  <SP HEIGHT="36" WIDTH="11" VPOS="230" HPOS="861"/>
                  <String HEIGHT="36" WIDTH="55" VPOS="230" HPOS="828" CONTENT="l"/>
                  <SP HEIGHT="36" WIDTH="11" VPOS="230" HPOS="883"/>
                  <String HEIGHT="36" WIDTH="77" VPOS="230" HPOS="850" CONTENT="non"/>
                  <SP HEIGHT="36" WIDTH="11" VPOS="230" HPOS="927"/>
                  <String HEIGHT="36" WIDTH="44" VPOS="230" HPOS="883" CONTENT="si"/>
               </TextLine>
               <TextLine ID="r1l6"
                         BASELINE="289"
                         HEIGHT="30"
                         WIDTH="592"
                         VPOS="259"
                         HPOS="326">
                  <String HEIGHT="30" WIDTH="86" VPOS="259" HPOS="314" CONTENT="non"/>
                  <SP HEIGHT="30" WIDTH="12" VPOS="259" HPOS="400"/>
                  <String HEIGHT="30" WIDTH="99" VPOS="259" HPOS="363" CONTENT="tunc"/>
                  <SP HEIGHT="30" WIDTH="12" VPOS="259" HPOS="462"/>
                  <String HEIGHT="30"
                          WIDTH="210"
                          VPOS="259"
                          HPOS="425"
                          CONTENT="difficultatur"/>
                  <SP HEIGHT="30" WIDTH="12" VPOS="259" HPOS="634"/>
                  <String HEIGHT="30" WIDTH="74" VPOS="259" HPOS="597" CONTENT="et"/>
                  <SP HEIGHT="30" WIDTH="12" VPOS="259" HPOS="671"/>
                  <String HEIGHT="30"
                          WIDTH="123"
                          VPOS="259"
                          HPOS="634"
                          CONTENT="stabit"/>
                  <SP HEIGHT="30" WIDTH="12" VPOS="259" HPOS="758"/>
                  <String HEIGHT="30"
                          WIDTH="173"
                          VPOS="259"
                          HPOS="721"
                          CONTENT="argumentum"/>
                  <SP HEIGHT="30" WIDTH="12" VPOS="259" HPOS="893"/>
                  <String HEIGHT="30"
                          WIDTH="74"
                          VPOS="259"
                          HPOS="844"
                          CONTENT="pri"
                          SUBS_TYPE="HypPart1"
                          SUBS_CONTENT="prius"/>
                  <HYP CONTENT="-"/>
               </TextLine>
               <TextLine ID="r1l8"
                         BASELINE="323"
                         HEIGHT="37"
                         WIDTH="595"
                         VPOS="286"
                         HPOS="326">
                  <String HEIGHT="37"
                          WIDTH="74"
                          VPOS="286"
                          HPOS="314"
                          CONTENT="us"
                          SUBS_TYPE="HypPart2"
                          SUBS_CONTENT="prius"/>
                  <SP HEIGHT="37" WIDTH="12" VPOS="286" HPOS="388"/>
                  <String HEIGHT="37"
                          WIDTH="124"
                          VPOS="286"
                          HPOS="351"
                          CONTENT="factum"/>
                  <SP HEIGHT="37" WIDTH="12" VPOS="286" HPOS="475"/>
                  <String HEIGHT="37"
                          WIDTH="149"
                          VPOS="286"
                          HPOS="438"
                          CONTENT="scilicet"/>
                  <SP HEIGHT="37" WIDTH="12" VPOS="286" HPOS="586"/>
                  <String HEIGHT="37" WIDTH="99" VPOS="286" HPOS="549" CONTENT="quod"/>
                  <SP HEIGHT="37" WIDTH="12" VPOS="286" HPOS="648"/>
                  <String HEIGHT="37"
                          WIDTH="124"
                          VPOS="286"
                          HPOS="611"
                          CONTENT="tandem"/>
                  <SP HEIGHT="37" WIDTH="12" VPOS="286" HPOS="735"/>
                  <String HEIGHT="37"
                          WIDTH="136"
                          VPOS="286"
                          HPOS="698"
                          CONTENT="poterit"/>
                  <SP HEIGHT="37" WIDTH="12" VPOS="286" HPOS="834"/>
                  <String HEIGHT="37"
                          WIDTH="124"
                          VPOS="286"
                          HPOS="797"
                          CONTENT="vinci."/>
                  <SP HEIGHT="37" WIDTH="12" VPOS="286" HPOS="921"/>
                  <String HEIGHT="37" WIDTH="50" VPOS="286" HPOS="871" CONTENT="si"/>
               </TextLine>
               <TextLine ID="r1l10"
                         BASELINE="355"
                         HEIGHT="43"
                         WIDTH="592"
                         VPOS="312"
                         HPOS="328">
                  <String HEIGHT="43"
                          WIDTH="105"
                          VPOS="312"
                          HPOS="315"
                          CONTENT="eque"/>
                  <SP HEIGHT="43" WIDTH="13" VPOS="312" HPOS="420"/>
                  <String HEIGHT="43"
                          WIDTH="171"
                          VPOS="312"
                          HPOS="381"
                          CONTENT="faciliter"/>
                  <SP HEIGHT="43" WIDTH="13" VPOS="312" HPOS="552"/>
                  <String HEIGHT="43"
                          WIDTH="105"
                          VPOS="312"
                          HPOS="512"
                          CONTENT="tunc"/>
                  <SP HEIGHT="43" WIDTH="13" VPOS="312" HPOS="617"/>
                  <String HEIGHT="43" WIDTH="92" VPOS="312" HPOS="578" CONTENT="non"/>
                  <SP HEIGHT="43" WIDTH="13" VPOS="312" HPOS="670"/>
                  <String HEIGHT="43"
                          WIDTH="145"
                          VPOS="312"
                          HPOS="631"
                          CONTENT="haberet"/>
                  <SP HEIGHT="43" WIDTH="13" VPOS="312" HPOS="775"/>
                  <String HEIGHT="43"
                          WIDTH="145"
                          VPOS="312"
                          HPOS="736"
                          CONTENT="necesse"/>
                  <SP HEIGHT="43" WIDTH="13" VPOS="312" HPOS="881"/>
                  <String HEIGHT="43"
                          WIDTH="92"
                          VPOS="312"
                          HPOS="828"
                          CONTENT="fuge"
                          SUBS_TYPE="HypPart1"
                          SUBS_CONTENT="fugere"/>
                  <HYP CONTENT="-"/>
               </TextLine>
               <TextLine ID="r1l12"
                         BASELINE="380"
                         HEIGHT="37"
                         WIDTH="592"
                         VPOS="343"
                         HPOS="333">
                  <String HEIGHT="37"
                          WIDTH="81"
                          VPOS="343"
                          HPOS="320"
                          CONTENT="re"
                          SUBS_TYPE="HypPart2"
                          SUBS_CONTENT="fugere"/>
                  <SP HEIGHT="37" WIDTH="13" VPOS="343" HPOS="400"/>
                  <String HEIGHT="37"
                          WIDTH="188"
                          VPOS="343"
                          HPOS="360"
                          CONTENT="occasionem"/>
                  <SP HEIGHT="37" WIDTH="13" VPOS="343" HPOS="548"/>
                  <String HEIGHT="37"
                          WIDTH="121"
                          VPOS="343"
                          HPOS="508"
                          CONTENT="mali."/>
                  <SP HEIGHT="37" WIDTH="13" VPOS="343" HPOS="629"/>
                  <String HEIGHT="37" WIDTH="67" VPOS="343" HPOS="589" CONTENT="⁋"/>
                  <SP HEIGHT="37" WIDTH="13" VPOS="343" HPOS="656"/>
                  <String HEIGHT="37"
                          WIDTH="148"
                          VPOS="343"
                          HPOS="616"
                          CONTENT="Secundo"/>
                  <SP HEIGHT="37" WIDTH="13" VPOS="343" HPOS="764"/>
                  <String HEIGHT="37"
                          WIDTH="108"
                          VPOS="343"
                          HPOS="723"
                          CONTENT="tunc"/>
                  <SP HEIGHT="37" WIDTH="13" VPOS="343" HPOS="831"/>
                  <String HEIGHT="37"
                          WIDTH="121"
                          VPOS="343"
                          HPOS="790"
                          CONTENT="nulla"/>
                  <SP HEIGHT="37" WIDTH="13" VPOS="343" HPOS="912"/>
                  <String HEIGHT="37"
                          WIDTH="67"
                          VPOS="343"
                          HPOS="858"
                          CONTENT="as"
                          SUBS_TYPE="HypPart1"
                          SUBS_CONTENT="assuefactio"/>
                  <HYP CONTENT="-"/>
               </TextLine>
               <TextLine ID="r1l14"
                         BASELINE="402"
                         HEIGHT="30"
                         WIDTH="584"
                         VPOS="372"
                         HPOS="335">
                  <String HEIGHT="30"
                          WIDTH="155"
                          VPOS="372"
                          HPOS="323"
                          CONTENT="suefactio"
                          SUBS_TYPE="HypPart2"
                          SUBS_CONTENT="assuefactio"/>
                  <SP HEIGHT="30" WIDTH="12" VPOS="372" HPOS="478"/>
                  <String HEIGHT="30" WIDTH="72" VPOS="372" HPOS="442" CONTENT="ad"/>
                  <SP HEIGHT="30" WIDTH="12" VPOS="372" HPOS="514"/>
                  <String HEIGHT="30"
                          WIDTH="107"
                          VPOS="372"
                          HPOS="478"
                          CONTENT="malum"/>
                  <SP HEIGHT="30" WIDTH="12" VPOS="372" HPOS="585"/>
                  <String HEIGHT="30"
                          WIDTH="155"
                          VPOS="372"
                          HPOS="550"
                          CONTENT="impediret"/>
                  <SP HEIGHT="30" WIDTH="12" VPOS="372" HPOS="704"/>
                  <String HEIGHT="30" WIDTH="83" VPOS="372" HPOS="669" CONTENT="vel"/>
                  <SP HEIGHT="30" WIDTH="12" VPOS="372" HPOS="752"/>
                  <String HEIGHT="30"
                          WIDTH="203"
                          VPOS="372"
                          HPOS="716"
                          CONTENT="difficultaret"/>
                  <SP HEIGHT="30" WIDTH="12" VPOS="372" HPOS="919"/>
                  <String HEIGHT="30" WIDTH="48" VPOS="372" HPOS="871" CONTENT="vo"/>
               </TextLine>
               <TextLine ID="r1l16"
                         BASELINE="434"
                         HEIGHT="33"
                         WIDTH="584"
                         VPOS="401"
                         HPOS="334">
                  <String HEIGHT="33"
                          WIDTH="132"
                          VPOS="401"
                          HPOS="323"
                          CONTENT="luntatem"/>
                  <SP HEIGHT="33" WIDTH="11" VPOS="401" HPOS="455"/>
                  <String HEIGHT="33" WIDTH="66" VPOS="401" HPOS="422" CONTENT="ad"/>
                  <SP HEIGHT="33" WIDTH="11" VPOS="401" HPOS="488"/>
                  <String HEIGHT="33"
                          WIDTH="132"
                          VPOS="401"
                          HPOS="455"
                          CONTENT="volendum"/>
                  <SP HEIGHT="33" WIDTH="11" VPOS="401" HPOS="587"/>
                  <String HEIGHT="33" WIDTH="88" VPOS="401" HPOS="554" CONTENT="quod"/>
                  <SP HEIGHT="33" WIDTH="11" VPOS="401" HPOS="643"/>
                  <String HEIGHT="33"
                          WIDTH="99"
                          VPOS="401"
                          HPOS="609"
                          CONTENT="bonum"/>
                  <SP HEIGHT="33" WIDTH="11" VPOS="401" HPOS="709"/>
                  <String HEIGHT="33" WIDTH="77" VPOS="401" HPOS="676" CONTENT="est"/>
                  <SP HEIGHT="33" WIDTH="11" VPOS="401" HPOS="753"/>
                  <String HEIGHT="33"
                          WIDTH="132"
                          VPOS="401"
                          HPOS="720"
                          CONTENT="secundum"/>
                  <SP HEIGHT="33" WIDTH="11" VPOS="401" HPOS="852"/>
                  <String HEIGHT="33"
                          WIDTH="110"
                          VPOS="401"
                          HPOS="808"
                          CONTENT="dictamen"/>
               </TextLine>
               <TextLine ID="r1l18"
                         BASELINE="466"
                         HEIGHT="37"
                         WIDTH="585"
                         VPOS="429"
                         HPOS="331">
                  <String HEIGHT="37"
                          WIDTH="123"
                          VPOS="429"
                          HPOS="321"
                          CONTENT="rationis"/>
                  <SP HEIGHT="37" WIDTH="10" VPOS="429" HPOS="444"/>
                  <String HEIGHT="37"
                          WIDTH="123"
                          VPOS="429"
                          HPOS="413"
                          CONTENT="falsitas"/>
                  <SP HEIGHT="37" WIDTH="10" VPOS="429" HPOS="536"/>
                  <String HEIGHT="37"
                          WIDTH="123"
                          VPOS="429"
                          HPOS="505"
                          CONTENT="probatur"/>
                  <SP HEIGHT="37" WIDTH="10" VPOS="429" HPOS="629"/>
                  <String HEIGHT="37" WIDTH="51" VPOS="429" HPOS="598" CONTENT="2"/>
                  <SP HEIGHT="37" WIDTH="10" VPOS="429" HPOS="649"/>
                  <String HEIGHT="37"
                          WIDTH="92"
                          VPOS="429"
                          HPOS="618"
                          CONTENT="ethi."/>
                  <SP HEIGHT="37" WIDTH="10" VPOS="429" HPOS="711"/>
                  <String HEIGHT="37" WIDTH="72" VPOS="429" HPOS="680" CONTENT="vbi"/>
                  <SP HEIGHT="37" WIDTH="10" VPOS="429" HPOS="752"/>
                  <String HEIGHT="37"
                          WIDTH="113"
                          VPOS="429"
                          HPOS="721"
                          CONTENT="dicitur"/>
                  <SP HEIGHT="37" WIDTH="10" VPOS="429" HPOS="834"/>
                  <String HEIGHT="37" WIDTH="62" VPOS="429" HPOS="803" CONTENT="si"/>
                  <SP HEIGHT="37" WIDTH="10" VPOS="429" HPOS="865"/>
                  <String HEIGHT="37"
                          WIDTH="92"
                          VPOS="429"
                          HPOS="824"
                          CONTENT="aliquis"/>
               </TextLine>
               <TextLine ID="r1l20"
                         BASELINE="486"
                         HEIGHT="29"
                         WIDTH="586"
                         VPOS="457"
                         HPOS="335">
                  <String HEIGHT="29" WIDTH="77" VPOS="457" HPOS="324" CONTENT="non"/>
                  <SP HEIGHT="29" WIDTH="11" VPOS="457" HPOS="401"/>
                  <String HEIGHT="29"
                          WIDTH="133"
                          VPOS="457"
                          HPOS="368"
                          CONTENT="ignorans"/>
                  <SP HEIGHT="29" WIDTH="11" VPOS="457" HPOS="501"/>
                  <String HEIGHT="29" WIDTH="66" VPOS="457" HPOS="468" CONTENT="ex"/>
                  <SP HEIGHT="29" WIDTH="11" VPOS="457" HPOS="534"/>
                  <String HEIGHT="29"
                          WIDTH="111"
                          VPOS="457"
                          HPOS="501"
                          CONTENT="quibus"/>
                  <SP HEIGHT="29" WIDTH="11" VPOS="457" HPOS="611"/>
                  <String HEIGHT="29" WIDTH="88" VPOS="457" HPOS="578" CONTENT="erit"/>
                  <SP HEIGHT="29" WIDTH="11" VPOS="457" HPOS="667"/>
                  <String HEIGHT="29"
                          WIDTH="133"
                          VPOS="457"
                          HPOS="634"
                          CONTENT="iniustus"/>
                  <SP HEIGHT="29" WIDTH="11" VPOS="457" HPOS="766"/>
                  <String HEIGHT="29"
                          WIDTH="111"
                          VPOS="457"
                          HPOS="733"
                          CONTENT="volens"/>
                  <SP HEIGHT="29" WIDTH="11" VPOS="457" HPOS="844"/>
                  <String HEIGHT="29"
                          WIDTH="111"
                          VPOS="457"
                          HPOS="810"
                          CONTENT="vtique"/>
                  <SP HEIGHT="29" WIDTH="11" VPOS="457" HPOS="921"/>
                  <String HEIGHT="29" WIDTH="44" VPOS="457" HPOS="877" CONTENT="in"/>
               </TextLine>
               <TextLine ID="r1l22"
                         BASELINE="515"
                         HEIGHT="30"
                         WIDTH="600"
                         VPOS="485"
                         HPOS="329">
                  <String HEIGHT="30"
                          WIDTH="113"
                          VPOS="485"
                          HPOS="318"
                          CONTENT="iustus"/>
                  <SP HEIGHT="30" WIDTH="11" VPOS="485" HPOS="431"/>
                  <String HEIGHT="30" WIDTH="91" VPOS="485" HPOS="397" CONTENT="erit"/>
                  <SP HEIGHT="30" WIDTH="11" VPOS="485" HPOS="487"/>
                  <String HEIGHT="30" WIDTH="79" VPOS="485" HPOS="454" CONTENT="non"/>
                  <SP HEIGHT="30" WIDTH="11" VPOS="485" HPOS="533"/>
                  <String HEIGHT="30" WIDTH="68" VPOS="485" HPOS="499" CONTENT="si"/>
                  <SP HEIGHT="30" WIDTH="11" VPOS="485" HPOS="567"/>
                  <String HEIGHT="30"
                          WIDTH="102"
                          VPOS="485"
                          HPOS="533"
                          CONTENT="velit"/>
                  <SP HEIGHT="30" WIDTH="11" VPOS="485" HPOS="635"/>
                  <String HEIGHT="30"
                          WIDTH="136"
                          VPOS="485"
                          HPOS="601"
                          CONTENT="iniustus"/>
                  <SP HEIGHT="30" WIDTH="11" VPOS="485" HPOS="737"/>
                  <String HEIGHT="30"
                          WIDTH="136"
                          VPOS="485"
                          HPOS="703"
                          CONTENT="existens"/>
                  <SP HEIGHT="30" WIDTH="11" VPOS="485" HPOS="838"/>
                  <String HEIGHT="30"
                          WIDTH="136"
                          VPOS="485"
                          HPOS="793"
                          CONTENT="requiescit"/>
               </TextLine>
               <TextLine ID="r1l24"
                         BASELINE="543"
                         HEIGHT="31"
                         WIDTH="595"
                         VPOS="512"
                         HPOS="328">
                  <String HEIGHT="31" WIDTH="65" VPOS="512" HPOS="317" CONTENT="et"/>
                  <SP HEIGHT="31" WIDTH="11" VPOS="512" HPOS="382"/>
                  <String HEIGHT="31" WIDTH="87" VPOS="512" HPOS="350" CONTENT="erit"/>
                  <SP HEIGHT="31" WIDTH="11" VPOS="512" HPOS="436"/>
                  <String HEIGHT="31"
                          WIDTH="108"
                          VPOS="512"
                          HPOS="404"
                          CONTENT="iustus"/>
                  <SP HEIGHT="31" WIDTH="11" VPOS="512" HPOS="512"/>
                  <String HEIGHT="31"
                          WIDTH="97"
                          VPOS="512"
                          HPOS="479"
                          CONTENT="sicut"/>
                  <SP HEIGHT="31" WIDTH="11" VPOS="512" HPOS="577"/>
                  <String HEIGHT="31"
                          WIDTH="108"
                          VPOS="512"
                          HPOS="544"
                          CONTENT="libere"/>
                  <SP HEIGHT="31" WIDTH="11" VPOS="512" HPOS="653"/>
                  <String HEIGHT="31"
                          WIDTH="130"
                          VPOS="512"
                          HPOS="620"
                          CONTENT="prouncit"/>
                  <SP HEIGHT="31" WIDTH="11" VPOS="512" HPOS="750"/>
                  <String HEIGHT="31" WIDTH="87" VPOS="512" HPOS="717" CONTENT="homo"/>
                  <SP HEIGHT="31" WIDTH="11" VPOS="512" HPOS="804"/>
                  <String HEIGHT="31"
                          WIDTH="119"
                          VPOS="512"
                          HPOS="772"
                          CONTENT="lapidem"/>
                  <SP HEIGHT="31" WIDTH="11" VPOS="512" HPOS="891"/>
                  <String HEIGHT="31" WIDTH="65" VPOS="512" HPOS="858" CONTENT="et"/>
                  <SP HEIGHT="31" WIDTH="11" VPOS="512" HPOS="923"/>
                  <String HEIGHT="31" WIDTH="43" VPOS="512" HPOS="880" CONTENT="ta"/>
               </TextLine>
               <TextLine ID="r1l26"
                         BASELINE="577"
                         HEIGHT="35"
                         WIDTH="589"
                         VPOS="542"
                         HPOS="331">
                  <String HEIGHT="35" WIDTH="81" VPOS="542" HPOS="319" CONTENT="men"/>
                  <SP HEIGHT="35" WIDTH="12" VPOS="542" HPOS="400"/>
                  <String HEIGHT="35" WIDTH="81" VPOS="542" HPOS="366" CONTENT="non"/>
                  <SP HEIGHT="35" WIDTH="12" VPOS="542" HPOS="446"/>
                  <String HEIGHT="35" WIDTH="81" VPOS="542" HPOS="412" CONTENT="est"/>
                  <SP HEIGHT="35" WIDTH="12" VPOS="542" HPOS="493"/>
                  <String HEIGHT="35" WIDTH="69" VPOS="542" HPOS="458" CONTENT="in"/>
                  <SP HEIGHT="35" WIDTH="12" VPOS="542" HPOS="527"/>
                  <String HEIGHT="35"
                          WIDTH="115"
                          VPOS="542"
                          HPOS="493"
                          CONTENT="ptante"/>
                  <SP HEIGHT="35" WIDTH="12" VPOS="542" HPOS="608"/>
                  <String HEIGHT="35" WIDTH="92" VPOS="542" HPOS="574" CONTENT="eius"/>
                  <SP HEIGHT="35" WIDTH="12" VPOS="542" HPOS="666"/>
                  <String HEIGHT="35"
                          WIDTH="150"
                          VPOS="542"
                          HPOS="631"
                          CONTENT="proiectam"/>
                  <SP HEIGHT="35" WIDTH="12" VPOS="542" HPOS="781"/>
                  <String HEIGHT="35"
                          WIDTH="150"
                          VPOS="542"
                          HPOS="747"
                          CONTENT="resumere."/>
                  <SP HEIGHT="35" WIDTH="12" VPOS="542" HPOS="897"/>
                  <String HEIGHT="35" WIDTH="58" VPOS="542" HPOS="862" CONTENT="⁋"/>
                  <SP HEIGHT="35" WIDTH="12" VPOS="542" HPOS="920"/>
                  <String HEIGHT="35" WIDTH="46" VPOS="542" HPOS="874" CONTENT="Si"/>
               </TextLine>
               <TextLine ID="r1l28"
                         BASELINE="606"
                         HEIGHT="35"
                         WIDTH="588"
                         VPOS="571"
                         HPOS="333">
                  <String HEIGHT="35"
                          WIDTH="122"
                          VPOS="571"
                          HPOS="322"
                          CONTENT="militer"/>
                  <SP HEIGHT="35" WIDTH="11" VPOS="571" HPOS="444"/>
                  <String HEIGHT="35"
                          WIDTH="144"
                          VPOS="571"
                          HPOS="411"
                          CONTENT="gregorius"/>
                  <SP HEIGHT="35" WIDTH="11" VPOS="571" HPOS="555"/>
                  <String HEIGHT="35"
                          WIDTH="100"
                          VPOS="571"
                          HPOS="522"
                          CONTENT="super"/>
                  <SP HEIGHT="35" WIDTH="11" VPOS="571" HPOS="621"/>
                  <String HEIGHT="35"
                          WIDTH="100"
                          VPOS="571"
                          HPOS="588"
                          CONTENT="illud"/>
                  <SP HEIGHT="35" WIDTH="11" VPOS="571" HPOS="688"/>
                  <String HEIGHT="35"
                          WIDTH="122"
                          VPOS="571"
                          HPOS="655"
                          CONTENT="arborem"/>
                  <SP HEIGHT="35" WIDTH="11" VPOS="571" HPOS="777"/>
                  <String HEIGHT="35" WIDTH="89" VPOS="571" HPOS="743" CONTENT="fixi"/>
                  <SP HEIGHT="35" WIDTH="11" VPOS="571" HPOS="832"/>
                  <String HEIGHT="35"
                          WIDTH="100"
                          VPOS="571"
                          HPOS="799"
                          CONTENT="dicit"/>
                  <SP HEIGHT="35" WIDTH="11" VPOS="571" HPOS="899"/>
                  <String HEIGHT="35" WIDTH="67" VPOS="571" HPOS="854" CONTENT="quod"/>
               </TextLine>
               <TextLine ID="r1l30"
                         BASELINE="629"
                         HEIGHT="33"
                         WIDTH="602"
                         VPOS="596"
                         HPOS="324">
                  <String HEIGHT="33"
                          WIDTH="108"
                          VPOS="596"
                          HPOS="312"
                          CONTENT="culpa"/>
                  <SP HEIGHT="33" WIDTH="12" VPOS="596" HPOS="420"/>
                  <String HEIGHT="33"
                          WIDTH="120"
                          VPOS="596"
                          HPOS="384"
                          CONTENT="grauis"/>
                  <SP HEIGHT="33" WIDTH="12" VPOS="596" HPOS="505"/>
                  <String HEIGHT="33" WIDTH="72" VPOS="596" HPOS="468" CONTENT="in"/>
                  <SP HEIGHT="33" WIDTH="12" VPOS="596" HPOS="541"/>
                  <String HEIGHT="33"
                          WIDTH="205"
                          VPOS="596"
                          HPOS="505"
                          CONTENT="consuetudinem"/>
                  <SP HEIGHT="33" WIDTH="12" VPOS="596" HPOS="709"/>
                  <String HEIGHT="33"
                          WIDTH="108"
                          VPOS="596"
                          HPOS="673"
                          CONTENT="ducta"/>
                  <SP HEIGHT="33" WIDTH="12" VPOS="596" HPOS="782"/>
                  <String HEIGHT="33" WIDTH="84" VPOS="596" HPOS="745" CONTENT="ita"/>
                  <SP HEIGHT="33" WIDTH="12" VPOS="596" HPOS="830"/>
                  <String HEIGHT="33"
                          WIDTH="132"
                          VPOS="596"
                          HPOS="794"
                          CONTENT="obligat"/>
                  <SP HEIGHT="33" WIDTH="12" VPOS="596" HPOS="926"/>
                  <String HEIGHT="33" WIDTH="48" VPOS="596" HPOS="878" CONTENT="me"/>
               </TextLine>
               <TextLine ID="r1l32"
                         BASELINE="657"
                         HEIGHT="31"
                         WIDTH="596"
                         VPOS="626"
                         HPOS="333">
                  <String HEIGHT="31" WIDTH="77" VPOS="626" HPOS="322" CONTENT="tem"/>
                  <SP HEIGHT="31" WIDTH="11" VPOS="626" HPOS="399"/>
                  <String HEIGHT="31" WIDTH="88" VPOS="626" HPOS="366" CONTENT="quod"/>
                  <SP HEIGHT="31" WIDTH="11" VPOS="626" HPOS="454"/>
                  <String HEIGHT="31"
                          WIDTH="143"
                          VPOS="626"
                          HPOS="421"
                          CONTENT="nequaquam"/>
                  <SP HEIGHT="31" WIDTH="11" VPOS="626" HPOS="565"/>
                  <String HEIGHT="31"
                          WIDTH="143"
                          VPOS="626"
                          HPOS="532"
                          CONTENT="assurgere"/>
                  <SP HEIGHT="31" WIDTH="11" VPOS="626" HPOS="675"/>
                  <String HEIGHT="31"
                          WIDTH="110"
                          VPOS="626"
                          HPOS="642"
                          CONTENT="possit"/>
                  <SP HEIGHT="31" WIDTH="11" VPOS="626" HPOS="752"/>
                  <String HEIGHT="31" WIDTH="66" VPOS="626" HPOS="719" CONTENT="ad"/>
                  <SP HEIGHT="31" WIDTH="11" VPOS="626" HPOS="786"/>
                  <String HEIGHT="31"
                          WIDTH="177"
                          VPOS="626"
                          HPOS="752"
                          CONTENT="rectitudinem"/>
                  <SP HEIGHT="31" WIDTH="11" VPOS="626" HPOS="929"/>
                  <String HEIGHT="31" WIDTH="44" VPOS="626" HPOS="885" CONTENT="co"/>
               </TextLine>
               <TextLine ID="r1l34"
                         BASELINE="687"
                         HEIGHT="32"
                         WIDTH="598"
                         VPOS="655"
                         HPOS="328">
                  <String HEIGHT="32"
                          WIDTH="94"
                          VPOS="655"
                          HPOS="318"
                          CONTENT="natur"/>
                  <SP HEIGHT="32" WIDTH="10" VPOS="655" HPOS="412"/>
                  <String HEIGHT="32" WIDTH="63" VPOS="655" HPOS="380" CONTENT="et"/>
                  <SP HEIGHT="32" WIDTH="10" VPOS="655" HPOS="443"/>
                  <String HEIGHT="32"
                          WIDTH="115"
                          VPOS="655"
                          HPOS="412"
                          CONTENT="labitur"/>
                  <SP HEIGHT="32" WIDTH="10" VPOS="655" HPOS="527"/>
                  <String HEIGHT="32" WIDTH="84" VPOS="655" HPOS="496" CONTENT="quia"/>
                  <SP HEIGHT="32" WIDTH="10" VPOS="655" HPOS="580"/>
                  <String HEIGHT="32" WIDTH="73" VPOS="655" HPOS="548" CONTENT="vbi"/>
                  <SP HEIGHT="32" WIDTH="10" VPOS="655" HPOS="622"/>
                  <String HEIGHT="32"
                          WIDTH="105"
                          VPOS="655"
                          HPOS="590"
                          CONTENT="sponte"/>
                  <SP HEIGHT="32" WIDTH="10" VPOS="655" HPOS="695"/>
                  <String HEIGHT="32" WIDTH="73" VPOS="655" HPOS="664" CONTENT="diu"/>
                  <SP HEIGHT="32" WIDTH="10" VPOS="655" HPOS="737"/>
                  <String HEIGHT="32"
                          WIDTH="136"
                          VPOS="655"
                          HPOS="706"
                          CONTENT="perstitit"/>
                  <SP HEIGHT="32" WIDTH="10" VPOS="655" HPOS="842"/>
                  <String HEIGHT="32" WIDTH="73" VPOS="655" HPOS="811" CONTENT="ibi"/>
                  <SP HEIGHT="32" WIDTH="10" VPOS="655" HPOS="884"/>
                  <String HEIGHT="32" WIDTH="63" VPOS="655" HPOS="853" CONTENT="et"/>
                  <SP HEIGHT="32" WIDTH="10" VPOS="655" HPOS="916"/>
                  <String HEIGHT="32" WIDTH="52" VPOS="655" HPOS="874" CONTENT="cum"/>
               </TextLine>
               <TextLine ID="r1l36"
                         BASELINE="715"
                         HEIGHT="35"
                         WIDTH="602"
                         VPOS="680"
                         HPOS="326">
                  <String HEIGHT="35"
                          WIDTH="144"
                          VPOS="680"
                          HPOS="314"
                          CONTENT="voluerit"/>
                  <SP HEIGHT="35" WIDTH="12" VPOS="680" HPOS="458"/>
                  <String HEIGHT="35"
                          WIDTH="120"
                          VPOS="680"
                          HPOS="422"
                          CONTENT="coacta"/>
                  <SP HEIGHT="35" WIDTH="12" VPOS="680" HPOS="543"/>
                  <String HEIGHT="35"
                          WIDTH="120"
                          VPOS="680"
                          HPOS="507"
                          CONTENT="cadit."/>
                  <SP HEIGHT="35" WIDTH="12" VPOS="680" HPOS="627"/>
                  <String HEIGHT="35" WIDTH="60" VPOS="680" HPOS="591" CONTENT="⁋"/>
                  <SP HEIGHT="35" WIDTH="12" VPOS="680" HPOS="651"/>
                  <String HEIGHT="35" WIDTH="96" VPOS="680" HPOS="615" CONTENT="Item"/>
                  <SP HEIGHT="35" WIDTH="12" VPOS="680" HPOS="711"/>
                  <String HEIGHT="35"
                          WIDTH="144"
                          VPOS="680"
                          HPOS="675"
                          CONTENT="ysidorus"/>
                  <SP HEIGHT="35" WIDTH="12" VPOS="680" HPOS="820"/>
                  <String HEIGHT="35" WIDTH="72" VPOS="680" HPOS="784" CONTENT="de"/>
                  <SP HEIGHT="35" WIDTH="12" VPOS="680" HPOS="856"/>
                  <String HEIGHT="35"
                          WIDTH="108"
                          VPOS="680"
                          HPOS="820"
                          CONTENT="summo"/>
                  <SP HEIGHT="35" WIDTH="12" VPOS="680" HPOS="928"/>
                  <String HEIGHT="35" WIDTH="48" VPOS="680" HPOS="880" CONTENT="bo"/>
               </TextLine>
               <TextLine ID="r1l38"
                         BASELINE="744"
                         HEIGHT="35"
                         WIDTH="601"
                         VPOS="709"
                         HPOS="326">
                  <String HEIGHT="35" WIDTH="71" VPOS="709" HPOS="314" CONTENT="no"/>
                  <SP HEIGHT="35" WIDTH="12" VPOS="709" HPOS="385"/>
                  <String HEIGHT="35"
                          WIDTH="153"
                          VPOS="709"
                          HPOS="350"
                          CONTENT="cogitatio"/>
                  <SP HEIGHT="35" WIDTH="12" VPOS="709" HPOS="503"/>
                  <String HEIGHT="35"
                          WIDTH="130"
                          VPOS="709"
                          HPOS="467"
                          CONTENT="praeuia"/>
                  <SP HEIGHT="35" WIDTH="12" VPOS="709" HPOS="597"/>
                  <String HEIGHT="35"
                          WIDTH="200"
                          VPOS="709"
                          HPOS="562"
                          CONTENT="delectationem"/>
                  <SP HEIGHT="35" WIDTH="12" VPOS="709" HPOS="762"/>
                  <String HEIGHT="35"
                          WIDTH="106"
                          VPOS="709"
                          HPOS="727"
                          CONTENT="parit"/>
                  <SP HEIGHT="35" WIDTH="12" VPOS="709" HPOS="833"/>
                  <String HEIGHT="35"
                          WIDTH="141"
                          VPOS="709"
                          HPOS="786"
                          CONTENT="delectatio"/>
               </TextLine>
               <TextLine ID="r1l40"
                         BASELINE="773"
                         HEIGHT="34"
                         WIDTH="602"
                         VPOS="739"
                         HPOS="328">
                  <String HEIGHT="34"
                          WIDTH="174"
                          VPOS="739"
                          HPOS="315"
                          CONTENT="consensum"/>
                  <SP HEIGHT="34" WIDTH="13" VPOS="739" HPOS="489"/>
                  <String HEIGHT="34"
                          WIDTH="174"
                          VPOS="739"
                          HPOS="448"
                          CONTENT="consensus"/>
                  <SP HEIGHT="34" WIDTH="13" VPOS="739" HPOS="622"/>
                  <String HEIGHT="34"
                          WIDTH="161"
                          VPOS="739"
                          HPOS="582"
                          CONTENT="actionem"/>
                  <SP HEIGHT="34" WIDTH="13" VPOS="739" HPOS="743"/>
                  <String HEIGHT="34"
                          WIDTH="120"
                          VPOS="739"
                          HPOS="703"
                          CONTENT="actio"/>
                  <SP HEIGHT="34" WIDTH="13" VPOS="739" HPOS="823"/>
                  <String HEIGHT="34"
                          WIDTH="161"
                          VPOS="739"
                          HPOS="769"
                          CONTENT="consuetudi"/>
               </TextLine>
               <TextLine ID="r1l42"
                         BASELINE="797"
                         HEIGHT="30"
                         WIDTH="594"
                         VPOS="767"
                         HPOS="328">
                  <String HEIGHT="30" WIDTH="90" VPOS="767" HPOS="315" CONTENT="nem"/>
                  <SP HEIGHT="30" WIDTH="13" VPOS="767" HPOS="405"/>
                  <String HEIGHT="30"
                          WIDTH="181"
                          VPOS="767"
                          HPOS="367"
                          CONTENT="consuetudo"/>
                  <SP HEIGHT="30" WIDTH="13" VPOS="767" HPOS="548"/>
                  <String HEIGHT="30"
                          WIDTH="220"
                          VPOS="767"
                          HPOS="509"
                          CONTENT="necessitatem."/>
                  <SP HEIGHT="30" WIDTH="13" VPOS="767" HPOS="728"/>
                  <String HEIGHT="30" WIDTH="65" VPOS="767" HPOS="690" CONTENT="⁋"/>
                  <SP HEIGHT="30" WIDTH="13" VPOS="767" HPOS="754"/>
                  <String HEIGHT="30"
                          WIDTH="129"
                          VPOS="767"
                          HPOS="715"
                          CONTENT="Tertio"/>
                  <SP HEIGHT="30" WIDTH="13" VPOS="767" HPOS="845"/>
                  <String HEIGHT="30"
                          WIDTH="129"
                          VPOS="767"
                          HPOS="793"
                          CONTENT="discipu"
                          SUBS_TYPE="HypPart1"
                          SUBS_CONTENT="discipulus"/>
                  <HYP CONTENT="-"/>
               </TextLine>
               <TextLine ID="r1l44"
                         BASELINE="827"
                         HEIGHT="35"
                         WIDTH="608"
                         VPOS="792"
                         HPOS="325">
                  <String HEIGHT="35"
                          WIDTH="79"
                          VPOS="792"
                          HPOS="314"
                          CONTENT="lus"
                          SUBS_TYPE="HypPart2"
                          SUBS_CONTENT="discipulus"/>
                  <SP HEIGHT="35" WIDTH="11" VPOS="792" HPOS="393"/>
                  <String HEIGHT="35"
                          WIDTH="101"
                          VPOS="792"
                          HPOS="359"
                          CONTENT="ansel"/>
                  <SP HEIGHT="35" WIDTH="11" VPOS="792" HPOS="460"/>
                  <String HEIGHT="35" WIDTH="68" VPOS="792" HPOS="426" CONTENT="de"/>
                  <SP HEIGHT="35" WIDTH="11" VPOS="792" HPOS="494"/>
                  <String HEIGHT="35" WIDTH="68" VPOS="792" HPOS="460" CONTENT="li"/>
                  <SP HEIGHT="35" WIDTH="11" VPOS="792" HPOS="528"/>
                  <String HEIGHT="35"
                          WIDTH="101"
                          VPOS="792"
                          HPOS="494"
                          CONTENT="auir."/>
                  <SP HEIGHT="35" WIDTH="11" VPOS="792" HPOS="595"/>
                  <String HEIGHT="35" WIDTH="79" VPOS="792" HPOS="561" CONTENT="ca."/>
                  <SP HEIGHT="35" WIDTH="11" VPOS="792" HPOS="640"/>
                  <String HEIGHT="35" WIDTH="56" VPOS="792" HPOS="606" CONTENT="6"/>
                  <SP HEIGHT="35" WIDTH="11" VPOS="792" HPOS="663"/>
                  <String HEIGHT="35"
                          WIDTH="101"
                          VPOS="792"
                          HPOS="629"
                          CONTENT="dicit"/>
                  <SP HEIGHT="35" WIDTH="11" VPOS="792" HPOS="730"/>
                  <String HEIGHT="35"
                          WIDTH="124"
                          VPOS="792"
                          HPOS="697"
                          CONTENT="quandam"/>
                  <SP HEIGHT="35" WIDTH="11" VPOS="792" HPOS="820"/>
                  <String HEIGHT="35" WIDTH="90" VPOS="792" HPOS="787" CONTENT="esse"/>
                  <SP HEIGHT="35" WIDTH="11" VPOS="792" HPOS="877"/>
                  <String HEIGHT="35"
                          WIDTH="101"
                          VPOS="792"
                          HPOS="832"
                          CONTENT="impoten"/>
               </TextLine>
               <TextLine ID="r1l46"
                         BASELINE="856"
                         HEIGHT="31"
                         WIDTH="600"
                         VPOS="825"
                         HPOS="329">
                  <String HEIGHT="31"
                          WIDTH="114"
                          VPOS="825"
                          HPOS="315"
                          CONTENT="tiam"/>
                  <SP HEIGHT="31" WIDTH="14" VPOS="825" HPOS="429"/>
                  <String HEIGHT="31" WIDTH="86" VPOS="825" HPOS="386" CONTENT="in"/>
                  <SP HEIGHT="31" WIDTH="14" VPOS="825" HPOS="472"/>
                  <String HEIGHT="31"
                          WIDTH="186"
                          VPOS="825"
                          HPOS="429"
                          CONTENT="voluntate"/>
                  <SP HEIGHT="31" WIDTH="14" VPOS="825" HPOS="615"/>
                  <String HEIGHT="31"
                          WIDTH="114"
                          VPOS="825"
                          HPOS="572"
                          CONTENT="quam"/>
                  <SP HEIGHT="31" WIDTH="14" VPOS="825" HPOS="686"/>
                  <String HEIGHT="31"
                          WIDTH="129"
                          VPOS="825"
                          HPOS="643"
                          CONTENT="omnes"/>
                  <SP HEIGHT="31" WIDTH="14" VPOS="825" HPOS="772"/>
                  <String HEIGHT="31"
                          WIDTH="186"
                          VPOS="825"
                          HPOS="729"
                          CONTENT="experimur"/>
                  <SP HEIGHT="31" WIDTH="14" VPOS="825" HPOS="915"/>
                  <String HEIGHT="31" WIDTH="71" VPOS="825" HPOS="858" CONTENT="cum"/>
               </TextLine>
               <TextLine ID="r1l48"
                         BASELINE="884"
                         HEIGHT="32"
                         WIDTH="603"
                         VPOS="852"
                         HPOS="324">
                  <String HEIGHT="32"
                          WIDTH="160"
                          VPOS="852"
                          HPOS="312"
                          CONTENT="violentia"/>
                  <SP HEIGHT="32" WIDTH="12" VPOS="852" HPOS="472"/>
                  <String HEIGHT="32"
                          WIDTH="185"
                          VPOS="852"
                          HPOS="435"
                          CONTENT="tentationis"/>
                  <SP HEIGHT="32" WIDTH="12" VPOS="852" HPOS="619"/>
                  <String HEIGHT="32"
                          WIDTH="160"
                          VPOS="852"
                          HPOS="582"
                          CONTENT="superamur"/>
                  <SP HEIGHT="32" WIDTH="12" VPOS="852" HPOS="742"/>
                  <String HEIGHT="32" WIDTH="74" VPOS="852" HPOS="705" CONTENT="et"/>
                  <SP HEIGHT="32" WIDTH="12" VPOS="852" HPOS="779"/>
                  <String HEIGHT="32" WIDTH="98" VPOS="852" HPOS="742" CONTENT="post"/>
                  <SP HEIGHT="32" WIDTH="12" VPOS="852" HPOS="841"/>
                  <String HEIGHT="32"
                          WIDTH="123"
                          VPOS="852"
                          HPOS="804"
                          CONTENT="fateri"/>
                  <SP HEIGHT="32" WIDTH="12" VPOS="852" HPOS="927"/>
                  <String HEIGHT="32" WIDTH="49" VPOS="852" HPOS="878" CONTENT="me"/>
               </TextLine>
               <TextLine ID="r1l50"
                         BASELINE="911"
                         HEIGHT="32"
                         WIDTH="600"
                         VPOS="879"
                         HPOS="329">
                  <String HEIGHT="32"
                          WIDTH="135"
                          VPOS="879"
                          HPOS="317"
                          CONTENT="oportet"/>
                  <SP HEIGHT="32" WIDTH="12" VPOS="879" HPOS="451"/>
                  <String HEIGHT="32" WIDTH="86" VPOS="879" HPOS="415" CONTENT="nos"/>
                  <SP HEIGHT="32" WIDTH="12" VPOS="879" HPOS="500"/>
                  <String HEIGHT="32"
                          WIDTH="159"
                          VPOS="879"
                          HPOS="464"
                          CONTENT="aliquando"/>
                  <SP HEIGHT="32" WIDTH="12" VPOS="879" HPOS="623"/>
                  <String HEIGHT="32"
                          WIDTH="110"
                          VPOS="879"
                          HPOS="586"
                          CONTENT="premi"/>
                  <SP HEIGHT="32" WIDTH="12" VPOS="879" HPOS="696"/>
                  <String HEIGHT="32"
                          WIDTH="208"
                          VPOS="879"
                          HPOS="660"
                          CONTENT="tentationibus"/>
                  <SP HEIGHT="32" WIDTH="12" VPOS="879" HPOS="868"/>
                  <String HEIGHT="32" WIDTH="73" VPOS="879" HPOS="831" CONTENT="vt"/>
                  <SP HEIGHT="32" WIDTH="12" VPOS="879" HPOS="905"/>
                  <String HEIGHT="32" WIDTH="73" VPOS="879" HPOS="856" CONTENT="sine"/>
               </TextLine>
               <TextLine ID="r1l52"
                         BASELINE="942"
                         HEIGHT="35"
                         WIDTH="600"
                         VPOS="907"
                         HPOS="325">
                  <String HEIGHT="35"
                          WIDTH="168"
                          VPOS="907"
                          HPOS="314"
                          CONTENT="difficultate"/>
                  <SP HEIGHT="35" WIDTH="11" VPOS="907" HPOS="483"/>
                  <String HEIGHT="35" WIDTH="74" VPOS="907" HPOS="451" CONTENT="non"/>
                  <SP HEIGHT="35" WIDTH="11" VPOS="907" HPOS="525"/>
                  <String HEIGHT="35"
                          WIDTH="126"
                          VPOS="907"
                          HPOS="493"
                          CONTENT="valeamus"/>
                  <SP HEIGHT="35" WIDTH="11" VPOS="907" HPOS="620"/>
                  <String HEIGHT="35"
                          WIDTH="95"
                          VPOS="907"
                          HPOS="588"
                          CONTENT="nolle"/>
                  <SP HEIGHT="35" WIDTH="11" VPOS="907" HPOS="683"/>
                  <String HEIGHT="35" WIDTH="84" VPOS="907" HPOS="651" CONTENT="quod"/>
                  <SP HEIGHT="35" WIDTH="11" VPOS="907" HPOS="736"/>
                  <String HEIGHT="35"
                          WIDTH="147"
                          VPOS="907"
                          HPOS="704"
                          CONTENT="suggerent."/>
                  <SP HEIGHT="35" WIDTH="11" VPOS="907" HPOS="851"/>
                  <String HEIGHT="35" WIDTH="63" VPOS="907" HPOS="820" CONTENT="Et"/>
                  <SP HEIGHT="35" WIDTH="11" VPOS="907" HPOS="883"/>
                  <String HEIGHT="35"
                          WIDTH="84"
                          VPOS="907"
                          HPOS="841"
                          CONTENT="respon"/>
               </TextLine>
               <TextLine ID="r1l54"
                         BASELINE="970"
                         HEIGHT="34"
                         WIDTH="596"
                         VPOS="936"
                         HPOS="329">
                  <String HEIGHT="34" WIDTH="83" VPOS="936" HPOS="317" CONTENT="det"/>
                  <SP HEIGHT="34" WIDTH="12" VPOS="936" HPOS="401"/>
                  <String HEIGHT="34"
                          WIDTH="143"
                          VPOS="936"
                          HPOS="365"
                          CONTENT="magister"/>
                  <SP HEIGHT="34" WIDTH="12" VPOS="936" HPOS="508"/>
                  <String HEIGHT="34" WIDTH="95" VPOS="936" HPOS="472" CONTENT="quod"/>
                  <SP HEIGHT="34" WIDTH="12" VPOS="936" HPOS="567"/>
                  <String HEIGHT="34" WIDTH="83" VPOS="936" HPOS="532" CONTENT="hec"/>
                  <SP HEIGHT="34" WIDTH="12" VPOS="936" HPOS="615"/>
                  <String HEIGHT="34" WIDTH="83" VPOS="936" HPOS="579" CONTENT="vis"/>
                  <SP HEIGHT="34" WIDTH="12" VPOS="936" HPOS="663"/>
                  <String HEIGHT="34"
                          WIDTH="179"
                          VPOS="936"
                          HPOS="627"
                          CONTENT="tentationis"/>
                  <SP HEIGHT="34" WIDTH="12" VPOS="936" HPOS="806"/>
                  <String HEIGHT="34" WIDTH="83" VPOS="936" HPOS="770" CONTENT="non"/>
                  <SP HEIGHT="34" WIDTH="12" VPOS="936" HPOS="853"/>
                  <String HEIGHT="34" WIDTH="83" VPOS="936" HPOS="818" CONTENT="eam"/>
                  <SP HEIGHT="34" WIDTH="12" VPOS="936" HPOS="901"/>
                  <String HEIGHT="34" WIDTH="72" VPOS="936" HPOS="853" CONTENT="auer"/>
               </TextLine>
               <TextLine ID="r1l56"
                         BASELINE="994"
                         HEIGHT="29"
                         WIDTH="596"
                         VPOS="965"
                         HPOS="333">
                  <String HEIGHT="29" WIDTH="79" VPOS="965" HPOS="322" CONTENT="tit"/>
                  <SP HEIGHT="29" WIDTH="11" VPOS="965" HPOS="400"/>
                  <String HEIGHT="29" WIDTH="56" VPOS="965" HPOS="367" CONTENT="a"/>
                  <SP HEIGHT="29" WIDTH="11" VPOS="965" HPOS="423"/>
                  <String HEIGHT="29"
                          WIDTH="169"
                          VPOS="965"
                          HPOS="389"
                          CONTENT="rectitudine"/>
                  <SP HEIGHT="29" WIDTH="11" VPOS="965" HPOS="558"/>
                  <String HEIGHT="29" WIDTH="67" VPOS="965" HPOS="524" CONTENT="si"/>
                  <SP HEIGHT="29" WIDTH="11" VPOS="965" HPOS="592"/>
                  <String HEIGHT="29" WIDTH="90" VPOS="965" HPOS="558" CONTENT="ipsa"/>
                  <SP HEIGHT="29" WIDTH="11" VPOS="965" HPOS="648"/>
                  <String HEIGHT="29" WIDTH="79" VPOS="965" HPOS="614" CONTENT="non"/>
                  <SP HEIGHT="29" WIDTH="11" VPOS="965" HPOS="693"/>
                  <String HEIGHT="29" WIDTH="90" VPOS="965" HPOS="659" CONTENT="vult"/>
                  <SP HEIGHT="29" WIDTH="11" VPOS="965" HPOS="749"/>
                  <String HEIGHT="29" WIDTH="90" VPOS="965" HPOS="715" CONTENT="quod"/>
                  <SP HEIGHT="29" WIDTH="11" VPOS="965" HPOS="805"/>
                  <String HEIGHT="29"
                          WIDTH="135"
                          VPOS="965"
                          HPOS="772"
                          CONTENT="suggerit"/>
                  <SP HEIGHT="29" WIDTH="11" VPOS="965" HPOS="907"/>
                  <String HEIGHT="29"
                          WIDTH="67"
                          VPOS="965"
                          HPOS="862"
                          CONTENT="ten"
                          SUBS_TYPE="HypPart1"
                          SUBS_CONTENT="tentatio"/>
                  <HYP CONTENT="-"/>
               </TextLine>
               <TextLine ID="r1l58"
                         BASELINE="1023"
                         HEIGHT="33"
                         WIDTH="598"
                         VPOS="990"
                         HPOS="327">
                  <String HEIGHT="33"
                          WIDTH="112"
                          VPOS="990"
                          HPOS="315"
                          CONTENT="tatio"
                          SUBS_TYPE="HypPart2"
                          SUBS_CONTENT="tentatio"/>
                  <SP HEIGHT="33" WIDTH="12" VPOS="990" HPOS="427"/>
                  <String HEIGHT="33" WIDTH="87" VPOS="990" HPOS="389" CONTENT="qua"/>
                  <SP HEIGHT="33" WIDTH="12" VPOS="990" HPOS="477"/>
                  <String HEIGHT="33"
                          WIDTH="137"
                          VPOS="990"
                          HPOS="439"
                          CONTENT="propter"/>
                  <SP HEIGHT="33" WIDTH="12" VPOS="990" HPOS="576"/>
                  <String HEIGHT="33"
                          WIDTH="125"
                          VPOS="990"
                          HPOS="539"
                          CONTENT="inquit"/>
                  <SP HEIGHT="33" WIDTH="12" VPOS="990" HPOS="663"/>
                  <String HEIGHT="33"
                          WIDTH="150"
                          VPOS="990"
                          HPOS="626"
                          CONTENT="dubitare"/>
                  <SP HEIGHT="33" WIDTH="12" VPOS="990" HPOS="776"/>
                  <String HEIGHT="33" WIDTH="87" VPOS="990" HPOS="738" CONTENT="non"/>
                  <SP HEIGHT="33" WIDTH="12" VPOS="990" HPOS="825"/>
                  <String HEIGHT="33"
                          WIDTH="112"
                          VPOS="990"
                          HPOS="788"
                          CONTENT="debes"/>
                  <SP HEIGHT="33" WIDTH="12" VPOS="990" HPOS="900"/>
                  <String HEIGHT="33" WIDTH="75" VPOS="990" HPOS="850" CONTENT="hanc"/>
               </TextLine>
               <TextLine ID="r1l61"
                         BASELINE="1053"
                         HEIGHT="32"
                         WIDTH="590"
                         VPOS="1021"
                         HPOS="332">
                  <String HEIGHT="32"
                          WIDTH="201"
                          VPOS="1021"
                          HPOS="319"
                          CONTENT="impotentiam"/>
                  <SP HEIGHT="32" WIDTH="13" VPOS="1021" HPOS="520"/>
                  <String HEIGHT="32"
                          WIDTH="161"
                          VPOS="1021"
                          HPOS="480"
                          CONTENT="seruandi"/>
                  <SP HEIGHT="32" WIDTH="13" VPOS="1021" HPOS="640"/>
                  <String HEIGHT="32"
                          WIDTH="215"
                          VPOS="1021"
                          HPOS="600"
                          CONTENT="rectitudinem"/>
                  <SP HEIGHT="32" WIDTH="13" VPOS="1021" HPOS="815"/>
                  <String HEIGHT="32"
                          WIDTH="107"
                          VPOS="1021"
                          HPOS="775"
                          CONTENT="quam"/>
                  <SP HEIGHT="32" WIDTH="13" VPOS="1021" HPOS="882"/>
                  <String HEIGHT="32"
                          WIDTH="94"
                          VPOS="1021"
                          HPOS="828"
                          CONTENT="dicii"/>
               </TextLine>
               <TextLine ID="r1l63"
                         BASELINE="1079"
                         HEIGHT="32"
                         WIDTH="605"
                         VPOS="1047"
                         HPOS="328">
                  <String HEIGHT="32" WIDTH="74" VPOS="1047" HPOS="316" CONTENT="in"/>
                  <SP HEIGHT="32" WIDTH="12" VPOS="1047" HPOS="390"/>
                  <String HEIGHT="32"
                          WIDTH="123"
                          VPOS="1047"
                          HPOS="353"
                          CONTENT="nostra"/>
                  <SP HEIGHT="32" WIDTH="12" VPOS="1047" HPOS="476"/>
                  <String HEIGHT="32"
                          WIDTH="161"
                          VPOS="1047"
                          HPOS="439"
                          CONTENT="voluntate"/>
                  <SP HEIGHT="32" WIDTH="12" VPOS="1047" HPOS="600"/>
                  <String HEIGHT="32"
                          WIDTH="99"
                          VPOS="1047"
                          HPOS="563"
                          CONTENT="esse"/>
                  <SP HEIGHT="32" WIDTH="12" VPOS="1047" HPOS="661"/>
                  <String HEIGHT="32" WIDTH="86" VPOS="1047" HPOS="624" CONTENT="cum"/>
                  <SP HEIGHT="32" WIDTH="12" VPOS="1047" HPOS="711"/>
                  <String HEIGHT="32"
                          WIDTH="210"
                          VPOS="1047"
                          HPOS="674"
                          CONTENT="tentationibus"/>
                  <SP HEIGHT="32" WIDTH="12" VPOS="1047" HPOS="884"/>
                  <String HEIGHT="32"
                          WIDTH="99"
                          VPOS="1047"
                          HPOS="834"
                          CONTENT="consen"/>
               </TextLine>
               <TextLine ID="r1l65"
                         BASELINE="1111"
                         HEIGHT="36"
                         WIDTH="601"
                         VPOS="1075"
                         HPOS="329">
                  <String HEIGHT="36"
                          WIDTH="108"
                          VPOS="1075"
                          HPOS="317"
                          CONTENT="timus"/>
                  <SP HEIGHT="36" WIDTH="12" VPOS="1075" HPOS="425"/>
                  <String HEIGHT="36" WIDTH="84" VPOS="1075" HPOS="389" CONTENT="non"/>
                  <SP HEIGHT="36" WIDTH="12" VPOS="1075" HPOS="473"/>
                  <String HEIGHT="36"
                          WIDTH="96"
                          VPOS="1075"
                          HPOS="437"
                          CONTENT="esse"/>
                  <SP HEIGHT="36" WIDTH="12" VPOS="1075" HPOS="533"/>
                  <String HEIGHT="36" WIDTH="84" VPOS="1075" HPOS="497" CONTENT="cum"/>
                  <SP HEIGHT="36" WIDTH="12" VPOS="1075" HPOS="581"/>
                  <String HEIGHT="36"
                          WIDTH="228"
                          VPOS="1075"
                          HPOS="545"
                          CONTENT="impossibilitate"/>
                  <SP HEIGHT="36" WIDTH="12" VPOS="1075" HPOS="774"/>
                  <String HEIGHT="36" WIDTH="84" VPOS="1075" HPOS="738" CONTENT="sed"/>
                  <SP HEIGHT="36" WIDTH="12" VPOS="1075" HPOS="822"/>
                  <String HEIGHT="36" WIDTH="72" VPOS="1075" HPOS="786" CONTENT="ex"/>
                  <SP HEIGHT="36" WIDTH="12" VPOS="1075" HPOS="858"/>
                  <String HEIGHT="36"
                          WIDTH="120"
                          VPOS="1075"
                          HPOS="810"
                          CONTENT="difficul"/>
               </TextLine>
               <TextLine ID="r1l67"
                         BASELINE="1136"
                         HEIGHT="32"
                         WIDTH="596"
                         VPOS="1104"
                         HPOS="331">
                  <String HEIGHT="32"
                          WIDTH="101"
                          VPOS="1104"
                          HPOS="318"
                          CONTENT="tate"/>
                  <SP HEIGHT="32" WIDTH="13" VPOS="1104" HPOS="420"/>
                  <String HEIGHT="32" WIDTH="89" VPOS="1104" HPOS="382" CONTENT="hec"/>
                  <SP HEIGHT="32" WIDTH="13" VPOS="1104" HPOS="470"/>
                  <String HEIGHT="32"
                          WIDTH="114"
                          VPOS="1104"
                          HPOS="432"
                          CONTENT="autem"/>
                  <SP HEIGHT="32" WIDTH="13" VPOS="1104" HPOS="547"/>
                  <String HEIGHT="32"
                          WIDTH="190"
                          VPOS="1104"
                          HPOS="509"
                          CONTENT="difficultas"/>
                  <SP HEIGHT="32" WIDTH="13" VPOS="1104" HPOS="699"/>
                  <String HEIGHT="32"
                          WIDTH="165"
                          VPOS="1104"
                          HPOS="661"
                          CONTENT="permittit"/>
                  <SP HEIGHT="32" WIDTH="13" VPOS="1104" HPOS="826"/>
                  <String HEIGHT="32"
                          WIDTH="152"
                          VPOS="1104"
                          HPOS="775"
                          CONTENT="voluntatem"/>
               </TextLine>
               <TextLine ID="r1l69"
                         BASELINE="1170"
                         HEIGHT="37"
                         WIDTH="611"
                         VPOS="1133"
                         HPOS="320">
                  <String HEIGHT="37"
                          WIDTH="178"
                          VPOS="1133"
                          HPOS="307"
                          CONTENT="libertatis"/>
                  <SP HEIGHT="37" WIDTH="13" VPOS="1133" HPOS="485"/>
                  <String HEIGHT="37"
                          WIDTH="165"
                          VPOS="1133"
                          HPOS="447"
                          CONTENT="impugnare"/>
                  <SP HEIGHT="37" WIDTH="13" VPOS="1133" HPOS="613"/>
                  <String HEIGHT="37"
                          WIDTH="127"
                          VPOS="1133"
                          HPOS="575"
                          CONTENT="namque"/>
                  <SP HEIGHT="37" WIDTH="13" VPOS="1133" HPOS="702"/>
                  <String HEIGHT="37"
                          WIDTH="127"
                          VPOS="1133"
                          HPOS="664"
                          CONTENT="potest"/>
                  <SP HEIGHT="37" WIDTH="13" VPOS="1133" HPOS="791"/>
                  <String HEIGHT="37"
                          WIDTH="140"
                          VPOS="1133"
                          HPOS="753"
                          CONTENT="inuitam"/>
                  <SP HEIGHT="37" WIDTH="13" VPOS="1133" HPOS="893"/>
                  <String HEIGHT="37"
                          WIDTH="89"
                          VPOS="1133"
                          HPOS="842"
                          CONTENT="expu"
                          SUBS_TYPE="HypPart1"
                          SUBS_CONTENT="expugnare"/>
                  <HYP CONTENT="-"/>
               </TextLine>
               <TextLine ID="r1l71"
                         BASELINE="1197"
                         HEIGHT="38"
                         WIDTH="603"
                         VPOS="1159"
                         HPOS="328">
                  <String HEIGHT="38"
                          WIDTH="102"
                          VPOS="1159"
                          HPOS="317"
                          CONTENT="gnare"
                          SUBS_TYPE="HypPart2"
                          SUBS_CONTENT="expugnare"/>
                  <SP HEIGHT="38" WIDTH="11" VPOS="1159" HPOS="419"/>
                  <String HEIGHT="38"
                          WIDTH="148"
                          VPOS="1159"
                          HPOS="385"
                          CONTENT="nequaquam"/>
                  <SP HEIGHT="38" WIDTH="11" VPOS="1159" HPOS="533"/>
                  <String HEIGHT="38"
                          WIDTH="137"
                          VPOS="1159"
                          HPOS="499"
                          CONTENT="inuitam."/>
                  <SP HEIGHT="38" WIDTH="11" VPOS="1159" HPOS="635"/>
                  <String HEIGHT="38" WIDTH="57" VPOS="1159" HPOS="601" CONTENT="⁋"/>
                  <SP HEIGHT="38" WIDTH="11" VPOS="1159" HPOS="658"/>
                  <String HEIGHT="38" WIDTH="68" VPOS="1159" HPOS="624" CONTENT="Et"/>
                  <SP HEIGHT="38" WIDTH="11" VPOS="1159" HPOS="692"/>
                  <String HEIGHT="38"
                          WIDTH="114"
                          VPOS="1159"
                          HPOS="658"
                          CONTENT="iterum"/>
                  <SP HEIGHT="38" WIDTH="11" VPOS="1159" HPOS="772"/>
                  <String HEIGHT="38" WIDTH="68" VPOS="1159" HPOS="738" CONTENT="in"/>
                  <SP HEIGHT="38" WIDTH="11" VPOS="1159" HPOS="806"/>
                  <String HEIGHT="38"
                          WIDTH="91"
                          VPOS="1159"
                          HPOS="772"
                          CONTENT="fine"/>
                  <SP HEIGHT="38" WIDTH="11" VPOS="1159" HPOS="863"/>
                  <String HEIGHT="38"
                          WIDTH="114"
                          VPOS="1159"
                          HPOS="817"
                          CONTENT="capituli"/>
               </TextLine>
               <TextLine ID="r1l73"
                         BASELINE="1223"
                         HEIGHT="33"
                         WIDTH="598"
                         VPOS="1190"
                         HPOS="327">
                  <String HEIGHT="33"
                          WIDTH="141"
                          VPOS="1190"
                          HPOS="315"
                          CONTENT="concedit"/>
                  <SP HEIGHT="33" WIDTH="12" VPOS="1190" HPOS="456"/>
                  <String HEIGHT="33"
                          WIDTH="164"
                          VPOS="1190"
                          HPOS="421"
                          CONTENT="discipulus"/>
                  <SP HEIGHT="33" WIDTH="12" VPOS="1190" HPOS="585"/>
                  <String HEIGHT="33"
                          WIDTH="94"
                          VPOS="1190"
                          HPOS="550"
                          CONTENT="quod"/>
                  <SP HEIGHT="33" WIDTH="12" VPOS="1190" HPOS="644"/>
                  <String HEIGHT="33"
                          WIDTH="141"
                          VPOS="1190"
                          HPOS="608"
                          CONTENT="voluntas"/>
                  <SP HEIGHT="33" WIDTH="12" VPOS="1190" HPOS="749"/>
                  <String HEIGHT="33" WIDTH="82" VPOS="1190" HPOS="714" CONTENT="non"/>
                  <SP HEIGHT="33" WIDTH="12" VPOS="1190" HPOS="796"/>
                  <String HEIGHT="33"
                          WIDTH="117"
                          VPOS="1190"
                          HPOS="761"
                          CONTENT="potest"/>
                  <SP HEIGHT="33" WIDTH="12" VPOS="1190" HPOS="878"/>
                  <String HEIGHT="33"
                          WIDTH="94"
                          VPOS="1190"
                          HPOS="831"
                          CONTENT="tenere"/>
               </TextLine>
               <TextLine ID="r1l75"
                         BASELINE="1252"
                         HEIGHT="34"
                         WIDTH="597"
                         VPOS="1218"
                         HPOS="327">
                  <String HEIGHT="34"
                          WIDTH="100"
                          VPOS="1218"
                          HPOS="315"
                          CONTENT="suam"/>
                  <SP HEIGHT="34" WIDTH="12" VPOS="1218" HPOS="414"/>
                  <String HEIGHT="34"
                          WIDTH="199"
                          VPOS="1218"
                          HPOS="377"
                          CONTENT="rectitudinem"/>
                  <SP HEIGHT="34" WIDTH="12" VPOS="1218" HPOS="576"/>
                  <String HEIGHT="34"
                          WIDTH="100"
                          VPOS="1218"
                          HPOS="538"
                          CONTENT="fine"/>
                  <SP HEIGHT="34" WIDTH="12" VPOS="1218" HPOS="638"/>
                  <String HEIGHT="34"
                          WIDTH="199"
                          VPOS="1218"
                          HPOS="601"
                          CONTENT="difficultate"/>
                  <SP HEIGHT="34" WIDTH="12" VPOS="1218" HPOS="800"/>
                  <String HEIGHT="34" WIDTH="87" VPOS="1218" HPOS="762" CONTENT="hoc"/>
                  <SP HEIGHT="34" WIDTH="12" VPOS="1218" HPOS="849"/>
                  <String HEIGHT="34"
                          WIDTH="112"
                          VPOS="1218"
                          HPOS="812"
                          CONTENT="autem"/>
                  <SP HEIGHT="34" WIDTH="12" VPOS="1218" HPOS="924"/>
                  <String HEIGHT="34" WIDTH="50" VPOS="1218" HPOS="874" CONTENT="vi"/>
               </TextLine>
               <TextLine ID="r1l77"
                         BASELINE="1284"
                         HEIGHT="36"
                         WIDTH="590"
                         VPOS="1248"
                         HPOS="333">
                  <String HEIGHT="36"
                          WIDTH="106"
                          VPOS="1248"
                          HPOS="321"
                          CONTENT="dicit"/>
                  <SP HEIGHT="36" WIDTH="12" VPOS="1248" HPOS="427"/>
                  <String HEIGHT="36" WIDTH="83" VPOS="1248" HPOS="392" CONTENT="non"/>
                  <SP HEIGHT="36" WIDTH="12" VPOS="1248" HPOS="475"/>
                  <String HEIGHT="36"
                          WIDTH="118"
                          VPOS="1248"
                          HPOS="439"
                          CONTENT="aufert"/>
                  <SP HEIGHT="36" WIDTH="12" VPOS="1248" HPOS="557"/>
                  <String HEIGHT="36"
                          WIDTH="153"
                          VPOS="1248"
                          HPOS="522"
                          CONTENT="voluntati"/>
                  <SP HEIGHT="36" WIDTH="12" VPOS="1248" HPOS="675"/>
                  <String HEIGHT="36"
                          WIDTH="165"
                          VPOS="1248"
                          HPOS="640"
                          CONTENT="potestatem"/>
                  <SP HEIGHT="36" WIDTH="12" VPOS="1248" HPOS="805"/>
                  <String HEIGHT="36"
                          WIDTH="165"
                          VPOS="1248"
                          HPOS="758"
                          CONTENT="perseueranm"
                          SUBS_TYPE="HypPart1"
                          SUBS_CONTENT="perseueranmdi"/>
                  <HYP CONTENT="-"/>
               </TextLine>
               <TextLine ID="r1l79"
                         BASELINE="1306"
                         HEIGHT="33"
                         WIDTH="609"
                         VPOS="1273"
                         HPOS="323">
                  <String HEIGHT="33"
                          WIDTH="70"
                          VPOS="1273"
                          HPOS="311"
                          CONTENT="di"
                          SUBS_TYPE="HypPart2"
                          SUBS_CONTENT="perseueranmdi"/>
                  <SP HEIGHT="33" WIDTH="12" VPOS="1273" HPOS="382"/>
                  <String HEIGHT="33" WIDTH="70" VPOS="1273" HPOS="346" CONTENT="in"/>
                  <SP HEIGHT="33" WIDTH="12" VPOS="1273" HPOS="417"/>
                  <String HEIGHT="33"
                          WIDTH="187"
                          VPOS="1273"
                          HPOS="382"
                          CONTENT="rectitudine."/>
                  <SP HEIGHT="33" WIDTH="12" VPOS="1273" HPOS="569"/>
                  <String HEIGHT="33" WIDTH="59" VPOS="1273" HPOS="534" CONTENT="⁋"/>
                  <SP HEIGHT="33" WIDTH="12" VPOS="1273" HPOS="592"/>
                  <String HEIGHT="33" WIDTH="70" VPOS="1273" HPOS="557" CONTENT="Ex"/>
                  <SP HEIGHT="33" WIDTH="12" VPOS="1273" HPOS="628"/>
                  <String HEIGHT="33"
                          WIDTH="117"
                          VPOS="1273"
                          HPOS="592"
                          CONTENT="quibus"/>
                  <SP HEIGHT="33" WIDTH="12" VPOS="1273" HPOS="709"/>
                  <String HEIGHT="33"
                          WIDTH="129"
                          VPOS="1273"
                          HPOS="674"
                          CONTENT="videtur"/>
                  <SP HEIGHT="33" WIDTH="12" VPOS="1273" HPOS="803"/>
                  <String HEIGHT="33"
                          WIDTH="94"
                          VPOS="1273"
                          HPOS="768"
                          CONTENT="quod"/>
                  <SP HEIGHT="33" WIDTH="12" VPOS="1273" HPOS="862"/>
                  <String HEIGHT="33"
                          WIDTH="117"
                          VPOS="1273"
                          HPOS="815"
                          CONTENT="voluntas"/>
               </TextLine>
               <TextLine ID="r1l81"
                         BASELINE="1336"
                         HEIGHT="35"
                         WIDTH="606"
                         VPOS="1301"
                         HPOS="321">
                  <String HEIGHT="35"
                          WIDTH="140"
                          VPOS="1301"
                          HPOS="309"
                          CONTENT="respectu"/>
                  <SP HEIGHT="35" WIDTH="12" VPOS="1301" HPOS="449"/>
                  <String HEIGHT="35"
                          WIDTH="175"
                          VPOS="1301"
                          HPOS="414"
                          CONTENT="affectionis"/>
                  <SP HEIGHT="35" WIDTH="12" VPOS="1301" HPOS="589"/>
                  <String HEIGHT="35"
                          WIDTH="140"
                          VPOS="1301"
                          HPOS="554"
                          CONTENT="iusticie"/>
                  <SP HEIGHT="35" WIDTH="12" VPOS="1301" HPOS="694"/>
                  <String HEIGHT="35"
                          WIDTH="105"
                          VPOS="1301"
                          HPOS="659"
                          CONTENT="etiam"/>
                  <SP HEIGHT="35" WIDTH="12" VPOS="1301" HPOS="764"/>
                  <String HEIGHT="35"
                          WIDTH="128"
                          VPOS="1301"
                          HPOS="729"
                          CONTENT="patitur"/>
                  <SP HEIGHT="35" WIDTH="12" VPOS="1301" HPOS="857"/>
                  <String HEIGHT="35"
                          WIDTH="117"
                          VPOS="1301"
                          HPOS="810"
                          CONTENT="difficul"/>
               </TextLine>
               <TextLine ID="r1l83"
                         BASELINE="1367"
                         HEIGHT="32"
                         WIDTH="611"
                         VPOS="1335"
                         HPOS="320">
                  <String HEIGHT="32"
                          WIDTH="136"
                          VPOS="1335"
                          HPOS="306"
                          CONTENT="tatem."/>
                  <SP HEIGHT="32" WIDTH="14" VPOS="1335" HPOS="442"/>
                  <String HEIGHT="32" WIDTH="68" VPOS="1335" HPOS="401" CONTENT="⁋"/>
                  <SP HEIGHT="32" WIDTH="14" VPOS="1335" HPOS="469"/>
                  <String HEIGHT="32"
                          WIDTH="136"
                          VPOS="1335"
                          HPOS="429"
                          CONTENT="Quarto"/>
                  <SP HEIGHT="32" WIDTH="14" VPOS="1335" HPOS="564"/>
                  <String HEIGHT="32"
                          WIDTH="163"
                          VPOS="1335"
                          HPOS="524"
                          CONTENT="probatur"/>
                  <SP HEIGHT="32" WIDTH="14" VPOS="1335" HPOS="687"/>
                  <String HEIGHT="32"
                          WIDTH="149"
                          VPOS="1335"
                          HPOS="646"
                          CONTENT="ratione"/>
                  <SP HEIGHT="32" WIDTH="14" VPOS="1335" HPOS="795"/>
                  <String HEIGHT="32"
                          WIDTH="109"
                          VPOS="1335"
                          HPOS="754"
                          CONTENT="omne"/>
                  <SP HEIGHT="32" WIDTH="14" VPOS="1335" HPOS="863"/>
                  <String HEIGHT="32"
                          WIDTH="122"
                          VPOS="1335"
                          HPOS="809"
                          CONTENT="mouenus"/>
               </TextLine>
               <TextLine ID="r1l85"
                         BASELINE="1389"
                         HEIGHT="30"
                         WIDTH="603"
                         VPOS="1359"
                         HPOS="326">
                  <String HEIGHT="30"
                          WIDTH="88"
                          VPOS="1359"
                          HPOS="315"
                          CONTENT="quod"/>
                  <SP HEIGHT="30" WIDTH="11" VPOS="1359" HPOS="403"/>
                  <String HEIGHT="30" WIDTH="66" VPOS="1359" HPOS="370" CONTENT="in"/>
                  <SP HEIGHT="30" WIDTH="11" VPOS="1359" HPOS="436"/>
                  <String HEIGHT="30"
                          WIDTH="99"
                          VPOS="1359"
                          HPOS="403"
                          CONTENT="uenit"/>
                  <SP HEIGHT="30" WIDTH="11" VPOS="1359" HPOS="501"/>
                  <String HEIGHT="30" WIDTH="66" VPOS="1359" HPOS="469" CONTENT="in"/>
                  <SP HEIGHT="30" WIDTH="11" VPOS="1359" HPOS="534"/>
                  <String HEIGHT="30"
                          WIDTH="99"
                          VPOS="1359"
                          HPOS="501"
                          CONTENT="passo"/>
                  <SP HEIGHT="30" WIDTH="11" VPOS="1359" HPOS="600"/>
                  <String HEIGHT="30"
                          WIDTH="175"
                          VPOS="1359"
                          HPOS="567"
                          CONTENT="resistentiam"/>
                  <SP HEIGHT="30" WIDTH="11" VPOS="1359" HPOS="743"/>
                  <String HEIGHT="30"
                          WIDTH="164"
                          VPOS="1359"
                          HPOS="710"
                          CONTENT="impedientem"/>
                  <SP HEIGHT="30" WIDTH="11" VPOS="1359" HPOS="874"/>
                  <String HEIGHT="30" WIDTH="55" VPOS="1359" HPOS="841" CONTENT="a"/>
                  <SP HEIGHT="30" WIDTH="11" VPOS="1359" HPOS="896"/>
                  <String HEIGHT="30"
                          WIDTH="77"
                          VPOS="1359"
                          HPOS="852"
                          CONTENT="velo"
                          SUBS_TYPE="HypPart1"
                          SUBS_CONTENT="velocitate"/>
                  <HYP CONTENT="-"/>
               </TextLine>
               <TextLine ID="line_1609295371947_1176"
                         BASELINE="1425"
                         HEIGHT="38"
                         WIDTH="613"
                         VPOS="1387"
                         HPOS="321">
                  <String HEIGHT="38"
                          WIDTH="118"
                          VPOS="1387"
                          HPOS="309"
                          CONTENT="citate"
                          SUBS_TYPE="HypPart2"
                          SUBS_CONTENT="velocitate"/>
                  <SP HEIGHT="38" WIDTH="12" VPOS="1387" HPOS="427"/>
                  <String HEIGHT="38" WIDTH="83" VPOS="1387" HPOS="392" CONTENT="vel"/>
                  <SP HEIGHT="38" WIDTH="12" VPOS="1387" HPOS="474"/>
                  <String HEIGHT="38" WIDTH="71" VPOS="1387" HPOS="439" CONTENT="ab"/>
                  <SP HEIGHT="38" WIDTH="12" VPOS="1387" HPOS="510"/>
                  <String HEIGHT="38"
                          WIDTH="153"
                          VPOS="1387"
                          HPOS="474"
                          CONTENT="efficacia"/>
                  <SP HEIGHT="38" WIDTH="12" VPOS="1387" HPOS="628"/>
                  <String HEIGHT="38"
                          WIDTH="118"
                          VPOS="1387"
                          HPOS="592"
                          CONTENT="agendi"/>
                  <SP HEIGHT="38" WIDTH="12" VPOS="1387" HPOS="710"/>
                  <String HEIGHT="38" WIDTH="83" VPOS="1387" HPOS="675" CONTENT="hoc"/>
                  <SP HEIGHT="38" WIDTH="12" VPOS="1387" HPOS="757"/>
                  <String HEIGHT="38"
                          WIDTH="200"
                          VPOS="1387"
                          HPOS="722"
                          CONTENT="difficultatur"/>
                  <SP HEIGHT="38" WIDTH="12" VPOS="1387" HPOS="922"/>
                  <String HEIGHT="38" WIDTH="71" VPOS="1387" HPOS="887" CONTENT="in"/>
                  <SP HEIGHT="38" WIDTH="12" VPOS="1387" HPOS="958"/>
                  <String HEIGHT="38" WIDTH="24" VPOS="1387" HPOS="910" CONTENT=""/>
               </TextLine>
               <TextLine ID="r1l90"
                         BASELINE="1445"
                         HEIGHT="34"
                         WIDTH="619"
                         VPOS="1411"
                         HPOS="318">
                  <String HEIGHT="34"
                          WIDTH="148"
                          VPOS="1411"
                          HPOS="305"
                          CONTENT="mouendo"/>
                  <SP HEIGHT="34" WIDTH="13" VPOS="1411" HPOS="453"/>
                  <String HEIGHT="34" WIDTH="94" VPOS="1411" HPOS="412" CONTENT="sed"/>
                  <SP HEIGHT="34" WIDTH="13" VPOS="1411" HPOS="506"/>
                  <String HEIGHT="34" WIDTH="94" VPOS="1411" HPOS="466" CONTENT="sic"/>
                  <SP HEIGHT="34" WIDTH="13" VPOS="1411" HPOS="560"/>
                  <String HEIGHT="34"
                          WIDTH="161"
                          VPOS="1411"
                          HPOS="520"
                          CONTENT="voluntas"/>
                  <SP HEIGHT="34" WIDTH="13" VPOS="1411" HPOS="681"/>
                  <String HEIGHT="34"
                          WIDTH="175"
                          VPOS="1411"
                          HPOS="641"
                          CONTENT="impeditur"/>
                  <SP HEIGHT="34" WIDTH="13" VPOS="1411" HPOS="816"/>
                  <String HEIGHT="34" WIDTH="81" VPOS="1411" HPOS="776" CONTENT="ab"/>
                  <SP HEIGHT="34" WIDTH="13" VPOS="1411" HPOS="856"/>
                  <String HEIGHT="34"
                          WIDTH="135"
                          VPOS="1411"
                          HPOS="802"
                          CONTENT="appetitu"/>
               </TextLine>
               <TextLine ID="r1l92"
                         BASELINE="1476"
                         HEIGHT="32"
                         WIDTH="599"
                         VPOS="1444"
                         HPOS="329">
                  <String HEIGHT="32"
                          WIDTH="150"
                          VPOS="1444"
                          HPOS="317"
                          CONTENT="sensitiuo"/>
                  <SP HEIGHT="32" WIDTH="12" VPOS="1444" HPOS="467"/>
                  <String HEIGHT="32" WIDTH="69" VPOS="1444" HPOS="433" CONTENT="et"/>
                  <SP HEIGHT="32" WIDTH="12" VPOS="1444" HPOS="502"/>
                  <String HEIGHT="32"
                          WIDTH="138"
                          VPOS="1444"
                          HPOS="467"
                          CONTENT="naturali"/>
                  <SP HEIGHT="32" WIDTH="12" VPOS="1444" HPOS="605"/>
                  <String HEIGHT="32"
                          WIDTH="161"
                          VPOS="1444"
                          HPOS="571"
                          CONTENT="affectione"/>
                  <SP HEIGHT="32" WIDTH="12" VPOS="1444" HPOS="732"/>
                  <String HEIGHT="32"
                          WIDTH="127"
                          VPOS="1444"
                          HPOS="698"
                          CONTENT="commodi"/>
                  <SP HEIGHT="32" WIDTH="12" VPOS="1444" HPOS="824"/>
                  <String HEIGHT="32"
                          WIDTH="104"
                          VPOS="1444"
                          HPOS="790"
                          CONTENT="etiam"/>
                  <SP HEIGHT="32" WIDTH="12" VPOS="1444" HPOS="893"/>
                  <String HEIGHT="32"
                          WIDTH="81"
                          VPOS="1444"
                          HPOS="847"
                          CONTENT="respe"/>
               </TextLine>
               <TextLine ID="r1l95"
                         BASELINE="1505"
                         HEIGHT="37"
                         WIDTH="601"
                         VPOS="1468"
                         HPOS="329">
                  <String HEIGHT="37" WIDTH="76" VPOS="1468" HPOS="318" CONTENT="ctu"/>
                  <SP HEIGHT="37" WIDTH="11" VPOS="1468" HPOS="395"/>
                  <String HEIGHT="37"
                          WIDTH="153"
                          VPOS="1468"
                          HPOS="362"
                          CONTENT="volitionum"/>
                  <SP HEIGHT="37" WIDTH="11" VPOS="1468" HPOS="515"/>
                  <String HEIGHT="37"
                          WIDTH="153"
                          VPOS="1468"
                          HPOS="482"
                          CONTENT="sequentium"/>
                  <SP HEIGHT="37" WIDTH="11" VPOS="1468" HPOS="635"/>
                  <String HEIGHT="37"
                          WIDTH="131"
                          VPOS="1468"
                          HPOS="602"
                          CONTENT="rationis"/>
                  <SP HEIGHT="37" WIDTH="11" VPOS="1468" HPOS="733"/>
                  <String HEIGHT="37"
                          WIDTH="109"
                          VPOS="1468"
                          HPOS="701"
                          CONTENT="igitur"/>
                  <SP HEIGHT="37" WIDTH="11" VPOS="1468" HPOS="810"/>
                  <String HEIGHT="37"
                          WIDTH="164"
                          VPOS="1468"
                          HPOS="766"
                          CONTENT="difficultatur"/>
               </TextLine>
               <TextLine ID="r1l98"
                         BASELINE="1530"
                         HEIGHT="34"
                         WIDTH="600"
                         VPOS="1496"
                         HPOS="326">
                  <String HEIGHT="34" WIDTH="84" VPOS="1496" HPOS="314" CONTENT="non"/>
                  <SP HEIGHT="34" WIDTH="12" VPOS="1496" HPOS="398"/>
                  <String HEIGHT="34"
                          WIDTH="108"
                          VPOS="1496"
                          HPOS="362"
                          CONTENT="solum"/>
                  <SP HEIGHT="34" WIDTH="12" VPOS="1496" HPOS="470"/>
                  <String HEIGHT="34" WIDTH="72" VPOS="1496" HPOS="434" CONTENT="in"/>
                  <SP HEIGHT="34" WIDTH="12" VPOS="1496" HPOS="506"/>
                  <String HEIGHT="34"
                          WIDTH="168"
                          VPOS="1496"
                          HPOS="470"
                          CONTENT="reprimendo"/>
                  <SP HEIGHT="34" WIDTH="12" VPOS="1496" HPOS="638"/>
                  <String HEIGHT="34"
                          WIDTH="108"
                          VPOS="1496"
                          HPOS="602"
                          CONTENT="motus"/>
                  <SP HEIGHT="34" WIDTH="12" VPOS="1496" HPOS="710"/>
                  <String HEIGHT="34"
                          WIDTH="180"
                          VPOS="1496"
                          HPOS="674"
                          CONTENT="sensationis"/>
                  <SP HEIGHT="34" WIDTH="12" VPOS="1496" HPOS="854"/>
                  <String HEIGHT="34" WIDTH="84" VPOS="1496" HPOS="818" CONTENT="sed"/>
                  <SP HEIGHT="34" WIDTH="12" VPOS="1496" HPOS="902"/>
                  <String HEIGHT="34"
                          WIDTH="72"
                          VPOS="1496"
                          HPOS="854"
                          CONTENT="eti"
                          SUBS_TYPE="HypPart1"
                          SUBS_CONTENT="etiam"/>
                  <HYP CONTENT="-"/>
               </TextLine>
               <TextLine ID="r1l100"
                         BASELINE="1569"
                         HEIGHT="43"
                         WIDTH="609"
                         VPOS="1526"
                         HPOS="325">
                  <String HEIGHT="43"
                          WIDTH="70"
                          VPOS="1526"
                          HPOS="313"
                          CONTENT="am"
                          SUBS_TYPE="HypPart2"
                          SUBS_CONTENT="etiam"/>
                  <SP HEIGHT="43" WIDTH="12" VPOS="1526" HPOS="384"/>
                  <String HEIGHT="43" WIDTH="70" VPOS="1526" HPOS="348" CONTENT="in"/>
                  <SP HEIGHT="43" WIDTH="12" VPOS="1526" HPOS="419"/>
                  <String HEIGHT="43"
                          WIDTH="152"
                          VPOS="1526"
                          HPOS="384"
                          CONTENT="eliciendo"/>
                  <SP HEIGHT="43" WIDTH="12" VPOS="1526" HPOS="536"/>
                  <String HEIGHT="43"
                          WIDTH="105"
                          VPOS="1526"
                          HPOS="501"
                          CONTENT="actus"/>
                  <SP HEIGHT="43" WIDTH="12" VPOS="1526" HPOS="606"/>
                  <String HEIGHT="43"
                          WIDTH="211"
                          VPOS="1526"
                          HPOS="571"
                          CONTENT="deliberationis"/>
                  <SP HEIGHT="43" WIDTH="12" VPOS="1526" HPOS="782"/>
                  <String HEIGHT="43"
                          WIDTH="94"
                          VPOS="1526"
                          HPOS="747"
                          CONTENT="quos"/>
                  <SP HEIGHT="43" WIDTH="12" VPOS="1526" HPOS="840"/>
                  <String HEIGHT="43" WIDTH="82" VPOS="1526" HPOS="805" CONTENT="non"/>
                  <SP HEIGHT="43" WIDTH="12" VPOS="1526" HPOS="887"/>
                  <String HEIGHT="43" WIDTH="82" VPOS="1526" HPOS="852" CONTENT="ita"/>
                  <SP HEIGHT="43" WIDTH="12" VPOS="1526" HPOS="934"/>
                  <String HEIGHT="43" WIDTH="47" VPOS="1526" HPOS="887" CONTENT="in"/>
               </TextLine>
               <TextLine ID="r1l102"
                         BASELINE="1589"
                         HEIGHT="30"
                         WIDTH="597"
                         VPOS="1559"
                         HPOS="331">
                  <String HEIGHT="30"
                          WIDTH="107"
                          VPOS="1559"
                          HPOS="319"
                          CONTENT="tense"/>
                  <SP HEIGHT="30" WIDTH="12" VPOS="1559" HPOS="427"/>
                  <String HEIGHT="30" WIDTH="84" VPOS="1559" HPOS="391" CONTENT="nec"/>
                  <SP HEIGHT="30" WIDTH="12" VPOS="1559" HPOS="474"/>
                  <String HEIGHT="30" WIDTH="84" VPOS="1559" HPOS="438" CONTENT="ita"/>
                  <SP HEIGHT="30" WIDTH="12" VPOS="1559" HPOS="522"/>
                  <String HEIGHT="30"
                          WIDTH="155"
                          VPOS="1559"
                          HPOS="486"
                          CONTENT="celeriter"/>
                  <SP HEIGHT="30" WIDTH="12" VPOS="1559" HPOS="641"/>
                  <String HEIGHT="30"
                          WIDTH="107"
                          VPOS="1559"
                          HPOS="606"
                          CONTENT="valet"/>
                  <SP HEIGHT="30" WIDTH="12" VPOS="1559" HPOS="713"/>
                  <String HEIGHT="30"
                          WIDTH="131"
                          VPOS="1559"
                          HPOS="677"
                          CONTENT="causare"/>
                  <SP HEIGHT="30" WIDTH="12" VPOS="1559" HPOS="809"/>
                  <String HEIGHT="30"
                          WIDTH="119"
                          VPOS="1559"
                          HPOS="773"
                          CONTENT="stante"/>
                  <SP HEIGHT="30" WIDTH="12" VPOS="1559" HPOS="892"/>
                  <String HEIGHT="30"
                          WIDTH="84"
                          VPOS="1559"
                          HPOS="844"
                          CONTENT="appe"
                          SUBS_TYPE="HypPart1"
                          SUBS_CONTENT="appetitu"/>
                  <HYP CONTENT="-"/>
               </TextLine>
               <TextLine ID="r1l104"
                         BASELINE="1625"
                         HEIGHT="39"
                         WIDTH="601"
                         VPOS="1586"
                         HPOS="325">
                  <String HEIGHT="39"
                          WIDTH="96"
                          VPOS="1586"
                          HPOS="313"
                          CONTENT="titu"
                          SUBS_TYPE="HypPart2"
                          SUBS_CONTENT="appetitu"/>
                  <SP HEIGHT="39" WIDTH="12" VPOS="1586" HPOS="409"/>
                  <String HEIGHT="39"
                          WIDTH="156"
                          VPOS="1586"
                          HPOS="373"
                          CONTENT="sensitiuo"/>
                  <SP HEIGHT="39" WIDTH="12" VPOS="1586" HPOS="529"/>
                  <String HEIGHT="39"
                          WIDTH="168"
                          VPOS="1586"
                          HPOS="493"
                          CONTENT="inclinante"/>
                  <SP HEIGHT="39" WIDTH="12" VPOS="1586" HPOS="662"/>
                  <String HEIGHT="39" WIDTH="72" VPOS="1586" HPOS="626" CONTENT="ad"/>
                  <SP HEIGHT="39" WIDTH="12" VPOS="1586" HPOS="698"/>
                  <String HEIGHT="39"
                          WIDTH="168"
                          VPOS="1586"
                          HPOS="662"
                          CONTENT="contrarium"/>
                  <SP HEIGHT="39" WIDTH="12" VPOS="1586" HPOS="830"/>
                  <String HEIGHT="39"
                          WIDTH="108"
                          VPOS="1586"
                          HPOS="794"
                          CONTENT="sicut"/>
                  <SP HEIGHT="39" WIDTH="12" VPOS="1586" HPOS="902"/>
                  <String HEIGHT="39"
                          WIDTH="72"
                          VPOS="1586"
                          HPOS="854"
                          CONTENT="fine"/>
               </TextLine>
               <TextLine ID="r1l106"
                         BASELINE="1645"
                         HEIGHT="32"
                         WIDTH="599"
                         VPOS="1613"
                         HPOS="325">
                  <String HEIGHT="32"
                          WIDTH="95"
                          VPOS="1613"
                          HPOS="314"
                          CONTENT="illo."/>
                  <SP HEIGHT="32" WIDTH="11" VPOS="1613" HPOS="409"/>
                  <String HEIGHT="32"
                          WIDTH="84"
                          VPOS="1613"
                          HPOS="378"
                          CONTENT="Item"/>
                  <SP HEIGHT="32" WIDTH="11" VPOS="1613" HPOS="462"/>
                  <String HEIGHT="32"
                          WIDTH="84"
                          VPOS="1613"
                          HPOS="430"
                          CONTENT="tunc"/>
                  <SP HEIGHT="32" WIDTH="11" VPOS="1613" HPOS="514"/>
                  <String HEIGHT="32"
                          WIDTH="105"
                          VPOS="1613"
                          HPOS="483"
                          CONTENT="stabit"/>
                  <SP HEIGHT="32" WIDTH="11" VPOS="1613" HPOS="588"/>
                  <String HEIGHT="32"
                          WIDTH="95"
                          VPOS="1613"
                          HPOS="556"
                          CONTENT="prima"/>
                  <SP HEIGHT="32" WIDTH="11" VPOS="1613" HPOS="651"/>
                  <String HEIGHT="32"
                          WIDTH="95"
                          VPOS="1613"
                          HPOS="619"
                          CONTENT="forma"/>
                  <SP HEIGHT="32" WIDTH="11" VPOS="1613" HPOS="714"/>
                  <String HEIGHT="32"
                          WIDTH="126"
                          VPOS="1613"
                          HPOS="682"
                          CONTENT="scilicet"/>
                  <SP HEIGHT="32" WIDTH="11" VPOS="1613" HPOS="808"/>
                  <String HEIGHT="32"
                          WIDTH="84"
                          VPOS="1613"
                          HPOS="777"
                          CONTENT="quod"/>
                  <SP HEIGHT="32" WIDTH="11" VPOS="1613" HPOS="861"/>
                  <String HEIGHT="32" WIDTH="74" VPOS="1613" HPOS="829" CONTENT="tam"/>
                  <SP HEIGHT="32" WIDTH="11" VPOS="1613" HPOS="903"/>
                  <String HEIGHT="32"
                          WIDTH="63"
                          VPOS="1613"
                          HPOS="861"
                          CONTENT="gra"
                          SUBS_TYPE="HypPart1"
                          SUBS_CONTENT="graues"/>
                  <HYP CONTENT="-"/>
               </TextLine>
               <TextLine ID="r1l108"
                         BASELINE="1674"
                         HEIGHT="30"
                         WIDTH="591"
                         VPOS="1644"
                         HPOS="331">
                  <String HEIGHT="30"
                          WIDTH="80"
                          VPOS="1644"
                          HPOS="320"
                          CONTENT="ues"
                          SUBS_TYPE="HypPart2"
                          SUBS_CONTENT="graues"/>
                  <SP HEIGHT="30" WIDTH="11" VPOS="1644" HPOS="399"/>
                  <String HEIGHT="30"
                          WIDTH="148"
                          VPOS="1644"
                          HPOS="365"
                          CONTENT="passiones"/>
                  <SP HEIGHT="30" WIDTH="11" VPOS="1644" HPOS="513"/>
                  <String HEIGHT="30"
                          WIDTH="125"
                          VPOS="1644"
                          HPOS="479"
                          CONTENT="possent"/>
                  <SP HEIGHT="30" WIDTH="11" VPOS="1644" HPOS="604"/>
                  <String HEIGHT="30"
                          WIDTH="148"
                          VPOS="1644"
                          HPOS="570"
                          CONTENT="insurgere"/>
                  <SP HEIGHT="30" WIDTH="11" VPOS="1644" HPOS="717"/>
                  <String HEIGHT="30"
                          WIDTH="91"
                          VPOS="1644"
                          HPOS="683"
                          CONTENT="quod"/>
                  <SP HEIGHT="30" WIDTH="11" VPOS="1644" HPOS="774"/>
                  <String HEIGHT="30"
                          WIDTH="148"
                          VPOS="1644"
                          HPOS="740"
                          CONTENT="totaliter"/>
                  <SP HEIGHT="30" WIDTH="11" VPOS="1644" HPOS="888"/>
                  <String HEIGHT="30"
                          WIDTH="80"
                          VPOS="1644"
                          HPOS="842"
                          CONTENT="volun"/>
               </TextLine>
               <TextLine ID="r1l110"
                         BASELINE="1707"
                         HEIGHT="38"
                         WIDTH="596"
                         VPOS="1669"
                         HPOS="331">
                  <String HEIGHT="38"
                          WIDTH="122"
                          VPOS="1669"
                          HPOS="317"
                          CONTENT="tatem"/>
                  <SP HEIGHT="38" WIDTH="14" VPOS="1669" HPOS="439"/>
                  <String HEIGHT="38"
                          WIDTH="203"
                          VPOS="1669"
                          HPOS="399"
                          CONTENT="impedirent."/>
                  <SP HEIGHT="38" WIDTH="14" VPOS="1669" HPOS="602"/>
                  <String HEIGHT="38" WIDTH="68" VPOS="1669" HPOS="561" CONTENT="⁋"/>
                  <SP HEIGHT="38" WIDTH="14" VPOS="1669" HPOS="629"/>
                  <String HEIGHT="38"
                          WIDTH="122"
                          VPOS="1669"
                          HPOS="588"
                          CONTENT="Quero"/>
                  <SP HEIGHT="38" WIDTH="14" VPOS="1669" HPOS="710"/>
                  <String HEIGHT="38"
                          WIDTH="122"
                          VPOS="1669"
                          HPOS="670"
                          CONTENT="quare"/>
                  <SP HEIGHT="38" WIDTH="14" VPOS="1669" HPOS="792"/>
                  <String HEIGHT="38"
                          WIDTH="122"
                          VPOS="1669"
                          HPOS="751"
                          CONTENT="dicas"/>
                  <SP HEIGHT="38" WIDTH="14" VPOS="1669" HPOS="873"/>
                  <String HEIGHT="38"
                          WIDTH="108"
                          VPOS="1669"
                          HPOS="819"
                          CONTENT="volun"
                          SUBS_TYPE="HypPart1"
                          SUBS_CONTENT="voluntatem"/>
                  <HYP CONTENT="-"/>
               </TextLine>
               <TextLine ID="r1l112"
                         BASELINE="1739"
                         HEIGHT="44"
                         WIDTH="610"
                         VPOS="1695"
                         HPOS="324">
                  <String HEIGHT="44"
                          WIDTH="117"
                          VPOS="1695"
                          HPOS="311"
                          CONTENT="tatem"
                          SUBS_TYPE="HypPart2"
                          SUBS_CONTENT="voluntatem"/>
                  <SP HEIGHT="44" WIDTH="13" VPOS="1695" HPOS="428"/>
                  <String HEIGHT="44"
                          WIDTH="208"
                          VPOS="1695"
                          HPOS="389"
                          CONTENT="difficultari"/>
                  <SP HEIGHT="44" WIDTH="13" VPOS="1695" HPOS="597"/>
                  <String HEIGHT="44" WIDTH="78" VPOS="1695" HPOS="558" CONTENT="in"/>
                  <SP HEIGHT="44" WIDTH="13" VPOS="1695" HPOS="635"/>
                  <String HEIGHT="44"
                          WIDTH="182"
                          VPOS="1695"
                          HPOS="597"
                          CONTENT="reprimendo"/>
                  <SP HEIGHT="44" WIDTH="13" VPOS="1695" HPOS="778"/>
                  <String HEIGHT="44"
                          WIDTH="117"
                          VPOS="1695"
                          HPOS="739"
                          CONTENT="motus"/>
                  <SP HEIGHT="44" WIDTH="13" VPOS="1695" HPOS="856"/>
                  <String HEIGHT="44"
                          WIDTH="130"
                          VPOS="1695"
                          HPOS="804"
                          CONTENT="sensatio"/>
               </TextLine>
               <TextLine ID="r1l114"
                         BASELINE="1763"
                         HEIGHT="34"
                         WIDTH="608"
                         VPOS="1729"
                         HPOS="325">
                  <String HEIGHT="34" WIDTH="82" VPOS="1729" HPOS="313" CONTENT="nis"/>
                  <SP HEIGHT="34" WIDTH="12" VPOS="1729" HPOS="395"/>
                  <String HEIGHT="34" WIDTH="82" VPOS="1729" HPOS="360" CONTENT="aut"/>
                  <SP HEIGHT="34" WIDTH="12" VPOS="1729" HPOS="442"/>
                  <String HEIGHT="34"
                          WIDTH="94"
                          VPOS="1729"
                          HPOS="407"
                          CONTENT="quia"/>
                  <SP HEIGHT="34" WIDTH="12" VPOS="1729" HPOS="500"/>
                  <String HEIGHT="34" WIDTH="82" VPOS="1729" HPOS="465" CONTENT="non"/>
                  <SP HEIGHT="34" WIDTH="12" VPOS="1729" HPOS="547"/>
                  <String HEIGHT="34"
                          WIDTH="117"
                          VPOS="1729"
                          HPOS="512"
                          CONTENT="potest"/>
                  <SP HEIGHT="34" WIDTH="12" VPOS="1729" HPOS="629"/>
                  <String HEIGHT="34"
                          WIDTH="117"
                          VPOS="1729"
                          HPOS="594"
                          CONTENT="subito"/>
                  <SP HEIGHT="34" WIDTH="12" VPOS="1729" HPOS="711"/>
                  <String HEIGHT="34" WIDTH="82" VPOS="1729" HPOS="676" CONTENT="eos"/>
                  <SP HEIGHT="34" WIDTH="12" VPOS="1729" HPOS="758"/>
                  <String HEIGHT="34"
                          WIDTH="129"
                          VPOS="1729"
                          HPOS="723"
                          CONTENT="tollere"/>
                  <SP HEIGHT="34" WIDTH="12" VPOS="1729" HPOS="851"/>
                  <String HEIGHT="34" WIDTH="70" VPOS="1729" HPOS="816" CONTENT="et"/>
                  <SP HEIGHT="34" WIDTH="12" VPOS="1729" HPOS="886"/>
                  <String HEIGHT="34" WIDTH="70" VPOS="1729" HPOS="851" CONTENT="ex"/>
                  <SP HEIGHT="34" WIDTH="12" VPOS="1729" HPOS="921"/>
                  <String HEIGHT="34" WIDTH="58" VPOS="1729" HPOS="875" CONTENT="hoc"/>
               </TextLine>
               <TextLine ID="r1l116"
                         BASELINE="1783"
                         HEIGHT="30"
                         WIDTH="596"
                         VPOS="1753"
                         HPOS="332">
                  <String HEIGHT="30"
                          WIDTH="143"
                          VPOS="1753"
                          HPOS="320"
                          CONTENT="sequitur"/>
                  <SP HEIGHT="30" WIDTH="12" VPOS="1753" HPOS="463"/>
                  <String HEIGHT="30"
                          WIDTH="167"
                          VPOS="1753"
                          HPOS="427"
                          CONTENT="propositum"/>
                  <SP HEIGHT="30" WIDTH="12" VPOS="1753" HPOS="594"/>
                  <String HEIGHT="30"
                          WIDTH="95"
                          VPOS="1753"
                          HPOS="558"
                          CONTENT="quod"/>
                  <SP HEIGHT="30" WIDTH="12" VPOS="1753" HPOS="654"/>
                  <String HEIGHT="30"
                          WIDTH="107"
                          VPOS="1753"
                          HPOS="618"
                          CONTENT="actum"/>
                  <SP HEIGHT="30" WIDTH="12" VPOS="1753" HPOS="725"/>
                  <String HEIGHT="30"
                          WIDTH="119"
                          VPOS="1753"
                          HPOS="690"
                          CONTENT="summum"/>
                  <SP HEIGHT="30" WIDTH="12" VPOS="1753" HPOS="809"/>
                  <String HEIGHT="30"
                          WIDTH="95"
                          VPOS="1753"
                          HPOS="773"
                          CONTENT="tunc"/>
                  <SP HEIGHT="30" WIDTH="12" VPOS="1753" HPOS="868"/>
                  <String HEIGHT="30" WIDTH="83" VPOS="1753" HPOS="833" CONTENT="non"/>
                  <SP HEIGHT="30" WIDTH="12" VPOS="1753" HPOS="916"/>
                  <String HEIGHT="30"
                          WIDTH="60"
                          VPOS="1753"
                          HPOS="868"
                          CONTENT="po"
                          SUBS_TYPE="HypPart1"
                          SUBS_CONTENT="poterit"/>
                  <HYP CONTENT="-"/>
               </TextLine>
               <TextLine ID="r1l118"
                         BASELINE="1814"
                         HEIGHT="32"
                         WIDTH="600"
                         VPOS="1782"
                         HPOS="328">
                  <String HEIGHT="32"
                          WIDTH="104"
                          VPOS="1782"
                          HPOS="316"
                          CONTENT="terit"
                          SUBS_TYPE="HypPart2"
                          SUBS_CONTENT="poterit"/>
                  <SP HEIGHT="32" WIDTH="12" VPOS="1782" HPOS="420"/>
                  <String HEIGHT="32"
                          WIDTH="115"
                          VPOS="1782"
                          HPOS="386"
                          CONTENT="habere"/>
                  <SP HEIGHT="32" WIDTH="12" VPOS="1782" HPOS="501"/>
                  <String HEIGHT="32"
                          WIDTH="115"
                          VPOS="1782"
                          HPOS="466"
                          CONTENT="stante"/>
                  <SP HEIGHT="32" WIDTH="12" VPOS="1782" HPOS="582"/>
                  <String HEIGHT="32"
                          WIDTH="138"
                          VPOS="1782"
                          HPOS="547"
                          CONTENT="passione"/>
                  <SP HEIGHT="32" WIDTH="12" VPOS="1782" HPOS="686"/>
                  <String HEIGHT="32"
                          WIDTH="162"
                          VPOS="1782"
                          HPOS="651"
                          CONTENT="inclinante"/>
                  <SP HEIGHT="32" WIDTH="12" VPOS="1782" HPOS="813"/>
                  <String HEIGHT="32" WIDTH="69" VPOS="1782" HPOS="778" CONTENT="in"/>
                  <SP HEIGHT="32" WIDTH="12" VPOS="1782" HPOS="847"/>
                  <String HEIGHT="32"
                          WIDTH="127"
                          VPOS="1782"
                          HPOS="801"
                          CONTENT="contrari"
                          SUBS_TYPE="HypPart1"
                          SUBS_CONTENT="contrarium"/>
                  <HYP CONTENT="-"/>
               </TextLine>
               <TextLine ID="r1l120"
                         BASELINE="1849"
                         HEIGHT="39"
                         WIDTH="599"
                         VPOS="1810"
                         HPOS="334">
                  <String HEIGHT="39"
                          WIDTH="76"
                          VPOS="1810"
                          HPOS="321"
                          CONTENT="um"
                          SUBS_TYPE="HypPart2"
                          SUBS_CONTENT="contrarium"/>
                  <SP HEIGHT="39" WIDTH="13" VPOS="1810" HPOS="398"/>
                  <String HEIGHT="39" WIDTH="89" VPOS="1810" HPOS="359" CONTENT="per"/>
                  <SP HEIGHT="39" WIDTH="13" VPOS="1810" HPOS="449"/>
                  <String HEIGHT="39"
                          WIDTH="102"
                          VPOS="1810"
                          HPOS="410"
                          CONTENT="quam"/>
                  <SP HEIGHT="39" WIDTH="13" VPOS="1810" HPOS="512"/>
                  <String HEIGHT="39"
                          WIDTH="166"
                          VPOS="1810"
                          HPOS="474"
                          CONTENT="impeditur"/>
                  <SP HEIGHT="39" WIDTH="13" VPOS="1810" HPOS="640"/>
                  <String HEIGHT="39" WIDTH="76" VPOS="1810" HPOS="602" CONTENT="ab"/>
                  <SP HEIGHT="39" WIDTH="13" VPOS="1810" HPOS="678"/>
                  <String HEIGHT="39"
                          WIDTH="178"
                          VPOS="1810"
                          HPOS="640"
                          CONTENT="intentione"/>
                  <SP HEIGHT="39" WIDTH="13" VPOS="1810" HPOS="818"/>
                  <String HEIGHT="39"
                          WIDTH="115"
                          VPOS="1810"
                          HPOS="780"
                          CONTENT="actus"/>
                  <SP HEIGHT="39" WIDTH="13" VPOS="1810" HPOS="895"/>
                  <String HEIGHT="39"
                          WIDTH="89"
                          VPOS="1810"
                          HPOS="844"
                          CONTENT="volen"/>
               </TextLine>
               <TextLine ID="r1l122"
                         BASELINE="1875"
                         HEIGHT="33"
                         WIDTH="594"
                         VPOS="1842"
                         HPOS="326">
                  <String HEIGHT="33" WIDTH="73" VPOS="1842" HPOS="314" CONTENT="di"/>
                  <SP HEIGHT="33" WIDTH="12" VPOS="1842" HPOS="387"/>
                  <String HEIGHT="33" WIDTH="73" VPOS="1842" HPOS="350" CONTENT="et"/>
                  <SP HEIGHT="33" WIDTH="12" VPOS="1842" HPOS="423"/>
                  <String HEIGHT="33" WIDTH="85" VPOS="1842" HPOS="387" CONTENT="per"/>
                  <SP HEIGHT="33" WIDTH="12" VPOS="1842" HPOS="471"/>
                  <String HEIGHT="33"
                          WIDTH="170"
                          VPOS="1842"
                          HPOS="435"
                          CONTENT="consequens"/>
                  <SP HEIGHT="33" WIDTH="12" VPOS="1842" HPOS="605"/>
                  <String HEIGHT="33"
                          WIDTH="109"
                          VPOS="1842"
                          HPOS="568"
                          CONTENT="sicut"/>
                  <SP HEIGHT="33" WIDTH="12" VPOS="1842" HPOS="678"/>
                  <String HEIGHT="33"
                          WIDTH="170"
                          VPOS="1842"
                          HPOS="641"
                          CONTENT="remittetur"/>
                  <SP HEIGHT="33" WIDTH="12" VPOS="1842" HPOS="811"/>
                  <String HEIGHT="33" WIDTH="85" VPOS="1842" HPOS="775" CONTENT="vel"/>
                  <SP HEIGHT="33" WIDTH="12" VPOS="1842" HPOS="859"/>
                  <String HEIGHT="33"
                          WIDTH="109"
                          VPOS="1842"
                          HPOS="811"
                          CONTENT="reprima"/>
               </TextLine>
               <TextLine ID="r1l124"
                         BASELINE="1901"
                         HEIGHT="33"
                         WIDTH="588"
                         VPOS="1868"
                         HPOS="332">
                  <String HEIGHT="33" WIDTH="79" VPOS="1868" HPOS="321" CONTENT="tur"/>
                  <SP HEIGHT="33" WIDTH="11" VPOS="1868" HPOS="400"/>
                  <String HEIGHT="33"
                          WIDTH="147"
                          VPOS="1868"
                          HPOS="366"
                          CONTENT="appetitio"/>
                  <SP HEIGHT="33" WIDTH="11" VPOS="1868" HPOS="513"/>
                  <String HEIGHT="33"
                          WIDTH="147"
                          VPOS="1868"
                          HPOS="479"
                          CONTENT="sensualis"/>
                  <SP HEIGHT="33" WIDTH="11" VPOS="1868" HPOS="626"/>
                  <String HEIGHT="33" WIDTH="79" VPOS="1868" HPOS="592" CONTENT="vel"/>
                  <SP HEIGHT="33" WIDTH="11" VPOS="1868" HPOS="671"/>
                  <String HEIGHT="33"
                          WIDTH="113"
                          VPOS="1868"
                          HPOS="637"
                          CONTENT="passio"/>
                  <SP HEIGHT="33" WIDTH="11" VPOS="1868" HPOS="750"/>
                  <String HEIGHT="33" WIDTH="79" VPOS="1868" HPOS="716" CONTENT="ita"/>
                  <SP HEIGHT="33" WIDTH="11" VPOS="1868" HPOS="796"/>
                  <String HEIGHT="33"
                          WIDTH="158"
                          VPOS="1868"
                          HPOS="762"
                          CONTENT="successiue"/>
                  <SP HEIGHT="33" WIDTH="11" VPOS="1868" HPOS="920"/>
                  <String HEIGHT="33" WIDTH="45" VPOS="1868" HPOS="875" CONTENT="et"/>
               </TextLine>
               <TextLine ID="r1l126"
                         BASELINE="1935"
                         HEIGHT="37"
                         WIDTH="595"
                         VPOS="1898"
                         HPOS="332">
                  <String HEIGHT="37" WIDTH="85" VPOS="1898" HPOS="320" CONTENT="non"/>
                  <SP HEIGHT="37" WIDTH="12" VPOS="1898" HPOS="405"/>
                  <String HEIGHT="37"
                          WIDTH="109"
                          VPOS="1898"
                          HPOS="368"
                          CONTENT="simul"/>
                  <SP HEIGHT="37" WIDTH="12" VPOS="1898" HPOS="478"/>
                  <String HEIGHT="37"
                          WIDTH="170"
                          VPOS="1898"
                          HPOS="441"
                          CONTENT="intendetur"/>
                  <SP HEIGHT="37" WIDTH="12" VPOS="1898" HPOS="611"/>
                  <String HEIGHT="37"
                          WIDTH="134"
                          VPOS="1898"
                          HPOS="575"
                          CONTENT="volitio"/>
                  <SP HEIGHT="37" WIDTH="12" VPOS="1898" HPOS="708"/>
                  <String HEIGHT="37"
                          WIDTH="109"
                          VPOS="1898"
                          HPOS="672"
                          CONTENT="quare"/>
                  <SP HEIGHT="37" WIDTH="12" VPOS="1898" HPOS="781"/>
                  <String HEIGHT="37"
                          WIDTH="146"
                          VPOS="1898"
                          HPOS="745"
                          CONTENT="sequitur"/>
                  <SP HEIGHT="37" WIDTH="12" VPOS="1898" HPOS="891"/>
                  <String HEIGHT="37"
                          WIDTH="85"
                          VPOS="1898"
                          HPOS="842"
                          CONTENT="volun"/>
               </TextLine>
               <TextLine ID="r1l128"
                         BASELINE="1957"
                         HEIGHT="32"
                         WIDTH="593"
                         VPOS="1925"
                         HPOS="329">
                  <String HEIGHT="32"
                          WIDTH="107"
                          VPOS="1925"
                          HPOS="317"
                          CONTENT="tatem"/>
                  <SP HEIGHT="32" WIDTH="12" VPOS="1925" HPOS="424"/>
                  <String HEIGHT="32"
                          WIDTH="190"
                          VPOS="1925"
                          HPOS="388"
                          CONTENT="difficultari"/>
                  <SP HEIGHT="32" WIDTH="12" VPOS="1925" HPOS="578"/>
                  <String HEIGHT="32"
                          WIDTH="142"
                          VPOS="1925"
                          HPOS="542"
                          CONTENT="respectu"/>
                  <SP HEIGHT="32" WIDTH="12" VPOS="1925" HPOS="685"/>
                  <String HEIGHT="32"
                          WIDTH="107"
                          VPOS="1925"
                          HPOS="649"
                          CONTENT="talis"/>
                  <SP HEIGHT="32" WIDTH="12" VPOS="1925" HPOS="756"/>
                  <String HEIGHT="32"
                          WIDTH="107"
                          VPOS="1925"
                          HPOS="720"
                          CONTENT="actus"/>
                  <SP HEIGHT="32" WIDTH="12" VPOS="1925" HPOS="827"/>
                  <String HEIGHT="32" WIDTH="83" VPOS="1925" HPOS="792" CONTENT="vel"/>
                  <SP HEIGHT="32" WIDTH="12" VPOS="1925" HPOS="875"/>
                  <String HEIGHT="32" WIDTH="83" VPOS="1925" HPOS="839" CONTENT="hoc"/>
                  <SP HEIGHT="32" WIDTH="12" VPOS="1925" HPOS="922"/>
                  <String HEIGHT="32" WIDTH="47" VPOS="1925" HPOS="875" CONTENT="di"/>
               </TextLine>
               <TextLine ID="r1l130"
                         BASELINE="1986"
                         HEIGHT="31"
                         WIDTH="588"
                         VPOS="1955"
                         HPOS="332">
                  <String HEIGHT="31"
                          WIDTH="113"
                          VPOS="1955"
                          HPOS="319"
                          CONTENT="cetur"/>
                  <SP HEIGHT="31" WIDTH="13" VPOS="1955" HPOS="432"/>
                  <String HEIGHT="31"
                          WIDTH="100"
                          VPOS="1955"
                          HPOS="395"
                          CONTENT="quia"/>
                  <SP HEIGHT="31" WIDTH="13" VPOS="1955" HPOS="495"/>
                  <String HEIGHT="31"
                          WIDTH="113"
                          VPOS="1955"
                          HPOS="457"
                          CONTENT="maior"/>
                  <SP HEIGHT="31" WIDTH="13" VPOS="1955" HPOS="570"/>
                  <String HEIGHT="31" WIDTH="75" VPOS="1955" HPOS="532" CONTENT="et"/>
                  <SP HEIGHT="31" WIDTH="13" VPOS="1955" HPOS="607"/>
                  <String HEIGHT="31"
                          WIDTH="138"
                          VPOS="1955"
                          HPOS="570"
                          CONTENT="grauior"/>
                  <SP HEIGHT="31" WIDTH="13" VPOS="1955" HPOS="707"/>
                  <String HEIGHT="31"
                          WIDTH="125"
                          VPOS="1955"
                          HPOS="670"
                          CONTENT="passio"/>
                  <SP HEIGHT="31" WIDTH="13" VPOS="1955" HPOS="795"/>
                  <String HEIGHT="31"
                          WIDTH="150"
                          VPOS="1955"
                          HPOS="757"
                          CONTENT="requirit"/>
                  <SP HEIGHT="31" WIDTH="13" VPOS="1955" HPOS="907"/>
                  <String HEIGHT="31" WIDTH="63" VPOS="1955" HPOS="857" CONTENT="mai"/>
               </TextLine>
               <TextLine ID="r1l132"
                         BASELINE="2015"
                         HEIGHT="35"
                         WIDTH="605"
                         VPOS="1980"
                         HPOS="329">
                  <String HEIGHT="35"
                          WIDTH="112"
                          VPOS="1980"
                          HPOS="318"
                          CONTENT="tempus"/>
                  <SP HEIGHT="35" WIDTH="11" VPOS="1980" HPOS="430"/>
                  <String HEIGHT="35" WIDTH="78" VPOS="1980" HPOS="396" CONTENT="pro"/>
                  <SP HEIGHT="35" WIDTH="11" VPOS="1980" HPOS="475"/>
                  <String HEIGHT="35"
                          WIDTH="168"
                          VPOS="1980"
                          HPOS="441"
                          CONTENT="repressione"/>
                  <SP HEIGHT="35" WIDTH="11" VPOS="1980" HPOS="609"/>
                  <String HEIGHT="35"
                          WIDTH="90"
                          VPOS="1980"
                          HPOS="575"
                          CONTENT="quam"/>
                  <SP HEIGHT="35" WIDTH="11" VPOS="1980" HPOS="665"/>
                  <String HEIGHT="35"
                          WIDTH="101"
                          VPOS="1980"
                          HPOS="632"
                          CONTENT="minor"/>
                  <SP HEIGHT="35" WIDTH="11" VPOS="1980" HPOS="732"/>
                  <String HEIGHT="35" WIDTH="67" VPOS="1980" HPOS="699" CONTENT="et"/>
                  <SP HEIGHT="35" WIDTH="11" VPOS="1980" HPOS="766"/>
                  <String HEIGHT="35" WIDTH="67" VPOS="1980" HPOS="732" CONTENT="si"/>
                  <SP HEIGHT="35" WIDTH="11" VPOS="1980" HPOS="800"/>
                  <String HEIGHT="35" WIDTH="78" VPOS="1980" HPOS="766" CONTENT="hoc"/>
                  <SP HEIGHT="35" WIDTH="11" VPOS="1980" HPOS="844"/>
                  <String HEIGHT="35"
                          WIDTH="112"
                          VPOS="1980"
                          HPOS="811"
                          CONTENT="igitur"/>
                  <SP HEIGHT="35" WIDTH="11" VPOS="1980" HPOS="923"/>
                  <String HEIGHT="35" WIDTH="67" VPOS="1980" HPOS="889" CONTENT="in"/>
                  <SP HEIGHT="35" WIDTH="11" VPOS="1980" HPOS="956"/>
                  <String HEIGHT="35" WIDTH="22" VPOS="1980" HPOS="912" CONTENT=""/>
               </TextLine>
               <TextLine ID="r1l134"
                         BASELINE="2048"
                         HEIGHT="39"
                         WIDTH="595"
                         VPOS="2009"
                         HPOS="332">
                  <String HEIGHT="39"
                          WIDTH="121"
                          VPOS="2009"
                          HPOS="321"
                          CONTENT="tensior"/>
                  <SP HEIGHT="39" WIDTH="11" VPOS="2009" HPOS="442"/>
                  <String HEIGHT="39"
                          WIDTH="99"
                          VPOS="2009"
                          HPOS="409"
                          CONTENT="actus"/>
                  <SP HEIGHT="39" WIDTH="11" VPOS="2009" HPOS="508"/>
                  <String HEIGHT="39"
                          WIDTH="121"
                          VPOS="2009"
                          HPOS="475"
                          CONTENT="volendi"/>
                  <SP HEIGHT="39" WIDTH="11" VPOS="2009" HPOS="596"/>
                  <String HEIGHT="39"
                          WIDTH="132"
                          VPOS="2009"
                          HPOS="563"
                          CONTENT="requirit"/>
                  <SP HEIGHT="39" WIDTH="11" VPOS="2009" HPOS="696"/>
                  <String HEIGHT="39"
                          WIDTH="99"
                          VPOS="2009"
                          HPOS="663"
                          CONTENT="maius"/>
                  <SP HEIGHT="39" WIDTH="11" VPOS="2009" HPOS="762"/>
                  <String HEIGHT="39"
                          WIDTH="110"
                          VPOS="2009"
                          HPOS="729"
                          CONTENT="tempus"/>
                  <SP HEIGHT="39" WIDTH="11" VPOS="2009" HPOS="839"/>
                  <String HEIGHT="39" WIDTH="77" VPOS="2009" HPOS="806" CONTENT="pro"/>
                  <SP HEIGHT="39" WIDTH="11" VPOS="2009" HPOS="883"/>
                  <String HEIGHT="39" WIDTH="77" VPOS="2009" HPOS="850" CONTENT="sui"/>
                  <SP HEIGHT="39" WIDTH="11" VPOS="2009" HPOS="927"/>
                  <String HEIGHT="39" WIDTH="44" VPOS="2009" HPOS="883" CONTENT="au"/>
               </TextLine>
               <TextLine ID="r1l136"
                         BASELINE="2088"
                         HEIGHT="48"
                         WIDTH="606"
                         VPOS="2040"
                         HPOS="333">
                  <String HEIGHT="48"
                          WIDTH="189"
                          VPOS="2040"
                          HPOS="320"
                          CONTENT="gmentatione"/>
                  <SP HEIGHT="48" WIDTH="13" VPOS="2040" HPOS="510"/>
                  <String HEIGHT="48" WIDTH="76" VPOS="2040" HPOS="472" CONTENT="in"/>
                  <SP HEIGHT="48" WIDTH="13" VPOS="2040" HPOS="548"/>
                  <String HEIGHT="48"
                          WIDTH="164"
                          VPOS="2040"
                          HPOS="510"
                          CONTENT="presentia"/>
                  <SP HEIGHT="48" WIDTH="13" VPOS="2040" HPOS="674"/>
                  <String HEIGHT="48"
                          WIDTH="164"
                          VPOS="2040"
                          HPOS="636"
                          CONTENT="appetitus"/>
                  <SP HEIGHT="48" WIDTH="13" VPOS="2040" HPOS="800"/>
                  <String HEIGHT="48" WIDTH="76" VPOS="2040" HPOS="762" CONTENT="in"/>
                  <SP HEIGHT="48" WIDTH="13" VPOS="2040" HPOS="838"/>
                  <String HEIGHT="48"
                          WIDTH="152"
                          VPOS="2040"
                          HPOS="788"
                          CONTENT="contrarium"/>
               </TextLine>
            </TextBlock>
            <TextBlock ID="TextRegion_1609295360787_1170"
                       HEIGHT="1952"
                       WIDTH="638"
                       VPOS="133"
                       HPOS="937">
               <Shape>
                  <Polygon POINTS="937,133 1575,133 1567,928 1561,1470 1554,2085 943,2085 943,1820 938,176"/>
               </Shape>
               <TextLine ID="r1l3"
                         BASELINE="242"
                         HEIGHT="50"
                         WIDTH="599"
                         VPOS="192"
                         HPOS="958">
                  <String HEIGHT="50" WIDTH="68" VPOS="192" HPOS="947" CONTENT="et"/>
                  <SP HEIGHT="50" WIDTH="11" VPOS="192" HPOS="1015"/>
                  <String HEIGHT="50" WIDTH="79" VPOS="192" HPOS="981" CONTENT="hoc"/>
                  <SP HEIGHT="50" WIDTH="11" VPOS="192" HPOS="1060"/>
                  <String HEIGHT="50" WIDTH="79" VPOS="192" HPOS="1026" CONTENT="est"/>
                  <SP HEIGHT="50" WIDTH="11" VPOS="192" HPOS="1105"/>
                  <String HEIGHT="50"
                          WIDTH="181"
                          VPOS="192"
                          HPOS="1071"
                          CONTENT="difficultari"/>
                  <SP HEIGHT="50" WIDTH="11" VPOS="192" HPOS="1252"/>
                  <String HEIGHT="50"
                          WIDTH="113"
                          VPOS="192"
                          HPOS="1218"
                          CONTENT="igitur"/>
                  <SP HEIGHT="50" WIDTH="11" VPOS="192" HPOS="1331"/>
                  <String HEIGHT="50"
                          WIDTH="113"
                          VPOS="192"
                          HPOS="1297"
                          CONTENT="euasio"/>
                  <SP HEIGHT="50" WIDTH="11" VPOS="192" HPOS="1410"/>
                  <String HEIGHT="50"
                          WIDTH="113"
                          VPOS="192"
                          HPOS="1376"
                          CONTENT="nulla."/>
                  <SP HEIGHT="50" WIDTH="11" VPOS="192" HPOS="1489"/>
                  <String HEIGHT="50" WIDTH="57" VPOS="192" HPOS="1455" CONTENT="⁋"/>
                  <SP HEIGHT="50" WIDTH="11" VPOS="192" HPOS="1512"/>
                  <String HEIGHT="50" WIDTH="68" VPOS="192" HPOS="1478" CONTENT="Ad"/>
                  <SP HEIGHT="50" WIDTH="11" VPOS="192" HPOS="1546"/>
                  <String HEIGHT="50" WIDTH="57" VPOS="192" HPOS="1500" CONTENT="pri"/>
               </TextLine>
               <TextLine ID="r1l5"
                         BASELINE="267"
                         HEIGHT="34"
                         WIDTH="594"
                         VPOS="233"
                         HPOS="957">
                  <String HEIGHT="34" WIDTH="80" VPOS="233" HPOS="946" CONTENT="mum"/>
                  <SP HEIGHT="34" WIDTH="11" VPOS="233" HPOS="1026"/>
                  <String HEIGHT="34"
                          WIDTH="149"
                          VPOS="233"
                          HPOS="991"
                          CONTENT="respondet"/>
                  <SP HEIGHT="34" WIDTH="11" VPOS="233" HPOS="1140"/>
                  <String HEIGHT="34" WIDTH="69" VPOS="233" HPOS="1106" CONTENT="et"/>
                  <SP HEIGHT="34" WIDTH="11" VPOS="233" HPOS="1174"/>
                  <String HEIGHT="34"
                          WIDTH="91"
                          VPOS="233"
                          HPOS="1140"
                          CONTENT="bene"/>
                  <SP HEIGHT="34" WIDTH="11" VPOS="233" HPOS="1231"/>
                  <String HEIGHT="34"
                          WIDTH="91"
                          VPOS="233"
                          HPOS="1197"
                          CONTENT="vnus"/>
                  <SP HEIGHT="34" WIDTH="11" VPOS="233" HPOS="1288"/>
                  <String HEIGHT="34"
                          WIDTH="114"
                          VPOS="233"
                          HPOS="1254"
                          CONTENT="doctor"/>
                  <SP HEIGHT="34" WIDTH="11" VPOS="233" HPOS="1368"/>
                  <String HEIGHT="34" WIDTH="69" VPOS="233" HPOS="1334" CONTENT="in"/>
                  <SP HEIGHT="34" WIDTH="11" VPOS="233" HPOS="1403"/>
                  <String HEIGHT="34"
                          WIDTH="183"
                          VPOS="233"
                          HPOS="1368"
                          CONTENT="disputatione"/>
                  <SP HEIGHT="34" WIDTH="11" VPOS="233" HPOS="1551"/>
                  <String HEIGHT="34" WIDTH="46" VPOS="233" HPOS="1505" CONTENT="hy"/>
               </TextLine>
               <TextLine ID="r1l7"
                         BASELINE="292"
                         HEIGHT="32"
                         WIDTH="594"
                         VPOS="260"
                         HPOS="961">
                  <String HEIGHT="32"
                          WIDTH="130"
                          VPOS="260"
                          HPOS="950"
                          CONTENT="bernicus"/>
                  <SP HEIGHT="32" WIDTH="11" VPOS="260" HPOS="1080"/>
                  <String HEIGHT="32"
                          WIDTH="86"
                          VPOS="260"
                          HPOS="1047"
                          CONTENT="quod"/>
                  <SP HEIGHT="32" WIDTH="11" VPOS="260" HPOS="1134"/>
                  <String HEIGHT="32"
                          WIDTH="184"
                          VPOS="260"
                          HPOS="1101"
                          CONTENT="quantuncumque"/>
                  <SP HEIGHT="32" WIDTH="11" VPOS="260" HPOS="1285"/>
                  <String HEIGHT="32"
                          WIDTH="119"
                          VPOS="260"
                          HPOS="1253"
                          CONTENT="crescat"/>
                  <SP HEIGHT="32" WIDTH="11" VPOS="260" HPOS="1371"/>
                  <String HEIGHT="32"
                          WIDTH="108"
                          VPOS="260"
                          HPOS="1339"
                          CONTENT="passio"/>
                  <SP HEIGHT="32" WIDTH="11" VPOS="260" HPOS="1447"/>
                  <String HEIGHT="32"
                          WIDTH="108"
                          VPOS="260"
                          HPOS="1415"
                          CONTENT="illata"/>
                  <SP HEIGHT="32" WIDTH="11" VPOS="260" HPOS="1523"/>
                  <String HEIGHT="32" WIDTH="65" VPOS="260" HPOS="1490" CONTENT="ab"/>
                  <SP HEIGHT="32" WIDTH="11" VPOS="260" HPOS="1555"/>
                  <String HEIGHT="32" WIDTH="43" VPOS="260" HPOS="1512" CONTENT="ob"/>
               </TextLine>
               <TextLine ID="r1l9"
                         BASELINE="327"
                         HEIGHT="35"
                         WIDTH="588"
                         VPOS="292"
                         HPOS="964">
                  <String HEIGHT="35"
                          WIDTH="102"
                          VPOS="292"
                          HPOS="953"
                          CONTENT="lecto"/>
                  <SP HEIGHT="35" WIDTH="11" VPOS="292" HPOS="1054"/>
                  <String HEIGHT="35"
                          WIDTH="170"
                          VPOS="292"
                          HPOS="1021"
                          CONTENT="delectabili"/>
                  <SP HEIGHT="35" WIDTH="11" VPOS="292" HPOS="1190"/>
                  <String HEIGHT="35" WIDTH="79" VPOS="292" HPOS="1156" CONTENT="vel"/>
                  <SP HEIGHT="35" WIDTH="11" VPOS="292" HPOS="1235"/>
                  <String HEIGHT="35"
                          WIDTH="158"
                          VPOS="292"
                          HPOS="1201"
                          CONTENT="tristabili"/>
                  <SP HEIGHT="35" WIDTH="11" VPOS="292" HPOS="1360"/>
                  <String HEIGHT="35"
                          WIDTH="136"
                          VPOS="292"
                          HPOS="1326"
                          CONTENT="secundum"/>
                  <SP HEIGHT="35" WIDTH="11" VPOS="292" HPOS="1462"/>
                  <String HEIGHT="35"
                          WIDTH="113"
                          VPOS="292"
                          HPOS="1428"
                          CONTENT="sensum"/>
                  <SP HEIGHT="35" WIDTH="11" VPOS="292" HPOS="1541"/>
                  <String HEIGHT="35" WIDTH="57" VPOS="292" HPOS="1495" CONTENT="dii"/>
               </TextLine>
               <TextLine ID="r1l11"
                         BASELINE="353"
                         HEIGHT="35"
                         WIDTH="598"
                         VPOS="318"
                         HPOS="954">
                  <String HEIGHT="35"
                          WIDTH="100"
                          VPOS="318"
                          HPOS="942"
                          CONTENT="modo"/>
                  <SP HEIGHT="35" WIDTH="12" VPOS="318" HPOS="1041"/>
                  <String HEIGHT="35"
                          WIDTH="112"
                          VPOS="318"
                          HPOS="1004"
                          CONTENT="plene"/>
                  <SP HEIGHT="35" WIDTH="12" VPOS="318" HPOS="1116"/>
                  <String HEIGHT="35"
                          WIDTH="100"
                          VPOS="318"
                          HPOS="1079"
                          CONTENT="stet"/>
                  <SP HEIGHT="35" WIDTH="12" VPOS="318" HPOS="1178"/>
                  <String HEIGHT="35"
                          WIDTH="150"
                          VPOS="318"
                          HPOS="1141"
                          CONTENT="iudicium"/>
                  <SP HEIGHT="35" WIDTH="12" VPOS="318" HPOS="1290"/>
                  <String HEIGHT="35"
                          WIDTH="150"
                          VPOS="318"
                          HPOS="1253"
                          CONTENT="rationis"/>
                  <SP HEIGHT="35" WIDTH="12" VPOS="318" HPOS="1403"/>
                  <String HEIGHT="35"
                          WIDTH="112"
                          VPOS="318"
                          HPOS="1365"
                          CONTENT="adhuc"/>
                  <SP HEIGHT="35" WIDTH="12" VPOS="318" HPOS="1477"/>
                  <String HEIGHT="35"
                          WIDTH="100"
                          VPOS="318"
                          HPOS="1440"
                          CONTENT="eque"/>
                  <SP HEIGHT="35" WIDTH="12" VPOS="318" HPOS="1540"/>
                  <String HEIGHT="35"
                          WIDTH="62"
                          VPOS="318"
                          HPOS="1490"
                          CONTENT="fa"
                          SUBS_TYPE="HypPart1"
                          SUBS_CONTENT="faciliter"/>
                  <HYP CONTENT="-"/>
               </TextLine>
               <TextLine ID="r1l13"
                         BASELINE="381"
                         HEIGHT="39"
                         WIDTH="604"
                         VPOS="342"
                         HPOS="952">
                  <String HEIGHT="39"
                          WIDTH="130"
                          VPOS="342"
                          HPOS="940"
                          CONTENT="ciliter"
                          SUBS_TYPE="HypPart2"
                          SUBS_CONTENT="faciliter"/>
                  <SP HEIGHT="39" WIDTH="12" VPOS="342" HPOS="1070"/>
                  <String HEIGHT="39"
                          WIDTH="130"
                          VPOS="342"
                          HPOS="1035"
                          CONTENT="poterit"/>
                  <SP HEIGHT="39" WIDTH="12" VPOS="342" HPOS="1165"/>
                  <String HEIGHT="39"
                          WIDTH="142"
                          VPOS="342"
                          HPOS="1130"
                          CONTENT="voluntas"/>
                  <SP HEIGHT="39" WIDTH="12" VPOS="342" HPOS="1272"/>
                  <String HEIGHT="39"
                          WIDTH="107"
                          VPOS="342"
                          HPOS="1236"
                          CONTENT="nolle"/>
                  <SP HEIGHT="39" WIDTH="12" VPOS="342" HPOS="1343"/>
                  <String HEIGHT="39" WIDTH="83" VPOS="342" HPOS="1307" CONTENT="seu"/>
                  <SP HEIGHT="39" WIDTH="12" VPOS="342" HPOS="1390"/>
                  <String HEIGHT="39" WIDTH="83" VPOS="342" HPOS="1355" CONTENT="non"/>
                  <SP HEIGHT="39" WIDTH="12" VPOS="342" HPOS="1438"/>
                  <String HEIGHT="39"
                          WIDTH="107"
                          VPOS="342"
                          HPOS="1402"
                          CONTENT="velle"/>
                  <SP HEIGHT="39" WIDTH="12" VPOS="342" HPOS="1509"/>
                  <String HEIGHT="39"
                          WIDTH="95"
                          VPOS="342"
                          HPOS="1461"
                          CONTENT="consen"/>
               </TextLine>
               <TextLine ID="r1l15"
                         BASELINE="405"
                         HEIGHT="35"
                         WIDTH="591"
                         VPOS="370"
                         HPOS="961">
                  <String HEIGHT="35" WIDTH="93" VPOS="370" HPOS="949" CONTENT="tire"/>
                  <SP HEIGHT="35" WIDTH="12" VPOS="370" HPOS="1042"/>
                  <String HEIGHT="35"
                          WIDTH="93"
                          VPOS="370"
                          HPOS="1007"
                          CONTENT="illi"/>
                  <SP HEIGHT="35" WIDTH="12" VPOS="370" HPOS="1100"/>
                  <String HEIGHT="35"
                          WIDTH="127"
                          VPOS="370"
                          HPOS="1065"
                          CONTENT="motioni"/>
                  <SP HEIGHT="35" WIDTH="12" VPOS="370" HPOS="1193"/>
                  <String HEIGHT="35"
                          WIDTH="151"
                          VPOS="370"
                          HPOS="1158"
                          CONTENT="passionis"/>
                  <SP HEIGHT="35" WIDTH="12" VPOS="370" HPOS="1309"/>
                  <String HEIGHT="35"
                          WIDTH="93"
                          VPOS="370"
                          HPOS="1274"
                          CONTENT="siue"/>
                  <SP HEIGHT="35" WIDTH="12" VPOS="370" HPOS="1367"/>
                  <String HEIGHT="35" WIDTH="81" VPOS="370" HPOS="1332" CONTENT="sit"/>
                  <SP HEIGHT="35" WIDTH="12" VPOS="370" HPOS="1413"/>
                  <String HEIGHT="35"
                          WIDTH="104"
                          VPOS="370"
                          HPOS="1378"
                          CONTENT="magna"/>
                  <SP HEIGHT="35" WIDTH="12" VPOS="370" HPOS="1482"/>
                  <String HEIGHT="35"
                          WIDTH="93"
                          VPOS="370"
                          HPOS="1448"
                          CONTENT="siue"/>
                  <SP HEIGHT="35" WIDTH="12" VPOS="370" HPOS="1540"/>
                  <String HEIGHT="35" WIDTH="58" VPOS="370" HPOS="1494" CONTENT="pat"/>
               </TextLine>
               <TextLine ID="r1l17"
                         BASELINE="437"
                         HEIGHT="32"
                         WIDTH="599"
                         VPOS="405"
                         HPOS="957">
                  <String HEIGHT="32" WIDTH="63" VPOS="405" HPOS="946" CONTENT="ua"/>
                  <SP HEIGHT="32" WIDTH="11" VPOS="405" HPOS="1010"/>
                  <String HEIGHT="32"
                          WIDTH="95"
                          VPOS="405"
                          HPOS="978"
                          CONTENT="licet"/>
                  <SP HEIGHT="32" WIDTH="11" VPOS="405" HPOS="1073"/>
                  <String HEIGHT="32"
                          WIDTH="95"
                          VPOS="405"
                          HPOS="1041"
                          CONTENT="forte"/>
                  <SP HEIGHT="32" WIDTH="11" VPOS="405" HPOS="1136"/>
                  <String HEIGHT="32" WIDTH="74" VPOS="405" HPOS="1104" CONTENT="per"/>
                  <SP HEIGHT="32" WIDTH="11" VPOS="405" HPOS="1178"/>
                  <String HEIGHT="32"
                          WIDTH="95"
                          VPOS="405"
                          HPOS="1146"
                          CONTENT="actus"/>
                  <SP HEIGHT="32" WIDTH="11" VPOS="405" HPOS="1241"/>
                  <String HEIGHT="32"
                          WIDTH="126"
                          VPOS="405"
                          HPOS="1209"
                          CONTENT="scilicet"/>
                  <SP HEIGHT="32" WIDTH="11" VPOS="405" HPOS="1335"/>
                  <String HEIGHT="32"
                          WIDTH="116"
                          VPOS="405"
                          HPOS="1304"
                          CONTENT="propter"/>
                  <SP HEIGHT="32" WIDTH="11" VPOS="405" HPOS="1419"/>
                  <String HEIGHT="32"
                          WIDTH="95"
                          VPOS="405"
                          HPOS="1388"
                          CONTENT="alium"/>
                  <SP HEIGHT="32" WIDTH="11" VPOS="405" HPOS="1482"/>
                  <String HEIGHT="32"
                          WIDTH="95"
                          VPOS="405"
                          HPOS="1451"
                          CONTENT="actum"/>
                  <SP HEIGHT="32" WIDTH="11" VPOS="405" HPOS="1545"/>
                  <String HEIGHT="32" WIDTH="53" VPOS="405" HPOS="1503" CONTENT="non"/>
               </TextLine>
               <TextLine ID="r1l19"
                         BASELINE="466"
                         HEIGHT="36"
                         WIDTH="609"
                         VPOS="430"
                         HPOS="955">
                  <String HEIGHT="36" WIDTH="85" VPOS="430" HPOS="943" CONTENT="ita"/>
                  <SP HEIGHT="36" WIDTH="12" VPOS="430" HPOS="1028"/>
                  <String HEIGHT="36"
                          WIDTH="134"
                          VPOS="430"
                          HPOS="992"
                          CONTENT="intense"/>
                  <SP HEIGHT="36" WIDTH="12" VPOS="430" HPOS="1126"/>
                  <String HEIGHT="36"
                          WIDTH="146"
                          VPOS="430"
                          HPOS="1089"
                          CONTENT="voluntas"/>
                  <SP HEIGHT="36" WIDTH="12" VPOS="430" HPOS="1235"/>
                  <String HEIGHT="36"
                          WIDTH="134"
                          VPOS="430"
                          HPOS="1199"
                          CONTENT="eliciat"/>
                  <SP HEIGHT="36" WIDTH="12" VPOS="430" HPOS="1333"/>
                  <String HEIGHT="36"
                          WIDTH="97"
                          VPOS="430"
                          HPOS="1296"
                          CONTENT="suum"/>
                  <SP HEIGHT="36" WIDTH="12" VPOS="430" HPOS="1393"/>
                  <String HEIGHT="36"
                          WIDTH="110"
                          VPOS="430"
                          HPOS="1357"
                          CONTENT="actum"/>
                  <SP HEIGHT="36" WIDTH="12" VPOS="430" HPOS="1467"/>
                  <String HEIGHT="36"
                          WIDTH="122"
                          VPOS="430"
                          HPOS="1430"
                          CONTENT="posset"/>
                  <SP HEIGHT="36" WIDTH="12" VPOS="430" HPOS="1552"/>
                  <String HEIGHT="36"
                          WIDTH="61"
                          VPOS="430"
                          HPOS="1503"
                          CONTENT="ta"
                          SUBS_TYPE="HypPart1"
                          SUBS_CONTENT="tamen"/>
                  <HYP CONTENT="-"/>
               </TextLine>
               <TextLine ID="r1l21"
                         BASELINE="491"
                         HEIGHT="31"
                         WIDTH="597"
                         VPOS="460"
                         HPOS="962">
                  <String HEIGHT="31"
                          WIDTH="79"
                          VPOS="460"
                          HPOS="951"
                          CONTENT="men"
                          SUBS_TYPE="HypPart2"
                          SUBS_CONTENT="tamen"/>
                  <SP HEIGHT="31" WIDTH="11" VPOS="460" HPOS="1030"/>
                  <String HEIGHT="31"
                          WIDTH="113"
                          VPOS="460"
                          HPOS="996"
                          CONTENT="passio"/>
                  <SP HEIGHT="31" WIDTH="11" VPOS="460" HPOS="1108"/>
                  <String HEIGHT="31"
                          WIDTH="146"
                          VPOS="460"
                          HPOS="1075"
                          CONTENT="tristicie"/>
                  <SP HEIGHT="31" WIDTH="11" VPOS="460" HPOS="1221"/>
                  <String HEIGHT="31" WIDTH="79" VPOS="460" HPOS="1187" CONTENT="vel"/>
                  <SP HEIGHT="31" WIDTH="11" VPOS="460" HPOS="1266"/>
                  <String HEIGHT="31"
                          WIDTH="191"
                          VPOS="460"
                          HPOS="1232"
                          CONTENT="delectationis"/>
                  <SP HEIGHT="31" WIDTH="11" VPOS="460" HPOS="1424"/>
                  <String HEIGHT="31"
                          WIDTH="113"
                          VPOS="460"
                          HPOS="1390"
                          CONTENT="tantum"/>
                  <SP HEIGHT="31" WIDTH="11" VPOS="460" HPOS="1503"/>
                  <String HEIGHT="31"
                          WIDTH="101"
                          VPOS="460"
                          HPOS="1458"
                          CONTENT="procede"/>
               </TextLine>
               <TextLine ID="r1l23"
                         BASELINE="523"
                         HEIGHT="36"
                         WIDTH="601"
                         VPOS="487"
                         HPOS="965">
                  <String HEIGHT="36" WIDTH="69" VPOS="487" HPOS="953" CONTENT="re"/>
                  <SP HEIGHT="36" WIDTH="12" VPOS="487" HPOS="1023"/>
                  <String HEIGHT="36" WIDTH="92" VPOS="487" HPOS="988" CONTENT="quod"/>
                  <SP HEIGHT="36" WIDTH="12" VPOS="487" HPOS="1081"/>
                  <String HEIGHT="36"
                          WIDTH="104"
                          VPOS="487"
                          HPOS="1046"
                          CONTENT="ratio"/>
                  <SP HEIGHT="36" WIDTH="12" VPOS="487" HPOS="1150"/>
                  <String HEIGHT="36"
                          WIDTH="185"
                          VPOS="487"
                          HPOS="1115"
                          CONTENT="absorberetur"/>
                  <SP HEIGHT="36" WIDTH="12" VPOS="487" HPOS="1300"/>
                  <String HEIGHT="36" WIDTH="69" VPOS="487" HPOS="1266" CONTENT="et"/>
                  <SP HEIGHT="36" WIDTH="12" VPOS="487" HPOS="1335"/>
                  <String HEIGHT="36" WIDTH="81" VPOS="487" HPOS="1300" CONTENT="per"/>
                  <SP HEIGHT="36" WIDTH="12" VPOS="487" HPOS="1381"/>
                  <String HEIGHT="36"
                          WIDTH="162"
                          VPOS="487"
                          HPOS="1346"
                          CONTENT="consequens"/>
                  <SP HEIGHT="36" WIDTH="12" VPOS="487" HPOS="1508"/>
                  <String HEIGHT="36"
                          WIDTH="92"
                          VPOS="487"
                          HPOS="1474"
                          CONTENT="tunc"/>
                  <SP HEIGHT="36" WIDTH="12" VPOS="487" HPOS="1566"/>
                  <String HEIGHT="36" WIDTH="46" VPOS="487" HPOS="1520" CONTENT="vo"/>
               </TextLine>
               <TextLine ID="r1l25"
                         BASELINE="549"
                         HEIGHT="35"
                         WIDTH="598"
                         VPOS="514"
                         HPOS="961">
                  <String HEIGHT="35"
                          WIDTH="115"
                          VPOS="514"
                          HPOS="950"
                          CONTENT="luntas"/>
                  <SP HEIGHT="35" WIDTH="12" VPOS="514" HPOS="1065"/>
                  <String HEIGHT="35" WIDTH="81" VPOS="514" HPOS="1030" CONTENT="non"/>
                  <SP HEIGHT="35" WIDTH="12" VPOS="514" HPOS="1111"/>
                  <String HEIGHT="35"
                          WIDTH="115"
                          VPOS="514"
                          HPOS="1076"
                          CONTENT="posset"/>
                  <SP HEIGHT="35" WIDTH="12" VPOS="514" HPOS="1191"/>
                  <String HEIGHT="35"
                          WIDTH="115"
                          VPOS="514"
                          HPOS="1157"
                          CONTENT="libere"/>
                  <SP HEIGHT="35" WIDTH="12" VPOS="514" HPOS="1272"/>
                  <String HEIGHT="35" WIDTH="69" VPOS="514" HPOS="1237" CONTENT="in"/>
                  <SP HEIGHT="35" WIDTH="12" VPOS="514" HPOS="1306"/>
                  <String HEIGHT="35"
                          WIDTH="104"
                          VPOS="514"
                          HPOS="1272"
                          CONTENT="actus"/>
                  <SP HEIGHT="35" WIDTH="12" VPOS="514" HPOS="1375"/>
                  <String HEIGHT="35"
                          WIDTH="92"
                          VPOS="514"
                          HPOS="1341"
                          CONTENT="suos"/>
                  <SP HEIGHT="35" WIDTH="12" VPOS="514" HPOS="1433"/>
                  <String HEIGHT="35"
                          WIDTH="161"
                          VPOS="514"
                          HPOS="1398"
                          CONTENT="rationales"/>
                  <SP HEIGHT="35" WIDTH="12" VPOS="514" HPOS="1559"/>
                  <String HEIGHT="35" WIDTH="46" VPOS="514" HPOS="1513" CONTENT="re"/>
               </TextLine>
               <TextLine ID="r1l27"
                         BASELINE="579"
                         HEIGHT="38"
                         WIDTH="602"
                         VPOS="541"
                         HPOS="965">
                  <String HEIGHT="38"
                          WIDTH="170"
                          VPOS="541"
                          HPOS="952"
                          CONTENT="quirentes"/>
                  <SP HEIGHT="38" WIDTH="13" VPOS="541" HPOS="1122"/>
                  <String HEIGHT="38"
                          WIDTH="236"
                          VPOS="541"
                          HPOS="1083"
                          CONTENT="deliberationem"/>
                  <SP HEIGHT="38" WIDTH="13" VPOS="541" HPOS="1318"/>
                  <String HEIGHT="38" WIDTH="92" VPOS="541" HPOS="1279" CONTENT="vel"/>
                  <SP HEIGHT="38" WIDTH="13" VPOS="541" HPOS="1371"/>
                  <String HEIGHT="38"
                          WIDTH="157"
                          VPOS="541"
                          HPOS="1331"
                          CONTENT="iudicium"/>
                  <SP HEIGHT="38" WIDTH="13" VPOS="541" HPOS="1488"/>
                  <String HEIGHT="38"
                          WIDTH="131"
                          VPOS="541"
                          HPOS="1436"
                          CONTENT="rationis"/>
               </TextLine>
               <TextLine ID="r1l29"
                         BASELINE="606"
                         HEIGHT="37"
                         WIDTH="602"
                         VPOS="569"
                         HPOS="956">
                  <String HEIGHT="37"
                          WIDTH="136"
                          VPOS="569"
                          HPOS="945"
                          CONTENT="probauit"/>
                  <SP HEIGHT="37" WIDTH="11" VPOS="569" HPOS="1081"/>
                  <String HEIGHT="37" WIDTH="80" VPOS="569" HPOS="1047" CONTENT="per"/>
                  <SP HEIGHT="37" WIDTH="11" VPOS="569" HPOS="1126"/>
                  <String HEIGHT="37"
                          WIDTH="159"
                          VPOS="569"
                          HPOS="1092"
                          CONTENT="augustinus"/>
                  <SP HEIGHT="37" WIDTH="11" VPOS="569" HPOS="1251"/>
                  <String HEIGHT="37" WIDTH="68" VPOS="569" HPOS="1217" CONTENT="de"/>
                  <SP HEIGHT="37" WIDTH="11" VPOS="569" HPOS="1285"/>
                  <String HEIGHT="37"
                          WIDTH="136"
                          VPOS="569"
                          HPOS="1251"
                          CONTENT="ciuitate"/>
                  <SP HEIGHT="37" WIDTH="11" VPOS="569" HPOS="1388"/>
                  <String HEIGHT="37" WIDTH="80" VPOS="569" HPOS="1354" CONTENT="dei"/>
                  <SP HEIGHT="37" WIDTH="11" VPOS="569" HPOS="1433"/>
                  <String HEIGHT="37" WIDTH="68" VPOS="569" HPOS="1399" CONTENT="in"/>
                  <SP HEIGHT="37" WIDTH="11" VPOS="569" HPOS="1467"/>
                  <String HEIGHT="37"
                          WIDTH="114"
                          VPOS="569"
                          HPOS="1433"
                          CONTENT="quodam"/>
                  <SP HEIGHT="37" WIDTH="11" VPOS="569" HPOS="1547"/>
                  <String HEIGHT="37"
                          WIDTH="57"
                          VPOS="569"
                          HPOS="1501"
                          CONTENT="lo"
                          SUBS_TYPE="HypPart1"
                          SUBS_CONTENT="loco."/>
                  <HYP CONTENT="-"/>
               </TextLine>
               <TextLine ID="r1l31"
                         BASELINE="635"
                         HEIGHT="35"
                         WIDTH="603"
                         VPOS="600"
                         HPOS="958">
                  <String HEIGHT="35"
                          WIDTH="92"
                          VPOS="600"
                          HPOS="945"
                          CONTENT="co."
                          SUBS_TYPE="HypPart2"
                          SUBS_CONTENT="loco."/>
                  <SP HEIGHT="35" WIDTH="13" VPOS="600" HPOS="1037"/>
                  <String HEIGHT="35" WIDTH="66" VPOS="600" HPOS="997" CONTENT="⁋"/>
                  <SP HEIGHT="35" WIDTH="13" VPOS="600" HPOS="1063"/>
                  <String HEIGHT="35" WIDTH="79" VPOS="600" HPOS="1024" CONTENT="Et"/>
                  <SP HEIGHT="35" WIDTH="13" VPOS="600" HPOS="1102"/>
                  <String HEIGHT="35"
                          WIDTH="131"
                          VPOS="600"
                          HPOS="1063"
                          CONTENT="subdit"/>
                  <SP HEIGHT="35" WIDTH="13" VPOS="600" HPOS="1194"/>
                  <String HEIGHT="35"
                          WIDTH="105"
                          VPOS="600"
                          HPOS="1155"
                          CONTENT="adam"/>
                  <SP HEIGHT="35" WIDTH="13" VPOS="600" HPOS="1260"/>
                  <String HEIGHT="35" WIDTH="79" VPOS="600" HPOS="1220" CONTENT="et"/>
                  <SP HEIGHT="35" WIDTH="13" VPOS="600" HPOS="1299"/>
                  <String HEIGHT="35" WIDTH="92" VPOS="600" HPOS="1260" CONTENT="hic"/>
                  <SP HEIGHT="35" WIDTH="13" VPOS="600" HPOS="1351"/>
                  <String HEIGHT="35"
                          WIDTH="118"
                          VPOS="600"
                          HPOS="1312"
                          CONTENT="habeo"/>
                  <SP HEIGHT="35" WIDTH="13" VPOS="600" HPOS="1430"/>
                  <String HEIGHT="35"
                          WIDTH="131"
                          VPOS="600"
                          HPOS="1391"
                          CONTENT="tantum"/>
                  <SP HEIGHT="35" WIDTH="13" VPOS="600" HPOS="1522"/>
                  <String HEIGHT="35"
                          WIDTH="92"
                          VPOS="600"
                          HPOS="1469"
                          CONTENT="virum"/>
               </TextLine>
               <TextLine ID="r1l33"
                         BASELINE="663"
                         HEIGHT="36"
                         WIDTH="601"
                         VPOS="627"
                         HPOS="959">
                  <String HEIGHT="36"
                          WIDTH="110"
                          VPOS="627"
                          HPOS="947"
                          CONTENT="mecum"/>
                  <SP HEIGHT="36" WIDTH="12" VPOS="627" HPOS="1057"/>
                  <String HEIGHT="36"
                          WIDTH="98"
                          VPOS="627"
                          HPOS="1020"
                          CONTENT="quod"/>
                  <SP HEIGHT="36" WIDTH="12" VPOS="627" HPOS="1118"/>
                  <String HEIGHT="36"
                          WIDTH="110"
                          VPOS="627"
                          HPOS="1082"
                          CONTENT="actus"/>
                  <SP HEIGHT="36" WIDTH="12" VPOS="627" HPOS="1192"/>
                  <String HEIGHT="36"
                          WIDTH="123"
                          VPOS="627"
                          HPOS="1155"
                          CONTENT="liberi"/>
                  <SP HEIGHT="36" WIDTH="12" VPOS="627" HPOS="1278"/>
                  <String HEIGHT="36"
                          WIDTH="221"
                          VPOS="627"
                          HPOS="1241"
                          CONTENT="proresupponunt"/>
                  <SP HEIGHT="36" WIDTH="12" VPOS="627" HPOS="1462"/>
                  <String HEIGHT="36"
                          WIDTH="147"
                          VPOS="627"
                          HPOS="1413"
                          CONTENT="compositio"/>
               </TextLine>
               <TextLine ID="r1l35"
                         BASELINE="691"
                         HEIGHT="34"
                         WIDTH="604"
                         VPOS="657"
                         HPOS="955">
                  <String HEIGHT="34" WIDTH="92" VPOS="657" HPOS="942" CONTENT="nem"/>
                  <SP HEIGHT="34" WIDTH="13" VPOS="657" HPOS="1034"/>
                  <String HEIGHT="34" WIDTH="79" VPOS="657" HPOS="994" CONTENT="et"/>
                  <SP HEIGHT="34" WIDTH="13" VPOS="657" HPOS="1073"/>
                  <String HEIGHT="34"
                          WIDTH="184"
                          VPOS="657"
                          HPOS="1034"
                          CONTENT="diuisionem"/>
                  <SP HEIGHT="34" WIDTH="13" VPOS="657" HPOS="1218"/>
                  <String HEIGHT="34" WIDTH="92" VPOS="657" HPOS="1178" CONTENT="vel"/>
                  <SP HEIGHT="34" WIDTH="13" VPOS="657" HPOS="1270"/>
                  <String HEIGHT="34"
                          WIDTH="158"
                          VPOS="657"
                          HPOS="1231"
                          CONTENT="iudicium"/>
                  <SP HEIGHT="34" WIDTH="13" VPOS="657" HPOS="1388"/>
                  <String HEIGHT="34"
                          WIDTH="105"
                          VPOS="657"
                          HPOS="1349"
                          CONTENT="quod"/>
                  <SP HEIGHT="34" WIDTH="13" VPOS="657" HPOS="1454"/>
                  <String HEIGHT="34" WIDTH="92" VPOS="657" HPOS="1415" CONTENT="non"/>
                  <SP HEIGHT="34" WIDTH="13" VPOS="657" HPOS="1506"/>
                  <String HEIGHT="34"
                          WIDTH="105"
                          VPOS="657"
                          HPOS="1454"
                          CONTENT="recor"
                          SUBS_TYPE="HypPart1"
                          SUBS_CONTENT="recordor"/>
                  <HYP CONTENT="-"/>
               </TextLine>
               <TextLine ID="r1l37"
                         BASELINE="719"
                         HEIGHT="34"
                         WIDTH="600"
                         VPOS="685"
                         HPOS="962">
                  <String HEIGHT="34"
                          WIDTH="84"
                          VPOS="685"
                          HPOS="950"
                          CONTENT="dor"
                          SUBS_TYPE="HypPart2"
                          SUBS_CONTENT="recordor"/>
                  <SP HEIGHT="34" WIDTH="12" VPOS="685" HPOS="1034"/>
                  <String HEIGHT="34" WIDTH="72" VPOS="685" HPOS="998" CONTENT="me"/>
                  <SP HEIGHT="34" WIDTH="12" VPOS="685" HPOS="1070"/>
                  <String HEIGHT="34" WIDTH="72" VPOS="685" HPOS="1034" CONTENT="ab"/>
                  <SP HEIGHT="34" WIDTH="12" VPOS="685" HPOS="1106"/>
                  <String HEIGHT="34"
                          WIDTH="108"
                          VPOS="685"
                          HPOS="1070"
                          CONTENT="aliis"/>
                  <SP HEIGHT="34" WIDTH="12" VPOS="685" HPOS="1178"/>
                  <String HEIGHT="34"
                          WIDTH="156"
                          VPOS="685"
                          HPOS="1142"
                          CONTENT="audiuisse"/>
                  <SP HEIGHT="34" WIDTH="12" VPOS="685" HPOS="1298"/>
                  <String HEIGHT="34"
                          WIDTH="108"
                          VPOS="685"
                          HPOS="1262"
                          CONTENT="illud"/>
                  <SP HEIGHT="34" WIDTH="12" VPOS="685" HPOS="1370"/>
                  <String HEIGHT="34"
                          WIDTH="108"
                          VPOS="685"
                          HPOS="1334"
                          CONTENT="etiam"/>
                  <SP HEIGHT="34" WIDTH="12" VPOS="685" HPOS="1442"/>
                  <String HEIGHT="34"
                          WIDTH="96"
                          VPOS="685"
                          HPOS="1406"
                          CONTENT="quod"/>
                  <SP HEIGHT="34" WIDTH="12" VPOS="685" HPOS="1502"/>
                  <String HEIGHT="34"
                          WIDTH="108"
                          VPOS="685"
                          HPOS="1454"
                          CONTENT="ratio&#x9;"
                          SUBS_TYPE="HypPart1"
                          SUBS_CONTENT="ratio&#x9;potest"/>
                  <HYP CONTENT="-"/>
               </TextLine>
               <TextLine ID="r1l39"
                         BASELINE="747"
                         HEIGHT="34"
                         WIDTH="595"
                         VPOS="713"
                         HPOS="963">
                  <String HEIGHT="34"
                          WIDTH="121"
                          VPOS="713"
                          HPOS="951"
                          CONTENT="potest"
                          SUBS_TYPE="HypPart2"
                          SUBS_CONTENT="ratio&#x9;potest"/>
                  <SP HEIGHT="34" WIDTH="12" VPOS="713" HPOS="1072"/>
                  <String HEIGHT="34"
                          WIDTH="158"
                          VPOS="713"
                          HPOS="1036"
                          CONTENT="absorberi"/>
                  <SP HEIGHT="34" WIDTH="12" VPOS="713" HPOS="1194"/>
                  <String HEIGHT="34"
                          WIDTH="109"
                          VPOS="713"
                          HPOS="1157"
                          CONTENT="patet"/>
                  <SP HEIGHT="34" WIDTH="12" VPOS="713" HPOS="1267"/>
                  <String HEIGHT="34" WIDTH="73" VPOS="713" HPOS="1230" CONTENT="in"/>
                  <SP HEIGHT="34" WIDTH="12" VPOS="713" HPOS="1303"/>
                  <String HEIGHT="34"
                          WIDTH="121"
                          VPOS="713"
                          HPOS="1267"
                          CONTENT="ebriis"/>
                  <SP HEIGHT="34" WIDTH="12" VPOS="713" HPOS="1388"/>
                  <String HEIGHT="34"
                          WIDTH="194"
                          VPOS="713"
                          HPOS="1352"
                          CONTENT="dormientibus"/>
                  <SP HEIGHT="34" WIDTH="12" VPOS="713" HPOS="1546"/>
                  <String HEIGHT="34"
                          WIDTH="61"
                          VPOS="713"
                          HPOS="1497"
                          CONTENT="fu"
                          SUBS_TYPE="HypPart1"
                          SUBS_CONTENT="furiosis"/>
                  <HYP CONTENT="-"/>
               </TextLine>
               <TextLine ID="r1l41"
                         BASELINE="777"
                         HEIGHT="35"
                         WIDTH="599"
                         VPOS="742"
                         HPOS="964">
                  <String HEIGHT="35"
                          WIDTH="122"
                          VPOS="742"
                          HPOS="952"
                          CONTENT="riosis"
                          SUBS_TYPE="HypPart2"
                          SUBS_CONTENT="furiosis"/>
                  <SP HEIGHT="35" WIDTH="12" VPOS="742" HPOS="1074"/>
                  <String HEIGHT="35" WIDTH="73" VPOS="742" HPOS="1037" CONTENT="et"/>
                  <SP HEIGHT="35" WIDTH="12" VPOS="742" HPOS="1111"/>
                  <String HEIGHT="35"
                          WIDTH="122"
                          VPOS="742"
                          HPOS="1074"
                          CONTENT="pueris"/>
                  <SP HEIGHT="35" WIDTH="12" VPOS="742" HPOS="1196"/>
                  <String HEIGHT="35"
                          WIDTH="98"
                          VPOS="742"
                          HPOS="1160"
                          CONTENT="etc."/>
                  <SP HEIGHT="35" WIDTH="12" VPOS="742" HPOS="1257"/>
                  <String HEIGHT="35" WIDTH="61" VPOS="742" HPOS="1221" CONTENT="⁋"/>
                  <SP HEIGHT="35" WIDTH="12" VPOS="742" HPOS="1282"/>
                  <String HEIGHT="35" WIDTH="73" VPOS="742" HPOS="1245" CONTENT="Et"/>
                  <SP HEIGHT="35" WIDTH="12" VPOS="742" HPOS="1319"/>
                  <String HEIGHT="35"
                          WIDTH="98"
                          VPOS="742"
                          HPOS="1282"
                          CONTENT="ideo"/>
                  <SP HEIGHT="35" WIDTH="12" VPOS="742" HPOS="1380"/>
                  <String HEIGHT="35"
                          WIDTH="134"
                          VPOS="742"
                          HPOS="1343"
                          CONTENT="oportet"/>
                  <SP HEIGHT="35" WIDTH="12" VPOS="742" HPOS="1477"/>
                  <String HEIGHT="35"
                          WIDTH="98"
                          VPOS="742"
                          HPOS="1441"
                          CONTENT="bona"/>
                  <SP HEIGHT="35" WIDTH="12" VPOS="742" HPOS="1539"/>
                  <String HEIGHT="35"
                          WIDTH="73"
                          VPOS="742"
                          HPOS="1490"
                          CONTENT="hora"/>
               </TextLine>
               <TextLine ID="r1l43"
                         BASELINE="804"
                         HEIGHT="35"
                         WIDTH="598"
                         VPOS="769"
                         HPOS="969">
                  <String HEIGHT="35"
                          WIDTH="165"
                          VPOS="769"
                          HPOS="956"
                          CONTENT="refrenare"/>
                  <SP HEIGHT="35" WIDTH="13" VPOS="769" HPOS="1122"/>
                  <String HEIGHT="35"
                          WIDTH="165"
                          VPOS="769"
                          HPOS="1084"
                          CONTENT="passiones"/>
                  <SP HEIGHT="35" WIDTH="13" VPOS="769" HPOS="1249"/>
                  <String HEIGHT="35" WIDTH="76" VPOS="769" HPOS="1211" CONTENT="ne"/>
                  <SP HEIGHT="35" WIDTH="13" VPOS="769" HPOS="1287"/>
                  <String HEIGHT="35"
                          WIDTH="115"
                          VPOS="769"
                          HPOS="1249"
                          CONTENT="nimis"/>
                  <SP HEIGHT="35" WIDTH="13" VPOS="769" HPOS="1363"/>
                  <String HEIGHT="35"
                          WIDTH="165"
                          VPOS="769"
                          HPOS="1325"
                          CONTENT="procedant"/>
                  <SP HEIGHT="35" WIDTH="13" VPOS="769" HPOS="1491"/>
                  <String HEIGHT="35" WIDTH="76" VPOS="769" HPOS="1452" CONTENT="et"/>
                  <SP HEIGHT="35" WIDTH="13" VPOS="769" HPOS="1529"/>
                  <String HEIGHT="35"
                          WIDTH="89"
                          VPOS="769"
                          HPOS="1478"
                          CONTENT="absor"/>
               </TextLine>
               <TextLine ID="r1l45"
                         BASELINE="828"
                         HEIGHT="32"
                         WIDTH="589"
                         VPOS="796"
                         HPOS="963">
                  <String HEIGHT="32"
                          WIDTH="106"
                          VPOS="796"
                          HPOS="951"
                          CONTENT="beant"/>
                  <SP HEIGHT="32" WIDTH="12" VPOS="796" HPOS="1057"/>
                  <String HEIGHT="32"
                          WIDTH="141"
                          VPOS="796"
                          HPOS="1022"
                          CONTENT="iudicium"/>
                  <SP HEIGHT="32" WIDTH="12" VPOS="796" HPOS="1163"/>
                  <String HEIGHT="32"
                          WIDTH="141"
                          VPOS="796"
                          HPOS="1128"
                          CONTENT="rationis"/>
                  <SP HEIGHT="32" WIDTH="12" VPOS="796" HPOS="1269"/>
                  <String HEIGHT="32" WIDTH="82" VPOS="796" HPOS="1234" CONTENT="qui"/>
                  <SP HEIGHT="32" WIDTH="12" VPOS="796" HPOS="1316"/>
                  <String HEIGHT="32" WIDTH="71" VPOS="796" HPOS="1281" CONTENT="si"/>
                  <SP HEIGHT="32" WIDTH="12" VPOS="796" HPOS="1352"/>
                  <String HEIGHT="32"
                          WIDTH="153"
                          VPOS="796"
                          HPOS="1316"
                          CONTENT="passiones"/>
                  <SP HEIGHT="32" WIDTH="12" VPOS="796" HPOS="1470"/>
                  <String HEIGHT="32"
                          WIDTH="130"
                          VPOS="796"
                          HPOS="1422"
                          CONTENT="sensuales"/>
               </TextLine>
               <TextLine ID="r1l47"
                         BASELINE="858"
                         HEIGHT="32"
                         WIDTH="609"
                         VPOS="826"
                         HPOS="957">
                  <String HEIGHT="32"
                          WIDTH="100"
                          VPOS="826"
                          HPOS="946"
                          CONTENT="sinat"/>
                  <SP HEIGHT="32" WIDTH="11" VPOS="826" HPOS="1046"/>
                  <String HEIGHT="32"
                          WIDTH="89"
                          VPOS="826"
                          HPOS="1012"
                          CONTENT="mens"/>
                  <SP HEIGHT="32" WIDTH="11" VPOS="826" HPOS="1101"/>
                  <String HEIGHT="32"
                          WIDTH="166"
                          VPOS="826"
                          HPOS="1068"
                          CONTENT="inualescere"/>
                  <SP HEIGHT="32" WIDTH="11" VPOS="826" HPOS="1234"/>
                  <String HEIGHT="32" WIDTH="78" VPOS="826" HPOS="1201" CONTENT="per"/>
                  <SP HEIGHT="32" WIDTH="11" VPOS="826" HPOS="1278"/>
                  <String HEIGHT="32"
                          WIDTH="177"
                          VPOS="826"
                          HPOS="1245"
                          CONTENT="negligentiam"/>
                  <SP HEIGHT="32" WIDTH="11" VPOS="826" HPOS="1422"/>
                  <String HEIGHT="32"
                          WIDTH="155"
                          VPOS="826"
                          HPOS="1389"
                          CONTENT="voluntatis"/>
                  <SP HEIGHT="32" WIDTH="11" VPOS="826" HPOS="1544"/>
                  <String HEIGHT="32"
                          WIDTH="66"
                          VPOS="826"
                          HPOS="1500"
                          CONTENT="sibi"/>
               </TextLine>
               <TextLine ID="r1l49"
                         BASELINE="884"
                         HEIGHT="31"
                         WIDTH="594"
                         VPOS="853"
                         HPOS="961">
                  <String HEIGHT="31"
                          WIDTH="138"
                          VPOS="853"
                          HPOS="950"
                          CONTENT="imputatur"/>
                  <SP HEIGHT="31" WIDTH="11" VPOS="853" HPOS="1088"/>
                  <String HEIGHT="31" WIDTH="64" VPOS="853" HPOS="1056" CONTENT="ad"/>
                  <SP HEIGHT="31" WIDTH="11" VPOS="853" HPOS="1120"/>
                  <String HEIGHT="31"
                          WIDTH="127"
                          VPOS="853"
                          HPOS="1088"
                          CONTENT="peccatum"/>
                  <SP HEIGHT="31" WIDTH="11" VPOS="853" HPOS="1216"/>
                  <String HEIGHT="31"
                          WIDTH="85"
                          VPOS="853"
                          HPOS="1184"
                          CONTENT="isto"/>
                  <SP HEIGHT="31" WIDTH="11" VPOS="853" HPOS="1269"/>
                  <String HEIGHT="31"
                          WIDTH="85"
                          VPOS="853"
                          HPOS="1237"
                          CONTENT="modo"/>
                  <SP HEIGHT="31" WIDTH="11" VPOS="853" HPOS="1322"/>
                  <String HEIGHT="31"
                          WIDTH="95"
                          VPOS="853"
                          HPOS="1290"
                          CONTENT="forte"/>
                  <SP HEIGHT="31" WIDTH="11" VPOS="853" HPOS="1385"/>
                  <String HEIGHT="31"
                          WIDTH="127"
                          VPOS="853"
                          HPOS="1353"
                          CONTENT="loquitur"/>
                  <SP HEIGHT="31" WIDTH="11" VPOS="853" HPOS="1481"/>
                  <String HEIGHT="31"
                          WIDTH="117"
                          VPOS="853"
                          HPOS="1438"
                          CONTENT="apostolus"/>
               </TextLine>
               <TextLine ID="r1l51"
                         BASELINE="916"
                         HEIGHT="34"
                         WIDTH="603"
                         VPOS="882"
                         HPOS="962">
                  <String HEIGHT="34"
                          WIDTH="95"
                          VPOS="882"
                          HPOS="951"
                          CONTENT="prime"/>
                  <SP HEIGHT="34" WIDTH="11" VPOS="882" HPOS="1047"/>
                  <String HEIGHT="34"
                          WIDTH="138"
                          VPOS="882"
                          HPOS="1015"
                          CONTENT="corintmi."/>
                  <SP HEIGHT="34" WIDTH="11" VPOS="882" HPOS="1152"/>
                  <String HEIGHT="34" WIDTH="74" VPOS="882" HPOS="1121" CONTENT="10."/>
                  <SP HEIGHT="34" WIDTH="11" VPOS="882" HPOS="1195"/>
                  <String HEIGHT="34"
                          WIDTH="116"
                          VPOS="882"
                          HPOS="1163"
                          CONTENT="fidelis"/>
                  <SP HEIGHT="34" WIDTH="11" VPOS="882" HPOS="1279"/>
                  <String HEIGHT="34"
                          WIDTH="85"
                          VPOS="882"
                          HPOS="1248"
                          CONTENT="deus"/>
                  <SP HEIGHT="34" WIDTH="11" VPOS="882" HPOS="1332"/>
                  <String HEIGHT="34" WIDTH="74" VPOS="882" HPOS="1301" CONTENT="qui"/>
                  <SP HEIGHT="34" WIDTH="11" VPOS="882" HPOS="1375"/>
                  <String HEIGHT="34" WIDTH="74" VPOS="882" HPOS="1343" CONTENT="non"/>
                  <SP HEIGHT="34" WIDTH="11" VPOS="882" HPOS="1417"/>
                  <String HEIGHT="34"
                          WIDTH="127"
                          VPOS="882"
                          HPOS="1385"
                          CONTENT="patietur"/>
                  <SP HEIGHT="34" WIDTH="11" VPOS="882" HPOS="1512"/>
                  <String HEIGHT="34" WIDTH="74" VPOS="882" HPOS="1480" CONTENT="vos"/>
                  <SP HEIGHT="34" WIDTH="11" VPOS="882" HPOS="1554"/>
                  <String HEIGHT="34" WIDTH="53" VPOS="882" HPOS="1512" CONTENT="tem"/>
               </TextLine>
               <TextLine ID="r1l53"
                         BASELINE="946"
                         HEIGHT="32"
                         WIDTH="603"
                         VPOS="914"
                         HPOS="959">
                  <String HEIGHT="32" WIDTH="91" VPOS="914" HPOS="948" CONTENT="tari"/>
                  <SP HEIGHT="32" WIDTH="11" VPOS="914" HPOS="1039"/>
                  <String HEIGHT="32"
                          WIDTH="125"
                          VPOS="914"
                          HPOS="1005"
                          CONTENT="etc.iam"/>
                  <SP HEIGHT="32" WIDTH="11" VPOS="914" HPOS="1130"/>
                  <String HEIGHT="32"
                          WIDTH="91"
                          VPOS="914"
                          HPOS="1096"
                          CONTENT="bene"/>
                  <SP HEIGHT="32" WIDTH="11" VPOS="914" HPOS="1187"/>
                  <String HEIGHT="32"
                          WIDTH="102"
                          VPOS="914"
                          HPOS="1152"
                          CONTENT="credo"/>
                  <SP HEIGHT="32" WIDTH="11" VPOS="914" HPOS="1255"/>
                  <String HEIGHT="32"
                          WIDTH="91"
                          VPOS="914"
                          HPOS="1221"
                          CONTENT="quod"/>
                  <SP HEIGHT="32" WIDTH="11" VPOS="914" HPOS="1312"/>
                  <String HEIGHT="32"
                          WIDTH="102"
                          VPOS="914"
                          HPOS="1278"
                          CONTENT="multi"/>
                  <SP HEIGHT="32" WIDTH="11" VPOS="914" HPOS="1380"/>
                  <String HEIGHT="32"
                          WIDTH="137"
                          VPOS="914"
                          HPOS="1346"
                          CONTENT="martires"/>
                  <SP HEIGHT="32" WIDTH="11" VPOS="914" HPOS="1482"/>
                  <String HEIGHT="32"
                          WIDTH="91"
                          VPOS="914"
                          HPOS="1448"
                          CONTENT="fine"/>
                  <SP HEIGHT="32" WIDTH="11" VPOS="914" HPOS="1539"/>
                  <String HEIGHT="32"
                          WIDTH="68"
                          VPOS="914"
                          HPOS="1494"
                          CONTENT="metu"/>
               </TextLine>
               <TextLine ID="r1l55"
                         BASELINE="974"
                         HEIGHT="37"
                         WIDTH="596"
                         VPOS="937"
                         HPOS="961">
                  <String HEIGHT="37"
                          WIDTH="105"
                          VPOS="937"
                          HPOS="951"
                          CONTENT="mortis"/>
                  <SP HEIGHT="37" WIDTH="10" VPOS="937" HPOS="1055"/>
                  <String HEIGHT="37"
                          WIDTH="84"
                          VPOS="937"
                          HPOS="1024"
                          CONTENT="siue"/>
                  <SP HEIGHT="37" WIDTH="10" VPOS="937" HPOS="1107"/>
                  <String HEIGHT="37" WIDTH="73" VPOS="937" HPOS="1076" CONTENT="per"/>
                  <SP HEIGHT="37" WIDTH="10" VPOS="937" HPOS="1149"/>
                  <String HEIGHT="37"
                          WIDTH="157"
                          VPOS="937"
                          HPOS="1118"
                          CONTENT="vehementiam"/>
                  <SP HEIGHT="37" WIDTH="10" VPOS="937" HPOS="1275"/>
                  <String HEIGHT="37"
                          WIDTH="84"
                          VPOS="937"
                          HPOS="1243"
                          CONTENT="pene"/>
                  <SP HEIGHT="37" WIDTH="10" VPOS="937" HPOS="1327"/>
                  <String HEIGHT="37"
                          WIDTH="157"
                          VPOS="937"
                          HPOS="1296"
                          CONTENT="perdiderunt"/>
                  <SP HEIGHT="37" WIDTH="10" VPOS="937" HPOS="1452"/>
                  <String HEIGHT="37"
                          WIDTH="84"
                          VPOS="937"
                          HPOS="1421"
                          CONTENT="vsum"/>
                  <SP HEIGHT="37" WIDTH="10" VPOS="937" HPOS="1505"/>
                  <String HEIGHT="37"
                          WIDTH="94"
                          VPOS="937"
                          HPOS="1463"
                          CONTENT="ratio&#x9;"
                          SUBS_TYPE="HypPart1"
                          SUBS_CONTENT="ratio&#x9;nis."/>
                  <HYP CONTENT="-"/>
               </TextLine>
               <TextLine ID="line_1609295348279_1157"
                         BASELINE="999"
                         HEIGHT="31"
                         WIDTH="608"
                         VPOS="968"
                         HPOS="963">
                  <String HEIGHT="31"
                          WIDTH="82"
                          VPOS="968"
                          HPOS="953"
                          CONTENT="nis."
                          SUBS_TYPE="HypPart2"
                          SUBS_CONTENT="ratio&#x9;nis."/>
                  <SP HEIGHT="31" WIDTH="10" VPOS="968" HPOS="1035"/>
                  <String HEIGHT="31" WIDTH="52" VPOS="968" HPOS="1004" CONTENT="⁋"/>
                  <SP HEIGHT="31" WIDTH="10" VPOS="968" HPOS="1056"/>
                  <String HEIGHT="31" WIDTH="62" VPOS="968" HPOS="1025" CONTENT="Ad"/>
                  <SP HEIGHT="31" WIDTH="10" VPOS="968" HPOS="1087"/>
                  <String HEIGHT="31"
                          WIDTH="103"
                          VPOS="968"
                          HPOS="1056"
                          CONTENT="primum"/>
                  <SP HEIGHT="31" WIDTH="10" VPOS="968" HPOS="1159"/>
                  <String HEIGHT="31"
                          WIDTH="113"
                          VPOS="968"
                          HPOS="1128"
                          CONTENT="dicitur"/>
                  <SP HEIGHT="31" WIDTH="10" VPOS="968" HPOS="1241"/>
                  <String HEIGHT="31"
                          WIDTH="82"
                          VPOS="968"
                          HPOS="1210"
                          CONTENT="quod"/>
                  <SP HEIGHT="31" WIDTH="10" VPOS="968" HPOS="1293"/>
                  <String HEIGHT="31"
                          WIDTH="103"
                          VPOS="968"
                          HPOS="1262"
                          CONTENT="stante"/>
                  <SP HEIGHT="31" WIDTH="10" VPOS="968" HPOS="1365"/>
                  <String HEIGHT="31"
                          WIDTH="93"
                          VPOS="968"
                          HPOS="1334"
                          CONTENT="pleno"/>
                  <SP HEIGHT="31" WIDTH="10" VPOS="968" HPOS="1427"/>
                  <String HEIGHT="31"
                          WIDTH="113"
                          VPOS="968"
                          HPOS="1396"
                          CONTENT="iudicio"/>
                  <SP HEIGHT="31" WIDTH="10" VPOS="968" HPOS="1509"/>
                  <String HEIGHT="31"
                          WIDTH="103"
                          VPOS="968"
                          HPOS="1468"
                          CONTENT="rationis"/>
               </TextLine>
               <TextLine ID="r1l59"
                         BASELINE="1025"
                         HEIGHT="30"
                         WIDTH="600"
                         VPOS="995"
                         HPOS="958">
                  <String HEIGHT="30"
                          WIDTH="126"
                          VPOS="995"
                          HPOS="947"
                          CONTENT="voluntas"/>
                  <SP HEIGHT="30" WIDTH="11" VPOS="995" HPOS="1074"/>
                  <String HEIGHT="30" WIDTH="74" VPOS="995" HPOS="1042" CONTENT="ita"/>
                  <SP HEIGHT="30" WIDTH="11" VPOS="995" HPOS="1116"/>
                  <String HEIGHT="30"
                          WIDTH="137"
                          VPOS="995"
                          HPOS="1084"
                          CONTENT="facilitur"/>
                  <SP HEIGHT="30" WIDTH="11" VPOS="995" HPOS="1221"/>
                  <String HEIGHT="30"
                          WIDTH="105"
                          VPOS="995"
                          HPOS="1190"
                          CONTENT="potest"/>
                  <SP HEIGHT="30" WIDTH="11" VPOS="995" HPOS="1295"/>
                  <String HEIGHT="30"
                          WIDTH="105"
                          VPOS="995"
                          HPOS="1263"
                          CONTENT="vicere"/>
                  <SP HEIGHT="30" WIDTH="11" VPOS="995" HPOS="1369"/>
                  <String HEIGHT="30"
                          WIDTH="105"
                          VPOS="995"
                          HPOS="1337"
                          CONTENT="magnam"/>
                  <SP HEIGHT="30" WIDTH="11" VPOS="995" HPOS="1442"/>
                  <String HEIGHT="30"
                          WIDTH="137"
                          VPOS="995"
                          HPOS="1411"
                          CONTENT="passionem"/>
                  <SP HEIGHT="30" WIDTH="11" VPOS="995" HPOS="1547"/>
                  <String HEIGHT="30"
                          WIDTH="53"
                          VPOS="995"
                          HPOS="1505"
                          CONTENT="si"
                          SUBS_TYPE="HypPart1"
                          SUBS_CONTENT="sicut"/>
                  <HYP CONTENT="-"/>
               </TextLine>
               <TextLine ID="r1l62"
                         BASELINE="1054"
                         HEIGHT="31"
                         WIDTH="593"
                         VPOS="1023"
                         HPOS="962">
                  <String HEIGHT="31"
                          WIDTH="60"
                          VPOS="1023"
                          HPOS="953"
                          CONTENT="cut"
                          SUBS_TYPE="HypPart2"
                          SUBS_CONTENT="sicut"/>
                  <SP HEIGHT="31" WIDTH="9" VPOS="1023" HPOS="1014"/>
                  <String HEIGHT="31"
                          WIDTH="95"
                          VPOS="1023"
                          HPOS="988"
                          CONTENT="paruam."/>
                  <SP HEIGHT="31" WIDTH="9" VPOS="1023" HPOS="1082"/>
                  <String HEIGHT="31"
                          WIDTH="77"
                          VPOS="1023"
                          HPOS="1057"
                          CONTENT="secus"/>
                  <SP HEIGHT="31" WIDTH="9" VPOS="1023" HPOS="1134"/>
                  <String HEIGHT="31"
                          WIDTH="60"
                          VPOS="1023"
                          HPOS="1108"
                          CONTENT="est"/>
                  <SP HEIGHT="31" WIDTH="9" VPOS="1023" HPOS="1168"/>
                  <String HEIGHT="31" WIDTH="52" VPOS="1023" HPOS="1142" CONTENT="si"/>
                  <SP HEIGHT="31" WIDTH="9" VPOS="1023" HPOS="1194"/>
                  <String HEIGHT="31"
                          WIDTH="77"
                          VPOS="1023"
                          HPOS="1168"
                          CONTENT="ratio"/>
                  <SP HEIGHT="31" WIDTH="9" VPOS="1023" HPOS="1246"/>
                  <String HEIGHT="31"
                          WIDTH="129"
                          VPOS="1023"
                          HPOS="1220"
                          CONTENT="absorbeatur"/>
                  <SP HEIGHT="31" WIDTH="9" VPOS="1023" HPOS="1349"/>
                  <String HEIGHT="31"
                          WIDTH="69"
                          VPOS="1023"
                          HPOS="1323"
                          CONTENT="quia"/>
                  <SP HEIGHT="31" WIDTH="9" VPOS="1023" HPOS="1392"/>
                  <String HEIGHT="31"
                          WIDTH="129"
                          VPOS="1023"
                          HPOS="1366"
                          CONTENT="intellectus"/>
                  <SP HEIGHT="31" WIDTH="9" VPOS="1023" HPOS="1495"/>
                  <String HEIGHT="31" WIDTH="52" VPOS="1023" HPOS="1469" CONTENT="in"/>
                  <SP HEIGHT="31" WIDTH="9" VPOS="1023" HPOS="1521"/>
                  <String HEIGHT="31"
                          WIDTH="69"
                          VPOS="1023"
                          HPOS="1486"
                          CONTENT="homine"/>
               </TextLine>
               <TextLine ID="r1l64"
                         BASELINE="1082"
                         HEIGHT="30"
                         WIDTH="590"
                         VPOS="1052"
                         HPOS="963">
                  <String HEIGHT="30"
                          WIDTH="104"
                          VPOS="1052"
                          HPOS="953"
                          CONTENT="vtitur"/>
                  <SP HEIGHT="30" WIDTH="10" VPOS="1052" HPOS="1056"/>
                  <String HEIGHT="30"
                          WIDTH="135"
                          VPOS="1052"
                          HPOS="1025"
                          CONTENT="minsterio"/>
                  <SP HEIGHT="30" WIDTH="10" VPOS="1052" HPOS="1160"/>
                  <String HEIGHT="30"
                          WIDTH="104"
                          VPOS="1052"
                          HPOS="1129"
                          CONTENT="virium"/>
                  <SP HEIGHT="30" WIDTH="10" VPOS="1052" HPOS="1232"/>
                  <String HEIGHT="30"
                          WIDTH="155"
                          VPOS="1052"
                          HPOS="1201"
                          CONTENT="sensitiuarm"/>
                  <SP HEIGHT="30" WIDTH="10" VPOS="1052" HPOS="1356"/>
                  <String HEIGHT="30"
                          WIDTH="104"
                          VPOS="1052"
                          HPOS="1325"
                          CONTENT="quibus"/>
                  <SP HEIGHT="30" WIDTH="10" VPOS="1052" HPOS="1429"/>
                  <String HEIGHT="30"
                          WIDTH="145"
                          VPOS="1052"
                          HPOS="1398"
                          CONTENT="destructis"/>
                  <SP HEIGHT="30" WIDTH="10" VPOS="1052" HPOS="1543"/>
                  <String HEIGHT="30"
                          WIDTH="52"
                          VPOS="1052"
                          HPOS="1501"
                          CONTENT="vel"/>
               </TextLine>
               <TextLine ID="r1l66"
                         BASELINE="1115"
                         HEIGHT="36"
                         WIDTH="596"
                         VPOS="1079"
                         HPOS="963">
                  <String HEIGHT="36"
                          WIDTH="154"
                          VPOS="1079"
                          HPOS="953"
                          CONTENT="simpliciter"/>
                  <SP HEIGHT="36" WIDTH="10" VPOS="1079" HPOS="1107"/>
                  <String HEIGHT="36"
                          WIDTH="134"
                          VPOS="1079"
                          HPOS="1076"
                          CONTENT="impeditis"/>
                  <SP HEIGHT="36" WIDTH="10" VPOS="1079" HPOS="1210"/>
                  <String HEIGHT="36" WIDTH="62" VPOS="1079" HPOS="1179" CONTENT="in"/>
                  <SP HEIGHT="36" WIDTH="10" VPOS="1079" HPOS="1240"/>
                  <String HEIGHT="36"
                          WIDTH="82"
                          VPOS="1079"
                          HPOS="1210"
                          CONTENT="suis"/>
                  <SP HEIGHT="36" WIDTH="10" VPOS="1079" HPOS="1292"/>
                  <String HEIGHT="36"
                          WIDTH="154"
                          VPOS="1079"
                          HPOS="1261"
                          CONTENT="opationibus"/>
                  <SP HEIGHT="36" WIDTH="10" VPOS="1079" HPOS="1415"/>
                  <String HEIGHT="36"
                          WIDTH="154"
                          VPOS="1079"
                          HPOS="1384"
                          CONTENT="intellectus"/>
                  <SP HEIGHT="36" WIDTH="10" VPOS="1079" HPOS="1538"/>
                  <String HEIGHT="36"
                          WIDTH="62"
                          VPOS="1079"
                          HPOS="1497"
                          CONTENT="defi"/>
               </TextLine>
               <TextLine ID="r1l68"
                         BASELINE="1138"
                         HEIGHT="33"
                         WIDTH="591"
                         VPOS="1105"
                         HPOS="961">
                  <String HEIGHT="33" WIDTH="64" VPOS="1105" HPOS="952" CONTENT="cit"/>
                  <SP HEIGHT="33" WIDTH="9" VPOS="1105" HPOS="1016"/>
                  <String HEIGHT="33" WIDTH="55" VPOS="1105" HPOS="988" CONTENT="in"/>
                  <SP HEIGHT="33" WIDTH="9" VPOS="1105" HPOS="1043"/>
                  <String HEIGHT="33"
                          WIDTH="100"
                          VPOS="1105"
                          HPOS="1016"
                          CONTENT="iudicio"/>
                  <SP HEIGHT="33" WIDTH="9" VPOS="1105" HPOS="1116"/>
                  <String HEIGHT="33" WIDTH="55" VPOS="1105" HPOS="1088" CONTENT="et"/>
                  <SP HEIGHT="33" WIDTH="9" VPOS="1105" HPOS="1143"/>
                  <String HEIGHT="33"
                          WIDTH="82"
                          VPOS="1105"
                          HPOS="1116"
                          CONTENT="aliis"/>
                  <SP HEIGHT="33" WIDTH="9" VPOS="1105" HPOS="1197"/>
                  <String HEIGHT="33"
                          WIDTH="155"
                          VPOS="1105"
                          HPOS="1170"
                          CONTENT="operationibus"/>
                  <SP HEIGHT="33" WIDTH="9" VPOS="1105" HPOS="1325"/>
                  <String HEIGHT="33"
                          WIDTH="73"
                          VPOS="1105"
                          HPOS="1297"
                          CONTENT="suis"/>
                  <SP HEIGHT="33" WIDTH="9" VPOS="1105" HPOS="1370"/>
                  <String HEIGHT="33"
                          WIDTH="118"
                          VPOS="1105"
                          HPOS="1343"
                          CONTENT="quandoque"/>
                  <SP HEIGHT="33" WIDTH="9" VPOS="1105" HPOS="1461"/>
                  <String HEIGHT="33" WIDTH="55" VPOS="1105" HPOS="1434" CONTENT="ad"/>
                  <SP HEIGHT="33" WIDTH="9" VPOS="1105" HPOS="1488"/>
                  <String HEIGHT="33"
                          WIDTH="91"
                          VPOS="1105"
                          HPOS="1461"
                          CONTENT="tempus"/>
                  <SP HEIGHT="33" WIDTH="9" VPOS="1105" HPOS="1552"/>
                  <String HEIGHT="33" WIDTH="36" VPOS="1105" HPOS="1516" CONTENT="et"/>
               </TextLine>
               <TextLine ID="r1l70"
                         BASELINE="1170"
                         HEIGHT="35"
                         WIDTH="592"
                         VPOS="1135"
                         HPOS="960">
                  <String HEIGHT="35"
                          WIDTH="90"
                          VPOS="1135"
                          HPOS="950"
                          CONTENT="donec"/>
                  <SP HEIGHT="35" WIDTH="10" VPOS="1135" HPOS="1040"/>
                  <String HEIGHT="35"
                          WIDTH="110"
                          VPOS="1135"
                          HPOS="1010"
                          CONTENT="cessant"/>
                  <SP HEIGHT="35" WIDTH="10" VPOS="1135" HPOS="1121"/>
                  <String HEIGHT="35"
                          WIDTH="151"
                          VPOS="1135"
                          HPOS="1090"
                          CONTENT="impedimenta"/>
                  <SP HEIGHT="35" WIDTH="10" VPOS="1135" HPOS="1241"/>
                  <String HEIGHT="35"
                          WIDTH="130"
                          VPOS="1135"
                          HPOS="1211"
                          CONTENT="quandoque"/>
                  <SP HEIGHT="35" WIDTH="10" VPOS="1135" HPOS="1341"/>
                  <String HEIGHT="35"
                          WIDTH="211"
                          VPOS="1135"
                          HPOS="1311"
                          CONTENT="irrecuperabilitur"/>
                  <SP HEIGHT="35" WIDTH="10" VPOS="1135" HPOS="1522"/>
                  <String HEIGHT="35"
                          WIDTH="70"
                          VPOS="1135"
                          HPOS="1482"
                          CONTENT="quand"/>
               </TextLine>
               <TextLine ID="r1l72"
                         BASELINE="1201"
                         HEIGHT="39"
                         WIDTH="598"
                         VPOS="1162"
                         HPOS="956">
                  <String HEIGHT="39" WIDTH="76" VPOS="1162" HPOS="945" CONTENT="que"/>
                  <SP HEIGHT="39" WIDTH="11" VPOS="1162" HPOS="1021"/>
                  <String HEIGHT="39"
                          WIDTH="207"
                          VPOS="1162"
                          HPOS="989"
                          CONTENT="irrecuperabilis"/>
                  <SP HEIGHT="39" WIDTH="11" VPOS="1162" HPOS="1195"/>
                  <String HEIGHT="39"
                          WIDTH="76"
                          VPOS="1162"
                          HPOS="1163"
                          CONTENT="est"/>
                  <SP HEIGHT="39" WIDTH="11" VPOS="1162" HPOS="1239"/>
                  <String HEIGHT="39"
                          WIDTH="141"
                          VPOS="1162"
                          HPOS="1206"
                          CONTENT="impeditio"/>
                  <SP HEIGHT="39" WIDTH="11" VPOS="1162" HPOS="1347"/>
                  <String HEIGHT="39" WIDTH="65" VPOS="1162" HPOS="1315" CONTENT="in"/>
                  <SP HEIGHT="39" WIDTH="11" VPOS="1162" HPOS="1380"/>
                  <String HEIGHT="39"
                          WIDTH="120"
                          VPOS="1162"
                          HPOS="1347"
                          CONTENT="viribus"/>
                  <SP HEIGHT="39" WIDTH="11" VPOS="1162" HPOS="1467"/>
                  <String HEIGHT="39"
                          WIDTH="130"
                          VPOS="1162"
                          HPOS="1424"
                          CONTENT="sensitiuis"/>
               </TextLine>
               <TextLine ID="r1l74"
                         BASELINE="1227"
                         HEIGHT="38"
                         WIDTH="602"
                         VPOS="1189"
                         HPOS="962">
                  <String HEIGHT="38"
                          WIDTH="124"
                          VPOS="1189"
                          HPOS="952"
                          CONTENT="quandoque"/>
                  <SP HEIGHT="38" WIDTH="10" VPOS="1189" HPOS="1077"/>
                  <String HEIGHT="38"
                          WIDTH="86"
                          VPOS="1189"
                          HPOS="1048"
                          CONTENT="etiam"/>
                  <SP HEIGHT="38" WIDTH="10" VPOS="1189" HPOS="1134"/>
                  <String HEIGHT="38"
                          WIDTH="115"
                          VPOS="1189"
                          HPOS="1105"
                          CONTENT="iudicium"/>
                  <SP HEIGHT="38" WIDTH="10" VPOS="1189" HPOS="1220"/>
                  <String HEIGHT="38"
                          WIDTH="115"
                          VPOS="1189"
                          HPOS="1191"
                          CONTENT="rationis"/>
                  <SP HEIGHT="38" WIDTH="10" VPOS="1189" HPOS="1306"/>
                  <String HEIGHT="38"
                          WIDTH="105"
                          VPOS="1189"
                          HPOS="1277"
                          CONTENT="deficit"/>
                  <SP HEIGHT="38" WIDTH="10" VPOS="1189" HPOS="1382"/>
                  <String HEIGHT="38"
                          WIDTH="143"
                          VPOS="1189"
                          HPOS="1354"
                          CONTENT="partialiter"/>
                  <SP HEIGHT="38" WIDTH="10" VPOS="1189" HPOS="1497"/>
                  <String HEIGHT="38"
                          WIDTH="67"
                          VPOS="1189"
                          HPOS="1468"
                          CONTENT="vel"/>
                  <SP HEIGHT="38" WIDTH="10" VPOS="1189" HPOS="1535"/>
                  <String HEIGHT="38"
                          WIDTH="67"
                          VPOS="1189"
                          HPOS="1497"
                          CONTENT="tota"
                          SUBS_TYPE="HypPart1"
                          SUBS_CONTENT="totaliter"/>
                  <HYP CONTENT="-"/>
               </TextLine>
               <TextLine ID="r1l76"
                         BASELINE="1257"
                         HEIGHT="38"
                         WIDTH="599"
                         VPOS="1219"
                         HPOS="957">
                  <String HEIGHT="38"
                          WIDTH="83"
                          VPOS="1219"
                          HPOS="948"
                          CONTENT="liter"
                          SUBS_TYPE="HypPart2"
                          SUBS_CONTENT="totaliter"/>
                  <SP HEIGHT="38" WIDTH="9" VPOS="1219" HPOS="1031"/>
                  <String HEIGHT="38" WIDTH="55" VPOS="1219" HPOS="1003" CONTENT="ex"/>
                  <SP HEIGHT="38" WIDTH="9" VPOS="1219" HPOS="1058"/>
                  <String HEIGHT="38"
                          WIDTH="120"
                          VPOS="1219"
                          HPOS="1031"
                          CONTENT="auersione"/>
                  <SP HEIGHT="38" WIDTH="9" VPOS="1219" HPOS="1151"/>
                  <String HEIGHT="38"
                          WIDTH="120"
                          VPOS="1219"
                          HPOS="1123"
                          CONTENT="quandoque"/>
                  <SP HEIGHT="38" WIDTH="9" VPOS="1219" HPOS="1243"/>
                  <String HEIGHT="38"
                          WIDTH="111"
                          VPOS="1219"
                          HPOS="1215"
                          CONTENT="scilicet"/>
                  <SP HEIGHT="38" WIDTH="9" VPOS="1219" HPOS="1326"/>
                  <String HEIGHT="38"
                          WIDTH="101"
                          VPOS="1219"
                          HPOS="1298"
                          CONTENT="propter"/>
                  <SP HEIGHT="38" WIDTH="9" VPOS="1219" HPOS="1399"/>
                  <String HEIGHT="38"
                          WIDTH="111"
                          VPOS="1219"
                          HPOS="1372"
                          CONTENT="malitiam"/>
                  <SP HEIGHT="38" WIDTH="9" VPOS="1219" HPOS="1482"/>
                  <String HEIGHT="38"
                          WIDTH="111"
                          VPOS="1219"
                          HPOS="1445"
                          CONTENT="voluntatis"/>
               </TextLine>
               <TextLine ID="r1l78"
                         BASELINE="1285"
                         HEIGHT="41"
                         WIDTH="601"
                         VPOS="1244"
                         HPOS="958">
                  <String HEIGHT="41" WIDTH="52" VPOS="1244" HPOS="948" CONTENT="t"/>
                  <SP HEIGHT="41" WIDTH="10" VPOS="1244" HPOS="999"/>
                  <String HEIGHT="41"
                          WIDTH="93"
                          VPOS="1244"
                          HPOS="968"
                          CONTENT="antum"/>
                  <SP HEIGHT="41" WIDTH="10" VPOS="1244" HPOS="1062"/>
                  <String HEIGHT="41"
                          WIDTH="114"
                          VPOS="1244"
                          HPOS="1031"
                          CONTENT="figitur"/>
                  <SP HEIGHT="41" WIDTH="10" VPOS="1244" HPOS="1145"/>
                  <String HEIGHT="41"
                          WIDTH="155"
                          VPOS="1244"
                          HPOS="1113"
                          CONTENT="intellectus"/>
                  <SP HEIGHT="41" WIDTH="10" VPOS="1244" HPOS="1269"/>
                  <String HEIGHT="41" WIDTH="62" VPOS="1244" HPOS="1238" CONTENT="in"/>
                  <SP HEIGHT="41" WIDTH="10" VPOS="1244" HPOS="1300"/>
                  <String HEIGHT="41"
                          WIDTH="83"
                          VPOS="1244"
                          HPOS="1269"
                          CONTENT="bono"/>
                  <SP HEIGHT="41" WIDTH="10" VPOS="1244" HPOS="1352"/>
                  <String HEIGHT="41"
                          WIDTH="135"
                          VPOS="1244"
                          HPOS="1321"
                          CONTENT="apparente"/>
                  <SP HEIGHT="41" WIDTH="10" VPOS="1244" HPOS="1455"/>
                  <String HEIGHT="41"
                          WIDTH="73"
                          VPOS="1244"
                          HPOS="1424"
                          CONTENT="vel"/>
                  <SP HEIGHT="41" WIDTH="10" VPOS="1244" HPOS="1497"/>
                  <String HEIGHT="41"
                          WIDTH="104"
                          VPOS="1244"
                          HPOS="1455"
                          CONTENT="delecta"
                          SUBS_TYPE="HypPart1"
                          SUBS_CONTENT="delectabili"/>
                  <HYP CONTENT="-"/>
               </TextLine>
               <TextLine ID="r1l80"
                         BASELINE="1312"
                         HEIGHT="37"
                         WIDTH="605"
                         VPOS="1275"
                         HPOS="957">
                  <String HEIGHT="37"
                          WIDTH="78"
                          VPOS="1275"
                          HPOS="947"
                          CONTENT="bili"
                          SUBS_TYPE="HypPart2"
                          SUBS_CONTENT="delectabili"/>
                  <SP HEIGHT="37" WIDTH="10" VPOS="1275" HPOS="1025"/>
                  <String HEIGHT="37"
                          WIDTH="78"
                          VPOS="1275"
                          HPOS="996"
                          CONTENT="quod"/>
                  <SP HEIGHT="37" WIDTH="10" VPOS="1275" HPOS="1074"/>
                  <String HEIGHT="37"
                          WIDTH="88"
                          VPOS="1275"
                          HPOS="1045"
                          CONTENT="etiam"/>
                  <SP HEIGHT="37" WIDTH="10" VPOS="1275" HPOS="1133"/>
                  <String HEIGHT="37"
                          WIDTH="68"
                          VPOS="1275"
                          HPOS="1103"
                          CONTENT="non"/>
                  <SP HEIGHT="37" WIDTH="10" VPOS="1275" HPOS="1172"/>
                  <String HEIGHT="37"
                          WIDTH="88"
                          VPOS="1275"
                          HPOS="1142"
                          CONTENT="habet"/>
                  <SP HEIGHT="37" WIDTH="10" VPOS="1275" HPOS="1230"/>
                  <String HEIGHT="37"
                          WIDTH="98"
                          VPOS="1275"
                          HPOS="1201"
                          CONTENT="rectum"/>
                  <SP HEIGHT="37" WIDTH="10" VPOS="1275" HPOS="1299"/>
                  <String HEIGHT="37"
                          WIDTH="117"
                          VPOS="1275"
                          HPOS="1269"
                          CONTENT="iudicium"/>
                  <SP HEIGHT="37" WIDTH="10" VPOS="1275" HPOS="1386"/>
                  <String HEIGHT="37"
                          WIDTH="78"
                          VPOS="1275"
                          HPOS="1357"
                          CONTENT="quod"/>
                  <SP HEIGHT="37" WIDTH="10" VPOS="1275" HPOS="1435"/>
                  <String HEIGHT="37"
                          WIDTH="68"
                          VPOS="1275"
                          HPOS="1406"
                          CONTENT="hoc"/>
                  <SP HEIGHT="37" WIDTH="10" VPOS="1275" HPOS="1474"/>
                  <String HEIGHT="37"
                          WIDTH="68"
                          VPOS="1275"
                          HPOS="1445"
                          CONTENT="sit"/>
                  <SP HEIGHT="37" WIDTH="10" VPOS="1275" HPOS="1513"/>
                  <String HEIGHT="37"
                          WIDTH="88"
                          VPOS="1275"
                          HPOS="1474"
                          CONTENT="fugien"
                          SUBS_TYPE="HypPart1"
                          SUBS_CONTENT="fugiendum"/>
                  <HYP CONTENT="-"/>
               </TextLine>
               <TextLine ID="r1l82"
                         BASELINE="1336"
                         HEIGHT="29"
                         WIDTH="593"
                         VPOS="1307"
                         HPOS="963">
                  <String HEIGHT="29"
                          WIDTH="69"
                          VPOS="1307"
                          HPOS="953"
                          CONTENT="dum"
                          SUBS_TYPE="HypPart2"
                          SUBS_CONTENT="fugiendum"/>
                  <SP HEIGHT="29" WIDTH="10" VPOS="1307" HPOS="1022"/>
                  <String HEIGHT="29" WIDTH="59" VPOS="1307" HPOS="993" CONTENT="et"/>
                  <SP HEIGHT="29" WIDTH="10" VPOS="1307" HPOS="1052"/>
                  <String HEIGHT="29"
                          WIDTH="89"
                          VPOS="1307"
                          HPOS="1022"
                          CONTENT="verum"/>
                  <SP HEIGHT="29" WIDTH="10" VPOS="1307" HPOS="1111"/>
                  <String HEIGHT="29"
                          WIDTH="89"
                          VPOS="1307"
                          HPOS="1082"
                          CONTENT="bonum"/>
                  <SP HEIGHT="29" WIDTH="10" VPOS="1307" HPOS="1171"/>
                  <String HEIGHT="29"
                          WIDTH="158"
                          VPOS="1307"
                          HPOS="1141"
                          CONTENT="prosequendum"/>
                  <SP HEIGHT="29" WIDTH="10" VPOS="1307" HPOS="1299"/>
                  <String HEIGHT="29"
                          WIDTH="128"
                          VPOS="1307"
                          HPOS="1269"
                          CONTENT="quandoque"/>
                  <SP HEIGHT="29" WIDTH="10" VPOS="1307" HPOS="1398"/>
                  <String HEIGHT="29" WIDTH="59" VPOS="1307" HPOS="1368" CONTENT="ex"/>
                  <SP HEIGHT="29" WIDTH="10" VPOS="1307" HPOS="1428"/>
                  <String HEIGHT="29"
                          WIDTH="89"
                          VPOS="1307"
                          HPOS="1398"
                          CONTENT="nimia"/>
                  <SP HEIGHT="29" WIDTH="10" VPOS="1307" HPOS="1487"/>
                  <String HEIGHT="29"
                          WIDTH="79"
                          VPOS="1307"
                          HPOS="1457"
                          CONTENT="pena"/>
                  <SP HEIGHT="29" WIDTH="10" VPOS="1307" HPOS="1536"/>
                  <String HEIGHT="29"
                          WIDTH="59"
                          VPOS="1307"
                          HPOS="1497"
                          CONTENT="tan"
                          SUBS_TYPE="HypPart1"
                          SUBS_CONTENT="tantum"/>
                  <HYP CONTENT="-"/>
               </TextLine>
               <TextLine ID="r1l84"
                         BASELINE="1369"
                         HEIGHT="35"
                         WIDTH="598"
                         VPOS="1334"
                         HPOS="961">
                  <String HEIGHT="35"
                          WIDTH="71"
                          VPOS="1334"
                          HPOS="951"
                          CONTENT="tum"
                          SUBS_TYPE="HypPart2"
                          SUBS_CONTENT="tantum"/>
                  <SP HEIGHT="35" WIDTH="10" VPOS="1334" HPOS="1022"/>
                  <String HEIGHT="35"
                          WIDTH="111"
                          VPOS="1334"
                          HPOS="991"
                          CONTENT="figitur"/>
                  <SP HEIGHT="35" WIDTH="10" VPOS="1334" HPOS="1103"/>
                  <String HEIGHT="35" WIDTH="61" VPOS="1334" HPOS="1072" CONTENT="in"/>
                  <SP HEIGHT="35" WIDTH="10" VPOS="1334" HPOS="1133"/>
                  <String HEIGHT="35"
                          WIDTH="111"
                          VPOS="1334"
                          HPOS="1103"
                          CONTENT="obiecto"/>
                  <SP HEIGHT="35" WIDTH="10" VPOS="1334" HPOS="1214"/>
                  <String HEIGHT="35"
                          WIDTH="152"
                          VPOS="1334"
                          HPOS="1184"
                          CONTENT="delectabili"/>
                  <SP HEIGHT="35" WIDTH="10" VPOS="1334" HPOS="1336"/>
                  <String HEIGHT="35"
                          WIDTH="81"
                          VPOS="1334"
                          HPOS="1306"
                          CONTENT="quod"/>
                  <SP HEIGHT="35" WIDTH="10" VPOS="1334" HPOS="1387"/>
                  <String HEIGHT="35"
                          WIDTH="122"
                          VPOS="1334"
                          HPOS="1356"
                          CONTENT="iudicium"/>
                  <SP HEIGHT="35" WIDTH="10" VPOS="1334" HPOS="1478"/>
                  <String HEIGHT="35"
                          WIDTH="101"
                          VPOS="1334"
                          HPOS="1448"
                          CONTENT="perdit"/>
                  <SP HEIGHT="35" WIDTH="10" VPOS="1334" HPOS="1549"/>
                  <String HEIGHT="35"
                          WIDTH="51"
                          VPOS="1334"
                          HPOS="1508"
                          CONTENT="ra"
                          SUBS_TYPE="HypPart1"
                          SUBS_CONTENT="rationis"/>
                  <HYP CONTENT="-"/>
               </TextLine>
               <TextLine ID="r1l86"
                         BASELINE="1400"
                         HEIGHT="36"
                         WIDTH="600"
                         VPOS="1364"
                         HPOS="957">
                  <String HEIGHT="36"
                          WIDTH="103"
                          VPOS="1364"
                          HPOS="947"
                          CONTENT="tionis"
                          SUBS_TYPE="HypPart2"
                          SUBS_CONTENT="rationis"/>
                  <SP HEIGHT="36" WIDTH="10" VPOS="1364" HPOS="1050"/>
                  <String HEIGHT="36"
                          WIDTH="134"
                          VPOS="1364"
                          HPOS="1019"
                          CONTENT="quandoque"/>
                  <SP HEIGHT="36" WIDTH="10" VPOS="1364" HPOS="1154"/>
                  <String HEIGHT="36" WIDTH="62" VPOS="1364" HPOS="1123" CONTENT="ex"/>
                  <SP HEIGHT="36" WIDTH="10" VPOS="1364" HPOS="1185"/>
                  <String HEIGHT="36"
                          WIDTH="166"
                          VPOS="1364"
                          HPOS="1154"
                          CONTENT="distractione"/>
                  <SP HEIGHT="36" WIDTH="10" VPOS="1364" HPOS="1319"/>
                  <String HEIGHT="36" WIDTH="62" VPOS="1364" HPOS="1288" CONTENT="ad"/>
                  <SP HEIGHT="36" WIDTH="10" VPOS="1364" HPOS="1350"/>
                  <String HEIGHT="36"
                          WIDTH="93"
                          VPOS="1364"
                          HPOS="1319"
                          CONTENT="varia"/>
                  <SP HEIGHT="36" WIDTH="10" VPOS="1364" HPOS="1412"/>
                  <String HEIGHT="36"
                          WIDTH="103"
                          VPOS="1364"
                          HPOS="1381"
                          CONTENT="quibus"/>
                  <SP HEIGHT="36" WIDTH="10" VPOS="1364" HPOS="1485"/>
                  <String HEIGHT="36"
                          WIDTH="114"
                          VPOS="1364"
                          HPOS="1443"
                          CONTENT="impeditur"/>
               </TextLine>
               <TextLine ID="r1l89"
                         BASELINE="1427"
                         HEIGHT="35"
                         WIDTH="594"
                         VPOS="1392"
                         HPOS="959">
                  <String HEIGHT="35"
                          WIDTH="103"
                          VPOS="1392"
                          HPOS="948"
                          CONTENT="ratio"/>
                  <SP HEIGHT="35" WIDTH="11" VPOS="1392" HPOS="1050"/>
                  <String HEIGHT="35" WIDTH="69" VPOS="1392" HPOS="1016" CONTENT="ne"/>
                  <SP HEIGHT="35" WIDTH="11" VPOS="1392" HPOS="1085"/>
                  <String HEIGHT="35"
                          WIDTH="103"
                          VPOS="1392"
                          HPOS="1050"
                          CONTENT="certa"/>
                  <SP HEIGHT="35" WIDTH="11" VPOS="1392" HPOS="1153"/>
                  <String HEIGHT="35"
                          WIDTH="103"
                          VPOS="1392"
                          HPOS="1119"
                          CONTENT="verum"/>
                  <SP HEIGHT="35" WIDTH="11" VPOS="1392" HPOS="1222"/>
                  <String HEIGHT="35"
                          WIDTH="126"
                          VPOS="1392"
                          HPOS="1187"
                          CONTENT="aliquod"/>
                  <SP HEIGHT="35" WIDTH="11" VPOS="1392" HPOS="1313"/>
                  <String HEIGHT="35"
                          WIDTH="114"
                          VPOS="1392"
                          HPOS="1279"
                          CONTENT="rectum"/>
                  <SP HEIGHT="35" WIDTH="11" VPOS="1392" HPOS="1393"/>
                  <String HEIGHT="35"
                          WIDTH="114"
                          VPOS="1392"
                          HPOS="1359"
                          CONTENT="habeat"/>
                  <SP HEIGHT="35" WIDTH="11" VPOS="1392" HPOS="1473"/>
                  <String HEIGHT="35"
                          WIDTH="126"
                          VPOS="1392"
                          HPOS="1427"
                          CONTENT="iudicium."/>
               </TextLine>
               <TextLine ID="r1l91"
                         BASELINE="1451"
                         HEIGHT="31"
                         WIDTH="575"
                         VPOS="1420"
                         HPOS="980">
                  <String HEIGHT="31" WIDTH="70" VPOS="1420" HPOS="968" CONTENT="Et"/>
                  <SP HEIGHT="31" WIDTH="12" VPOS="1420" HPOS="1039"/>
                  <String HEIGHT="31"
                          WIDTH="106"
                          VPOS="1420"
                          HPOS="1003"
                          CONTENT="istis"/>
                  <SP HEIGHT="31" WIDTH="12" VPOS="1420" HPOS="1109"/>
                  <String HEIGHT="31"
                          WIDTH="117"
                          VPOS="1420"
                          HPOS="1074"
                          CONTENT="tribus"/>
                  <SP HEIGHT="31" WIDTH="12" VPOS="1420" HPOS="1191"/>
                  <String HEIGHT="31"
                          WIDTH="129"
                          VPOS="1420"
                          HPOS="1156"
                          CONTENT="vltimis"/>
                  <SP HEIGHT="31" WIDTH="12" VPOS="1420" HPOS="1285"/>
                  <String HEIGHT="31"
                          WIDTH="106"
                          VPOS="1420"
                          HPOS="1250"
                          CONTENT="modis"/>
                  <SP HEIGHT="31" WIDTH="12" VPOS="1420" HPOS="1356"/>
                  <String HEIGHT="31"
                          WIDTH="106"
                          VPOS="1420"
                          HPOS="1320"
                          CONTENT="etiam"/>
                  <SP HEIGHT="31" WIDTH="12" VPOS="1420" HPOS="1426"/>
                  <String HEIGHT="31"
                          WIDTH="164"
                          VPOS="1420"
                          HPOS="1391"
                          CONTENT="absorbetur"/>
                  <SP HEIGHT="31" WIDTH="12" VPOS="1420" HPOS="1555"/>
                  <String HEIGHT="31" WIDTH="47" VPOS="1420" HPOS="1508" CONTENT="ra"/>
               </TextLine>
               <TextLine ID="r1l93"
                         BASELINE="1479"
                         HEIGHT="30"
                         WIDTH="592"
                         VPOS="1449"
                         HPOS="963">
                  <String HEIGHT="30" WIDTH="83" VPOS="1449" HPOS="951" CONTENT="tio"/>
                  <SP HEIGHT="30" WIDTH="12" VPOS="1449" HPOS="1034"/>
                  <String HEIGHT="30" WIDTH="71" VPOS="1449" HPOS="999" CONTENT="in"/>
                  <SP HEIGHT="30" WIDTH="12" VPOS="1449" HPOS="1070"/>
                  <String HEIGHT="30"
                          WIDTH="130"
                          VPOS="1449"
                          HPOS="1034"
                          CONTENT="angelis"/>
                  <SP HEIGHT="30" WIDTH="12" VPOS="1449" HPOS="1164"/>
                  <String HEIGHT="30" WIDTH="71" VPOS="1449" HPOS="1129" CONTENT="et"/>
                  <SP HEIGHT="30" WIDTH="12" VPOS="1449" HPOS="1200"/>
                  <String HEIGHT="30"
                          WIDTH="142"
                          VPOS="1449"
                          HPOS="1164"
                          CONTENT="animabus"/>
                  <SP HEIGHT="30" WIDTH="12" VPOS="1449" HPOS="1306"/>
                  <String HEIGHT="30"
                          WIDTH="154"
                          VPOS="1449"
                          HPOS="1271"
                          CONTENT="damnatis."/>
                  <SP HEIGHT="30" WIDTH="12" VPOS="1449" HPOS="1425"/>
                  <String HEIGHT="30" WIDTH="59" VPOS="1449" HPOS="1389" CONTENT="⁋"/>
                  <SP HEIGHT="30" WIDTH="12" VPOS="1449" HPOS="1448"/>
                  <String HEIGHT="30" WIDTH="71" VPOS="1449" HPOS="1413" CONTENT="Ad"/>
                  <SP HEIGHT="30" WIDTH="12" VPOS="1449" HPOS="1484"/>
                  <String HEIGHT="30"
                          WIDTH="118"
                          VPOS="1449"
                          HPOS="1437"
                          CONTENT="secundum"/>
               </TextLine>
               <TextLine ID="r1l96"
                         BASELINE="1513"
                         HEIGHT="34"
                         WIDTH="596"
                         VPOS="1479"
                         HPOS="963">
                  <String HEIGHT="34"
                          WIDTH="146"
                          VPOS="1479"
                          HPOS="951"
                          CONTENT="dicendum"/>
                  <SP HEIGHT="34" WIDTH="12" VPOS="1479" HPOS="1097"/>
                  <String HEIGHT="34"
                          WIDTH="97"
                          VPOS="1479"
                          HPOS="1060"
                          CONTENT="quod"/>
                  <SP HEIGHT="34" WIDTH="12" VPOS="1479" HPOS="1158"/>
                  <String HEIGHT="34"
                          WIDTH="182"
                          VPOS="1479"
                          HPOS="1121"
                          CONTENT="assuefactio"/>
                  <SP HEIGHT="34" WIDTH="12" VPOS="1479" HPOS="1304"/>
                  <String HEIGHT="34" WIDTH="73" VPOS="1479" HPOS="1267" CONTENT="ad"/>
                  <SP HEIGHT="34" WIDTH="12" VPOS="1479" HPOS="1340"/>
                  <String HEIGHT="34"
                          WIDTH="109"
                          VPOS="1479"
                          HPOS="1304"
                          CONTENT="malum"/>
                  <SP HEIGHT="34" WIDTH="12" VPOS="1479" HPOS="1413"/>
                  <String HEIGHT="34"
                          WIDTH="134"
                          VPOS="1479"
                          HPOS="1377"
                          CONTENT="impedit"/>
                  <SP HEIGHT="34" WIDTH="12" VPOS="1479" HPOS="1510"/>
                  <String HEIGHT="34" WIDTH="73" VPOS="1479" HPOS="1474" CONTENT="et"/>
                  <SP HEIGHT="34" WIDTH="12" VPOS="1479" HPOS="1547"/>
                  <String HEIGHT="34"
                          WIDTH="61"
                          VPOS="1479"
                          HPOS="1498"
                          CONTENT="dif"/>
               </TextLine>
               <TextLine ID="r1l99"
                         BASELINE="1543"
                         HEIGHT="40"
                         WIDTH="589"
                         VPOS="1503"
                         HPOS="963">
                  <String HEIGHT="40"
                          WIDTH="154"
                          VPOS="1503"
                          HPOS="950"
                          CONTENT="ficultat"/>
                  <SP HEIGHT="40" WIDTH="13" VPOS="1503" HPOS="1104"/>
                  <String HEIGHT="40"
                          WIDTH="179"
                          VPOS="1503"
                          HPOS="1065"
                          CONTENT="voluntatem"/>
                  <SP HEIGHT="40" WIDTH="13" VPOS="1503" HPOS="1245"/>
                  <String HEIGHT="40" WIDTH="77" VPOS="1503" HPOS="1206" CONTENT="ad"/>
                  <SP HEIGHT="40" WIDTH="13" VPOS="1503" HPOS="1283"/>
                  <String HEIGHT="40"
                          WIDTH="102"
                          VPOS="1503"
                          HPOS="1245"
                          CONTENT="bene"/>
                  <SP HEIGHT="40" WIDTH="13" VPOS="1503" HPOS="1347"/>
                  <String HEIGHT="40"
                          WIDTH="154"
                          VPOS="1503"
                          HPOS="1309"
                          CONTENT="volendum"/>
                  <SP HEIGHT="40" WIDTH="13" VPOS="1503" HPOS="1462"/>
                  <String HEIGHT="40" WIDTH="77" VPOS="1503" HPOS="1424" CONTENT="et"/>
                  <SP HEIGHT="40" WIDTH="13" VPOS="1503" HPOS="1501"/>
                  <String HEIGHT="40"
                          WIDTH="102"
                          VPOS="1503"
                          HPOS="1450"
                          CONTENT="facien"/>
               </TextLine>
               <TextLine ID="r1l101"
                         BASELINE="1573"
                         HEIGHT="40"
                         WIDTH="604"
                         VPOS="1533"
                         HPOS="957">
                  <String HEIGHT="40"
                          WIDTH="106"
                          VPOS="1533"
                          HPOS="942"
                          CONTENT="dum"/>
                  <SP HEIGHT="40" WIDTH="15" VPOS="1533" HPOS="1048"/>
                  <String HEIGHT="40"
                          WIDTH="121"
                          VPOS="1533"
                          HPOS="1002"
                          CONTENT="quia"/>
                  <SP HEIGHT="40" WIDTH="15" VPOS="1533" HPOS="1123"/>
                  <String HEIGHT="40"
                          WIDTH="136"
                          VPOS="1533"
                          HPOS="1078"
                          CONTENT="facit"/>
                  <SP HEIGHT="40" WIDTH="15" VPOS="1533" HPOS="1214"/>
                  <String HEIGHT="40"
                          WIDTH="151"
                          VPOS="1533"
                          HPOS="1168"
                          CONTENT="magnum"/>
                  <SP HEIGHT="40" WIDTH="15" VPOS="1533" HPOS="1319"/>
                  <String HEIGHT="40"
                          WIDTH="136"
                          VPOS="1533"
                          HPOS="1274"
                          CONTENT="malum"/>
                  <SP HEIGHT="40" WIDTH="15" VPOS="1533" HPOS="1410"/>
                  <String HEIGHT="40"
                          WIDTH="181"
                          VPOS="1533"
                          HPOS="1365"
                          CONTENT="apparere"/>
                  <SP HEIGHT="40" WIDTH="15" VPOS="1533" HPOS="1546"/>
                  <String HEIGHT="40"
                          WIDTH="76"
                          VPOS="1533"
                          HPOS="1486"
                          CONTENT="mi"
                          SUBS_TYPE="HypPart1"
                          SUBS_CONTENT="minus"/>
                  <HYP CONTENT="-"/>
               </TextLine>
               <TextLine ID="r1l103"
                         BASELINE="1599"
                         HEIGHT="37"
                         WIDTH="597"
                         VPOS="1562"
                         HPOS="959">
                  <String HEIGHT="37"
                          WIDTH="87"
                          VPOS="1562"
                          HPOS="947"
                          CONTENT="nus"
                          SUBS_TYPE="HypPart2"
                          SUBS_CONTENT="minus"/>
                  <SP HEIGHT="37" WIDTH="12" VPOS="1562" HPOS="1034"/>
                  <String HEIGHT="37"
                          WIDTH="112"
                          VPOS="1562"
                          HPOS="996"
                          CONTENT="malum"/>
                  <SP HEIGHT="37" WIDTH="12" VPOS="1562" HPOS="1108"/>
                  <String HEIGHT="37" WIDTH="75" VPOS="1562" HPOS="1071" CONTENT="et"/>
                  <SP HEIGHT="37" WIDTH="12" VPOS="1562" HPOS="1146"/>
                  <String HEIGHT="37"
                          WIDTH="112"
                          VPOS="1562"
                          HPOS="1108"
                          CONTENT="etiam"/>
                  <SP HEIGHT="37" WIDTH="12" VPOS="1562" HPOS="1220"/>
                  <String HEIGHT="37"
                          WIDTH="112"
                          VPOS="1562"
                          HPOS="1183"
                          CONTENT="facit"/>
                  <SP HEIGHT="37" WIDTH="12" VPOS="1562" HPOS="1295"/>
                  <String HEIGHT="37"
                          WIDTH="100"
                          VPOS="1562"
                          HPOS="1258"
                          CONTENT="quod"/>
                  <SP HEIGHT="37" WIDTH="12" VPOS="1562" HPOS="1357"/>
                  <String HEIGHT="37"
                          WIDTH="100"
                          VPOS="1562"
                          HPOS="1320"
                          CONTENT="male"/>
                  <SP HEIGHT="37" WIDTH="12" VPOS="1562" HPOS="1419"/>
                  <String HEIGHT="37"
                          WIDTH="162"
                          VPOS="1562"
                          HPOS="1382"
                          CONTENT="passiones"/>
                  <SP HEIGHT="37" WIDTH="12" VPOS="1562" HPOS="1544"/>
                  <String HEIGHT="37"
                          WIDTH="62"
                          VPOS="1562"
                          HPOS="1494"
                          CONTENT="gra"/>
               </TextLine>
               <TextLine ID="line_1609295348282_1159"
                         BASELINE="1626"
                         HEIGHT="35"
                         WIDTH="607"
                         VPOS="1591"
                         HPOS="958">
                  <String HEIGHT="35"
                          WIDTH="106"
                          VPOS="1591"
                          HPOS="945"
                          CONTENT="uius"/>
                  <SP HEIGHT="35" WIDTH="13" VPOS="1591" HPOS="1050"/>
                  <String HEIGHT="35"
                          WIDTH="172"
                          VPOS="1591"
                          HPOS="1011"
                          CONTENT="insurgunt"/>
                  <SP HEIGHT="35" WIDTH="13" VPOS="1591" HPOS="1182"/>
                  <String HEIGHT="35"
                          WIDTH="119"
                          VPOS="1591"
                          HPOS="1143"
                          CONTENT="etiam"/>
                  <SP HEIGHT="35" WIDTH="13" VPOS="1591" HPOS="1262"/>
                  <String HEIGHT="35" WIDTH="79" VPOS="1591" HPOS="1222" CONTENT="et"/>
                  <SP HEIGHT="35" WIDTH="13" VPOS="1591" HPOS="1301"/>
                  <String HEIGHT="35"
                          WIDTH="145"
                          VPOS="1591"
                          HPOS="1262"
                          CONTENT="habitus"/>
                  <SP HEIGHT="35" WIDTH="13" VPOS="1591" HPOS="1407"/>
                  <String HEIGHT="35"
                          WIDTH="119"
                          VPOS="1591"
                          HPOS="1367"
                          CONTENT="malus"/>
                  <SP HEIGHT="35" WIDTH="13" VPOS="1591" HPOS="1486"/>
                  <String HEIGHT="35"
                          WIDTH="132"
                          VPOS="1591"
                          HPOS="1433"
                          CONTENT="inclinat"/>
               </TextLine>
               <TextLine ID="line_1609295348283_1161"
                         BASELINE="1651"
                         HEIGHT="30"
                         WIDTH="603"
                         VPOS="1621"
                         HPOS="961">
                  <String HEIGHT="30" WIDTH="79" VPOS="1621" HPOS="948" CONTENT="ad"/>
                  <SP HEIGHT="30" WIDTH="13" VPOS="1621" HPOS="1027"/>
                  <String HEIGHT="30"
                          WIDTH="157"
                          VPOS="1621"
                          HPOS="987"
                          CONTENT="similia."/>
                  <SP HEIGHT="30" WIDTH="13" VPOS="1621" HPOS="1145"/>
                  <String HEIGHT="30"
                          WIDTH="105"
                          VPOS="1621"
                          HPOS="1105"
                          CONTENT="Unde"/>
                  <SP HEIGHT="30" WIDTH="13" VPOS="1621" HPOS="1210"/>
                  <String HEIGHT="30"
                          WIDTH="184"
                          VPOS="1621"
                          HPOS="1171"
                          CONTENT="augustinus"/>
                  <SP HEIGHT="30" WIDTH="13" VPOS="1621" HPOS="1354"/>
                  <String HEIGHT="30"
                          WIDTH="131"
                          VPOS="1621"
                          HPOS="1315"
                          CONTENT="ezech."/>
                  <SP HEIGHT="30" WIDTH="13" VPOS="1621" HPOS="1446"/>
                  <String HEIGHT="30"
                          WIDTH="157"
                          VPOS="1621"
                          HPOS="1407"
                          CONTENT="capitulo"/>
                  <SP HEIGHT="30" WIDTH="13" VPOS="1621" HPOS="1564"/>
                  <String HEIGHT="30" WIDTH="52" VPOS="1621" HPOS="1512" CONTENT="Fi"/>
               </TextLine>
               <TextLine ID="r1l109"
                         BASELINE="1683"
                         HEIGHT="36"
                         WIDTH="594"
                         VPOS="1647"
                         HPOS="961">
                  <String HEIGHT="36"
                          WIDTH="139"
                          VPOS="1647"
                          HPOS="948"
                          CONTENT="peccata"/>
                  <SP HEIGHT="36" WIDTH="13" VPOS="1647" HPOS="1087"/>
                  <String HEIGHT="36"
                          WIDTH="139"
                          VPOS="1647"
                          HPOS="1049"
                          CONTENT="quamuis"/>
                  <SP HEIGHT="36" WIDTH="13" VPOS="1647" HPOS="1188"/>
                  <String HEIGHT="36"
                          WIDTH="114"
                          VPOS="1647"
                          HPOS="1151"
                          CONTENT="magna"/>
                  <SP HEIGHT="36" WIDTH="13" VPOS="1647" HPOS="1264"/>
                  <String HEIGHT="36" WIDTH="76" VPOS="1647" HPOS="1226" CONTENT="et"/>
                  <SP HEIGHT="36" WIDTH="13" VPOS="1647" HPOS="1302"/>
                  <String HEIGHT="36"
                          WIDTH="152"
                          VPOS="1647"
                          HPOS="1264"
                          CONTENT="horrenda"/>
                  <SP HEIGHT="36" WIDTH="13" VPOS="1647" HPOS="1416"/>
                  <String HEIGHT="36"
                          WIDTH="88"
                          VPOS="1647"
                          HPOS="1378"
                          CONTENT="cum"/>
                  <SP HEIGHT="36" WIDTH="13" VPOS="1647" HPOS="1467"/>
                  <String HEIGHT="36" WIDTH="76" VPOS="1647" HPOS="1429" CONTENT="in"/>
                  <SP HEIGHT="36" WIDTH="13" VPOS="1647" HPOS="1504"/>
                  <String HEIGHT="36"
                          WIDTH="101"
                          VPOS="1647"
                          HPOS="1454"
                          CONTENT="consue"/>
               </TextLine>
               <TextLine ID="r1l111"
                         BASELINE="1709"
                         HEIGHT="33"
                         WIDTH="594"
                         VPOS="1676"
                         HPOS="959">
                  <String HEIGHT="33"
                          WIDTH="142"
                          VPOS="1676"
                          HPOS="946"
                          CONTENT="tudinem"/>
                  <SP HEIGHT="33" WIDTH="13" VPOS="1676" HPOS="1088"/>
                  <String HEIGHT="33"
                          WIDTH="155"
                          VPOS="1676"
                          HPOS="1049"
                          CONTENT="venerint"/>
                  <SP HEIGHT="33" WIDTH="13" VPOS="1676" HPOS="1204"/>
                  <String HEIGHT="33"
                          WIDTH="90"
                          VPOS="1676"
                          HPOS="1166"
                          CONTENT="aut"/>
                  <SP HEIGHT="33" WIDTH="13" VPOS="1676" HPOS="1256"/>
                  <String HEIGHT="33"
                          WIDTH="116"
                          VPOS="1676"
                          HPOS="1217"
                          CONTENT="parua"/>
                  <SP HEIGHT="33" WIDTH="13" VPOS="1676" HPOS="1333"/>
                  <String HEIGHT="33"
                          WIDTH="90"
                          VPOS="1676"
                          HPOS="1295"
                          CONTENT="aut"/>
                  <SP HEIGHT="33" WIDTH="13" VPOS="1676" HPOS="1385"/>
                  <String HEIGHT="33"
                          WIDTH="116"
                          VPOS="1676"
                          HPOS="1346"
                          CONTENT="nulla"/>
                  <SP HEIGHT="33" WIDTH="13" VPOS="1676" HPOS="1463"/>
                  <String HEIGHT="33"
                          WIDTH="142"
                          VPOS="1676"
                          HPOS="1411"
                          CONTENT="creduntur"/>
               </TextLine>
               <TextLine ID="r1l113"
                         BASELINE="1739"
                         HEIGHT="34"
                         WIDTH="605"
                         VPOS="1705"
                         HPOS="957">
                  <String HEIGHT="34"
                          WIDTH="118"
                          VPOS="1705"
                          HPOS="944"
                          CONTENT="vsque"/>
                  <SP HEIGHT="34" WIDTH="13" VPOS="1705" HPOS="1062"/>
                  <String HEIGHT="34"
                          WIDTH="105"
                          VPOS="1705"
                          HPOS="1023"
                          CONTENT="adeo"/>
                  <SP HEIGHT="34" WIDTH="13" VPOS="1705" HPOS="1128"/>
                  <String HEIGHT="34"
                          WIDTH="92"
                          VPOS="1705"
                          HPOS="1089"
                          CONTENT="non"/>
                  <SP HEIGHT="34" WIDTH="13" VPOS="1705" HPOS="1181"/>
                  <String HEIGHT="34"
                          WIDTH="118"
                          VPOS="1705"
                          HPOS="1141"
                          CONTENT="solum"/>
                  <SP HEIGHT="34" WIDTH="13" VPOS="1705" HPOS="1260"/>
                  <String HEIGHT="34" WIDTH="79" VPOS="1705" HPOS="1220" CONTENT="vt"/>
                  <SP HEIGHT="34" WIDTH="13" VPOS="1705" HPOS="1299"/>
                  <String HEIGHT="34"
                          WIDTH="184"
                          VPOS="1705"
                          HPOS="1260"
                          CONTENT="occultanda"/>
                  <SP HEIGHT="34" WIDTH="13" VPOS="1705" HPOS="1444"/>
                  <String HEIGHT="34"
                          WIDTH="118"
                          VPOS="1705"
                          HPOS="1404"
                          CONTENT="verum"/>
                  <SP HEIGHT="34" WIDTH="13" VPOS="1705" HPOS="1523"/>
                  <String HEIGHT="34"
                          WIDTH="92"
                          VPOS="1705"
                          HPOS="1470"
                          CONTENT="etiam"/>
               </TextLine>
               <TextLine ID="r1l115"
                         BASELINE="1767"
                         HEIGHT="34"
                         WIDTH="601"
                         VPOS="1733"
                         HPOS="960">
                  <String HEIGHT="34"
                          WIDTH="179"
                          VPOS="1733"
                          HPOS="947"
                          CONTENT="predicanda"/>
                  <SP HEIGHT="34" WIDTH="13" VPOS="1733" HPOS="1126"/>
                  <String HEIGHT="34" WIDTH="77" VPOS="1733" HPOS="1088" CONTENT="et"/>
                  <SP HEIGHT="34" WIDTH="13" VPOS="1733" HPOS="1165"/>
                  <String HEIGHT="34"
                          WIDTH="179"
                          VPOS="1733"
                          HPOS="1126"
                          CONTENT="diffamanda"/>
                  <SP HEIGHT="34" WIDTH="13" VPOS="1733" HPOS="1305"/>
                  <String HEIGHT="34"
                          WIDTH="179"
                          VPOS="1733"
                          HPOS="1267"
                          CONTENT="videantur."/>
                  <SP HEIGHT="34" WIDTH="13" VPOS="1733" HPOS="1446"/>
                  <String HEIGHT="34" WIDTH="64" VPOS="1733" HPOS="1408" CONTENT="⁋"/>
                  <SP HEIGHT="34" WIDTH="13" VPOS="1733" HPOS="1471"/>
                  <String HEIGHT="34"
                          WIDTH="102"
                          VPOS="1733"
                          HPOS="1433"
                          CONTENT="Item"/>
                  <SP HEIGHT="34" WIDTH="13" VPOS="1733" HPOS="1535"/>
                  <String HEIGHT="34"
                          WIDTH="77"
                          VPOS="1733"
                          HPOS="1484"
                          CONTENT="cesa"/>
               </TextLine>
               <TextLine ID="r1l117"
                         BASELINE="1793"
                         HEIGHT="32"
                         WIDTH="591"
                         VPOS="1761"
                         HPOS="965">
                  <String HEIGHT="32"
                          WIDTH="101"
                          VPOS="1761"
                          HPOS="952"
                          CONTENT="rius"/>
                  <SP HEIGHT="32" WIDTH="13" VPOS="1761" HPOS="1053"/>
                  <String HEIGHT="32" WIDTH="75" VPOS="1761" HPOS="1015" CONTENT="in"/>
                  <SP HEIGHT="32" WIDTH="13" VPOS="1761" HPOS="1091"/>
                  <String HEIGHT="32"
                          WIDTH="138"
                          VPOS="1761"
                          HPOS="1053"
                          CONTENT="sermone"/>
                  <SP HEIGHT="32" WIDTH="13" VPOS="1761" HPOS="1191"/>
                  <String HEIGHT="32"
                          WIDTH="113"
                          VPOS="1761"
                          HPOS="1154"
                          CONTENT="habet"/>
                  <SP HEIGHT="32" WIDTH="13" VPOS="1761" HPOS="1267"/>
                  <String HEIGHT="32"
                          WIDTH="88"
                          VPOS="1761"
                          HPOS="1229"
                          CONTENT="hoc"/>
                  <SP HEIGHT="32" WIDTH="13" VPOS="1761" HPOS="1317"/>
                  <String HEIGHT="32"
                          WIDTH="138"
                          VPOS="1761"
                          HPOS="1279"
                          CONTENT="infelix"/>
                  <SP HEIGHT="32" WIDTH="13" VPOS="1761" HPOS="1418"/>
                  <String HEIGHT="32"
                          WIDTH="176"
                          VPOS="1761"
                          HPOS="1380"
                          CONTENT="consuetudo"/>
                  <SP HEIGHT="32" WIDTH="13" VPOS="1761" HPOS="1556"/>
                  <String HEIGHT="32" WIDTH="50" VPOS="1761" HPOS="1506" CONTENT="vt"/>
               </TextLine>
               <TextLine ID="r1l119"
                         BASELINE="1821"
                         HEIGHT="32"
                         WIDTH="591"
                         VPOS="1789"
                         HPOS="967">
                  <String HEIGHT="32"
                          WIDTH="134"
                          VPOS="1789"
                          HPOS="954"
                          CONTENT="quanto"/>
                  <SP HEIGHT="32" WIDTH="13" VPOS="1789" HPOS="1088"/>
                  <String HEIGHT="32"
                          WIDTH="148"
                          VPOS="1789"
                          HPOS="1048"
                          CONTENT="amplius"/>
                  <SP HEIGHT="32" WIDTH="13" VPOS="1789" HPOS="1195"/>
                  <String HEIGHT="32"
                          WIDTH="161"
                          VPOS="1789"
                          HPOS="1155"
                          CONTENT="quilibet"/>
                  <SP HEIGHT="32" WIDTH="13" VPOS="1789" HPOS="1316"/>
                  <String HEIGHT="32"
                          WIDTH="188"
                          VPOS="1789"
                          HPOS="1276"
                          CONTENT="peccauerit"/>
                  <SP HEIGHT="32" WIDTH="13" VPOS="1789" HPOS="1464"/>
                  <String HEIGHT="32"
                          WIDTH="121"
                          VPOS="1789"
                          HPOS="1424"
                          CONTENT="tanto"/>
                  <SP HEIGHT="32" WIDTH="13" VPOS="1789" HPOS="1545"/>
                  <String HEIGHT="32"
                          WIDTH="67"
                          VPOS="1789"
                          HPOS="1491"
                          CONTENT="mi"
                          SUBS_TYPE="HypPart1"
                          SUBS_CONTENT="minus"/>
                  <HYP CONTENT="-"/>
               </TextLine>
               <TextLine ID="r1l121"
                         BASELINE="1851"
                         HEIGHT="32"
                         WIDTH="595"
                         VPOS="1819"
                         HPOS="960">
                  <String HEIGHT="32"
                          WIDTH="87"
                          VPOS="1819"
                          HPOS="948"
                          CONTENT="nus"
                          SUBS_TYPE="HypPart2"
                          SUBS_CONTENT="minus"/>
                  <SP HEIGHT="32" WIDTH="12" VPOS="1819" HPOS="1034"/>
                  <String HEIGHT="32"
                          WIDTH="99"
                          VPOS="1819"
                          HPOS="997"
                          CONTENT="ipsa"/>
                  <SP HEIGHT="32" WIDTH="12" VPOS="1819" HPOS="1096"/>
                  <String HEIGHT="32"
                          WIDTH="136"
                          VPOS="1819"
                          HPOS="1059"
                          CONTENT="peccata"/>
                  <SP HEIGHT="32" WIDTH="12" VPOS="1819" HPOS="1196"/>
                  <String HEIGHT="32"
                          WIDTH="174"
                          VPOS="1819"
                          HPOS="1158"
                          CONTENT="intelligat"/>
                  <SP HEIGHT="32" WIDTH="12" VPOS="1819" HPOS="1332"/>
                  <String HEIGHT="32" WIDTH="74" VPOS="1819" HPOS="1295" CONTENT="et"/>
                  <SP HEIGHT="32" WIDTH="12" VPOS="1819" HPOS="1369"/>
                  <String HEIGHT="32"
                          WIDTH="112"
                          VPOS="1819"
                          HPOS="1332"
                          CONTENT="tanto"/>
                  <SP HEIGHT="32" WIDTH="12" VPOS="1819" HPOS="1443"/>
                  <String HEIGHT="32"
                          WIDTH="99"
                          VPOS="1819"
                          HPOS="1406"
                          CONTENT="plus"/>
                  <SP HEIGHT="32" WIDTH="12" VPOS="1819" HPOS="1505"/>
                  <String HEIGHT="32"
                          WIDTH="87"
                          VPOS="1819"
                          HPOS="1468"
                          CONTENT="eum"/>
                  <SP HEIGHT="32" WIDTH="12" VPOS="1819" HPOS="1555"/>
                  <String HEIGHT="32" WIDTH="50" VPOS="1819" HPOS="1505" CONTENT="de"/>
               </TextLine>
               <TextLine ID="r1l123"
                         BASELINE="1882"
                         HEIGHT="40"
                         WIDTH="604"
                         VPOS="1842"
                         HPOS="956">
                  <String HEIGHT="40"
                          WIDTH="129"
                          VPOS="1842"
                          HPOS="943"
                          CONTENT="lectat"/>
                  <SP HEIGHT="40" WIDTH="13" VPOS="1842" HPOS="1072"/>
                  <String HEIGHT="40"
                          WIDTH="154"
                          VPOS="1842"
                          HPOS="1033"
                          CONTENT="peccare."/>
                  <SP HEIGHT="40" WIDTH="13" VPOS="1842" HPOS="1187"/>
                  <String HEIGHT="40" WIDTH="64" VPOS="1842" HPOS="1149" CONTENT="⁋"/>
                  <SP HEIGHT="40" WIDTH="13" VPOS="1842" HPOS="1213"/>
                  <String HEIGHT="40"
                          WIDTH="103"
                          VPOS="1842"
                          HPOS="1174"
                          CONTENT="Item"/>
                  <SP HEIGHT="40" WIDTH="13" VPOS="1842" HPOS="1277"/>
                  <String HEIGHT="40"
                          WIDTH="180"
                          VPOS="1842"
                          HPOS="1239"
                          CONTENT="augustinus"/>
                  <SP HEIGHT="40" WIDTH="13" VPOS="1842" HPOS="1419"/>
                  <String HEIGHT="40"
                          WIDTH="116"
                          VPOS="1842"
                          HPOS="1380"
                          CONTENT="super"/>
                  <SP HEIGHT="40" WIDTH="13" VPOS="1842" HPOS="1496"/>
                  <String HEIGHT="40"
                          WIDTH="103"
                          VPOS="1842"
                          HPOS="1457"
                          CONTENT="psal"/>
                  <SP HEIGHT="40" WIDTH="13" VPOS="1842" HPOS="1560"/>
                  <String HEIGHT="40" WIDTH="51" VPOS="1842" HPOS="1509" CONTENT="6o"/>
               </TextLine>
               <TextLine ID="r1l125"
                         BASELINE="1911"
                         HEIGHT="33"
                         WIDTH="601"
                         VPOS="1878"
                         HPOS="956">
                  <String HEIGHT="33"
                          WIDTH="100"
                          VPOS="1878"
                          HPOS="943"
                          CONTENT="omne"/>
                  <SP HEIGHT="33" WIDTH="13" VPOS="1878" HPOS="1044"/>
                  <String HEIGHT="33"
                          WIDTH="150"
                          VPOS="1878"
                          HPOS="1006"
                          CONTENT="peccatum"/>
                  <SP HEIGHT="33" WIDTH="13" VPOS="1878" HPOS="1156"/>
                  <String HEIGHT="33"
                          WIDTH="200"
                          VPOS="1878"
                          HPOS="1119"
                          CONTENT="consuetudine"/>
                  <SP HEIGHT="33" WIDTH="13" VPOS="1878" HPOS="1319"/>
                  <String HEIGHT="33"
                          WIDTH="150"
                          VPOS="1878"
                          HPOS="1282"
                          CONTENT="vilescit"/>
                  <SP HEIGHT="33" WIDTH="13" VPOS="1878" HPOS="1432"/>
                  <String HEIGHT="33" WIDTH="75" VPOS="1878" HPOS="1394" CONTENT="et"/>
                  <SP HEIGHT="33" WIDTH="13" VPOS="1878" HPOS="1469"/>
                  <String HEIGHT="33"
                          WIDTH="125"
                          VPOS="1878"
                          HPOS="1432"
                          CONTENT="nescit"/>
                  <SP HEIGHT="33" WIDTH="13" VPOS="1878" HPOS="1557"/>
                  <String HEIGHT="33" WIDTH="50" VPOS="1878" HPOS="1507" CONTENT="ho"/>
               </TextLine>
               <TextLine ID="r1l127"
                         BASELINE="1939"
                         HEIGHT="35"
                         WIDTH="603"
                         VPOS="1904"
                         HPOS="957">
                  <String HEIGHT="35" WIDTH="75" VPOS="1904" HPOS="944" CONTENT="mo"/>
                  <SP HEIGHT="35" WIDTH="13" VPOS="1904" HPOS="1020"/>
                  <String HEIGHT="35"
                          WIDTH="138"
                          VPOS="1904"
                          HPOS="982"
                          CONTENT="quantum"/>
                  <SP HEIGHT="35" WIDTH="13" VPOS="1904" HPOS="1120"/>
                  <String HEIGHT="35"
                          WIDTH="101"
                          VPOS="1904"
                          HPOS="1083"
                          CONTENT="sit."/>
                  <SP HEIGHT="35" WIDTH="13" VPOS="1904" HPOS="1183"/>
                  <String HEIGHT="35" WIDTH="75" VPOS="1904" HPOS="1145" CONTENT="Et"/>
                  <SP HEIGHT="35" WIDTH="13" VPOS="1904" HPOS="1221"/>
                  <String HEIGHT="35"
                          WIDTH="163"
                          VPOS="1904"
                          HPOS="1183"
                          CONTENT="gregorius"/>
                  <SP HEIGHT="35" WIDTH="13" VPOS="1904" HPOS="1346"/>
                  <String HEIGHT="35" WIDTH="75" VPOS="1904" HPOS="1309" CONTENT="in"/>
                  <SP HEIGHT="35" WIDTH="13" VPOS="1904" HPOS="1384"/>
                  <String HEIGHT="35"
                          WIDTH="151"
                          VPOS="1904"
                          HPOS="1346"
                          CONTENT="registro"/>
                  <SP HEIGHT="35" WIDTH="13" VPOS="1904" HPOS="1497"/>
                  <String HEIGHT="35" WIDTH="75" VPOS="1904" HPOS="1460" CONTENT="si"/>
                  <SP HEIGHT="35" WIDTH="13" VPOS="1904" HPOS="1535"/>
                  <String HEIGHT="35"
                          WIDTH="75"
                          VPOS="1904"
                          HPOS="1485"
                          CONTENT="pra"
                          SUBS_TYPE="HypPart1"
                          SUBS_CONTENT="praue"/>
                  <HYP CONTENT="-"/>
               </TextLine>
               <TextLine ID="r1l129"
                         BASELINE="1967"
                         HEIGHT="36"
                         WIDTH="589"
                         VPOS="1931"
                         HPOS="964">
                  <String HEIGHT="36"
                          WIDTH="61"
                          VPOS="1931"
                          HPOS="954"
                          CONTENT="ue"
                          SUBS_TYPE="HypPart2"
                          SUBS_CONTENT="praue"/>
                  <SP HEIGHT="36" WIDTH="10" VPOS="1931" HPOS="1015"/>
                  <String HEIGHT="36" WIDTH="71" VPOS="1931" HPOS="984" CONTENT="rei"/>
                  <SP HEIGHT="36" WIDTH="10" VPOS="1931" HPOS="1055"/>
                  <String HEIGHT="36"
                          WIDTH="122"
                          VPOS="1931"
                          HPOS="1025"
                          CONTENT="antequam"/>
                  <SP HEIGHT="36" WIDTH="10" VPOS="1931" HPOS="1147"/>
                  <String HEIGHT="36"
                          WIDTH="142"
                          VPOS="1931"
                          HPOS="1116"
                          CONTENT="inualescat"/>
                  <SP HEIGHT="36" WIDTH="10" VPOS="1931" HPOS="1259"/>
                  <String HEIGHT="36"
                          WIDTH="102"
                          VPOS="1931"
                          HPOS="1228"
                          CONTENT="aditus"/>
                  <SP HEIGHT="36" WIDTH="10" VPOS="1931" HPOS="1330"/>
                  <String HEIGHT="36"
                          WIDTH="71"
                          VPOS="1931"
                          HPOS="1299"
                          CONTENT="non"/>
                  <SP HEIGHT="36" WIDTH="10" VPOS="1931" HPOS="1370"/>
                  <String HEIGHT="36"
                          WIDTH="132"
                          VPOS="1931"
                          HPOS="1340"
                          CONTENT="clauditur"/>
                  <SP HEIGHT="36" WIDTH="10" VPOS="1931" HPOS="1472"/>
                  <String HEIGHT="36"
                          WIDTH="71"
                          VPOS="1931"
                          HPOS="1441"
                          CONTENT="fit"/>
                  <SP HEIGHT="36" WIDTH="10" VPOS="1931" HPOS="1512"/>
                  <String HEIGHT="36"
                          WIDTH="81"
                          VPOS="1931"
                          HPOS="1472"
                          CONTENT="latior"/>
               </TextLine>
               <TextLine ID="r1l131"
                         BASELINE="1991"
                         HEIGHT="31"
                         WIDTH="596"
                         VPOS="1960"
                         HPOS="961">
                  <String HEIGHT="31" WIDTH="66" VPOS="1960" HPOS="950" CONTENT="et"/>
                  <SP HEIGHT="31" WIDTH="11" VPOS="1960" HPOS="1016"/>
                  <String HEIGHT="31"
                          WIDTH="88"
                          VPOS="1960"
                          HPOS="983"
                          CONTENT="erit"/>
                  <SP HEIGHT="31" WIDTH="11" VPOS="1960" HPOS="1071"/>
                  <String HEIGHT="31"
                          WIDTH="177"
                          VPOS="1960"
                          HPOS="1038"
                          CONTENT="consuetudine"/>
                  <SP HEIGHT="31" WIDTH="11" VPOS="1960" HPOS="1215"/>
                  <String HEIGHT="31"
                          WIDTH="121"
                          VPOS="1960"
                          HPOS="1182"
                          CONTENT="licitum"/>
                  <SP HEIGHT="31" WIDTH="11" VPOS="1960" HPOS="1303"/>
                  <String HEIGHT="31"
                          WIDTH="88"
                          VPOS="1960"
                          HPOS="1270"
                          CONTENT="quod"/>
                  <SP HEIGHT="31" WIDTH="11" VPOS="1960" HPOS="1358"/>
                  <String HEIGHT="31"
                          WIDTH="121"
                          VPOS="1960"
                          HPOS="1325"
                          CONTENT="constat"/>
                  <SP HEIGHT="31" WIDTH="11" VPOS="1960" HPOS="1447"/>
                  <String HEIGHT="31"
                          WIDTH="88"
                          VPOS="1960"
                          HPOS="1414"
                          CONTENT="esse"/>
                  <SP HEIGHT="31" WIDTH="11" VPOS="1960" HPOS="1502"/>
                  <String HEIGHT="31"
                          WIDTH="99"
                          VPOS="1960"
                          HPOS="1458"
                          CONTENT="ratione"/>
               </TextLine>
               <TextLine ID="r1l133"
                         BASELINE="2020"
                         HEIGHT="32"
                         WIDTH="592"
                         VPOS="1988"
                         HPOS="961">
                  <String HEIGHT="32"
                          WIDTH="151"
                          VPOS="1988"
                          HPOS="951"
                          CONTENT="prohibitum."/>
                  <SP HEIGHT="32" WIDTH="10" VPOS="1988" HPOS="1101"/>
                  <String HEIGHT="32" WIDTH="50" VPOS="1988" HPOS="1071" CONTENT="⁋"/>
                  <SP HEIGHT="32" WIDTH="10" VPOS="1988" HPOS="1122"/>
                  <String HEIGHT="32"
                          WIDTH="90"
                          VPOS="1988"
                          HPOS="1091"
                          CONTENT="Tamen"/>
                  <SP HEIGHT="32" WIDTH="10" VPOS="1988" HPOS="1182"/>
                  <String HEIGHT="32"
                          WIDTH="70"
                          VPOS="1988"
                          HPOS="1152"
                          CONTENT="cum"/>
                  <SP HEIGHT="32" WIDTH="10" VPOS="1988" HPOS="1222"/>
                  <String HEIGHT="32"
                          WIDTH="70"
                          VPOS="1988"
                          HPOS="1192"
                          CONTENT="his"/>
                  <SP HEIGHT="32" WIDTH="10" VPOS="1988" HPOS="1262"/>
                  <String HEIGHT="32"
                          WIDTH="110"
                          VPOS="1988"
                          HPOS="1232"
                          CONTENT="omnibus"/>
                  <SP HEIGHT="32" WIDTH="10" VPOS="1988" HPOS="1342"/>
                  <String HEIGHT="32"
                          WIDTH="80"
                          VPOS="1988"
                          HPOS="1312"
                          CONTENT="stat"/>
                  <SP HEIGHT="32" WIDTH="10" VPOS="1988" HPOS="1392"/>
                  <String HEIGHT="32"
                          WIDTH="80"
                          VPOS="1988"
                          HPOS="1362"
                          CONTENT="quod"/>
                  <SP HEIGHT="32" WIDTH="10" VPOS="1988" HPOS="1443"/>
                  <String HEIGHT="32"
                          WIDTH="110"
                          VPOS="1988"
                          HPOS="1413"
                          CONTENT="taliter"/>
                  <SP HEIGHT="32" WIDTH="10" VPOS="1988" HPOS="1523"/>
                  <String HEIGHT="32"
                          WIDTH="70"
                          VPOS="1988"
                          HPOS="1483"
                          CONTENT="assue"/>
               </TextLine>
               <TextLine ID="r1l135"
                         BASELINE="2051"
                         HEIGHT="33"
                         WIDTH="597"
                         VPOS="2018"
                         HPOS="956">
                  <String HEIGHT="33"
                          WIDTH="144"
                          VPOS="2018"
                          HPOS="946"
                          CONTENT="factiones."/>
                  <SP HEIGHT="33" WIDTH="10" VPOS="2018" HPOS="1090"/>
                  <String HEIGHT="33" WIDTH="62" VPOS="2018" HPOS="1059" CONTENT="si"/>
                  <SP HEIGHT="33" WIDTH="10" VPOS="2018" HPOS="1121"/>
                  <String HEIGHT="33"
                          WIDTH="113"
                          VPOS="2018"
                          HPOS="1090"
                          CONTENT="iudicet"/>
                  <SP HEIGHT="33" WIDTH="10" VPOS="2018" HPOS="1203"/>
                  <String HEIGHT="33"
                          WIDTH="93"
                          VPOS="2018"
                          HPOS="1172"
                          CONTENT="illud"/>
                  <SP HEIGHT="33" WIDTH="10" VPOS="2018" HPOS="1265"/>
                  <String HEIGHT="33"
                          WIDTH="82"
                          VPOS="2018"
                          HPOS="1234"
                          CONTENT="esse"/>
                  <SP HEIGHT="33" WIDTH="10" VPOS="2018" HPOS="1316"/>
                  <String HEIGHT="33"
                          WIDTH="93"
                          VPOS="2018"
                          HPOS="1285"
                          CONTENT="malum"/>
                  <SP HEIGHT="33" WIDTH="10" VPOS="2018" HPOS="1378"/>
                  <String HEIGHT="33"
                          WIDTH="103"
                          VPOS="2018"
                          HPOS="1347"
                          CONTENT="libere"/>
                  <SP HEIGHT="33" WIDTH="10" VPOS="2018" HPOS="1450"/>
                  <String HEIGHT="33"
                          WIDTH="103"
                          VPOS="2018"
                          HPOS="1419"
                          CONTENT="potest"/>
                  <SP HEIGHT="33" WIDTH="10" VPOS="2018" HPOS="1522"/>
                  <String HEIGHT="33"
                          WIDTH="72"
                          VPOS="2018"
                          HPOS="1481"
                          CONTENT="velle"/>
               </TextLine>
               <TextLine ID="line_1609295348285_1163"
                         BASELINE="2095"
                         HEIGHT="49"
                         WIDTH="603"
                         VPOS="2046"
                         HPOS="956">
                  <String HEIGHT="49" WIDTH="83" VPOS="2046" HPOS="944" CONTENT="non"/>
                  <SP HEIGHT="49" WIDTH="12" VPOS="2046" HPOS="1027"/>
                  <String HEIGHT="49"
                          WIDTH="142"
                          VPOS="2046"
                          HPOS="991"
                          CONTENT="prosequi"/>
                  <SP HEIGHT="49" WIDTH="12" VPOS="2046" HPOS="1133"/>
                  <String HEIGHT="49"
                          WIDTH="106"
                          VPOS="2046"
                          HPOS="1098"
                          CONTENT="ipsum"/>
                  <SP HEIGHT="49" WIDTH="12" VPOS="2046" HPOS="1204"/>
                  <String HEIGHT="49" WIDTH="71" VPOS="2046" HPOS="1169" CONTENT="et"/>
                  <SP HEIGHT="49" WIDTH="12" VPOS="2046" HPOS="1240"/>
                  <String HEIGHT="49"
                          WIDTH="95"
                          VPOS="2046"
                          HPOS="1204"
                          CONTENT="ideo"/>
                  <SP HEIGHT="49" WIDTH="12" VPOS="2046" HPOS="1299"/>
                  <String HEIGHT="49" WIDTH="71" VPOS="2046" HPOS="1263" CONTENT="si"/>
                  <SP HEIGHT="49" WIDTH="12" VPOS="2046" HPOS="1334"/>
                  <String HEIGHT="49"
                          WIDTH="142"
                          VPOS="2046"
                          HPOS="1299"
                          CONTENT="operatur"/>
                  <SP HEIGHT="49" WIDTH="12" VPOS="2046" HPOS="1441"/>
                  <String HEIGHT="49"
                          WIDTH="106"
                          VPOS="2046"
                          HPOS="1405"
                          CONTENT="ipsum"/>
                  <SP HEIGHT="49" WIDTH="12" VPOS="2046" HPOS="1512"/>
                  <String HEIGHT="49"
                          WIDTH="95"
                          VPOS="2046"
                          HPOS="1464"
                          CONTENT="libere"/>
               </TextLine>
            </TextBlock>
         </PrintSpace>
      </Page>
   </Layout>
</alto>
