1799 2500
219 193 146 55 operatur
329 193 85 55 non
377 193 146 55 obstante
487 193 195 55 consuetudine
646 193 73 55 et
683 193 98 55 enim
731 193 98 55 inquit

211 241 172 32 aristoteles
349 241 58 32 3
372 241 69 32 et
406 241 115 32 hicor.
487 241 104 32 capi.
556 241 127 32 secundo
648 241 161 32 principium
763 241 58 32 mo-

217 270 113 31 uendi
293 270 163 31 organicas
418 270 125 31 partes
505 270 75 31 in
543 270 138 31 talibus
630 270 188 31 operationibus

215 297 69 37 in
249 297 91 37 ipso
306 297 80 37 est
352 297 114 37 quorum
432 297 103 37 autem
500 297 160 37 principium
626 297 69 37 in
660 297 91 37 ipso
717 297 69 37 et
740 297 80 37 primo

220 324 144 33 operari.
328 324 60 33 ⁋
352 324 84 33 Per
400 324 84 33 hoc
448 324 72 33 ad
484 324 192 33 auctoritatem
639 324 120 33 aristo
723 324 72 33 in
747 324 72 33 con-

221 354 125 35 trarium
311 354 136 35 dicendum
414 354 91 35 quod
470 354 91 35 male
527 354 159 35 habituatus
652 354 79 35 non
697 354 113 35 potest
765 354 57 35 si-

218 385 79 32 ne
257 385 119 32 magna
337 385 212 32 difficultate
509 385 119 32 talem
588 385 145 32 habitum
694 385 132 32 delere
773 385 53 32 et

216 413 163 36 contrarium
344 413 151 36 acquirere
461 413 105 36 tamen
531 413 105 36 actus
601 413 128 36 volendi
682 413 140 36 contrarium

211 436 113 37 habito
290 436 124 37 iudicio
380 436 90 37 quod
436 436 102 37 ipsum
504 436 79 37 sit
549 436 102 37 malum
617 436 113 37 semper
696 436 79 37 est
741 436 68 37 in
764 436 56 37 ple

215 467 66 32 na
248 467 110 32 ptante
325 467 155 32 voluntatis
447 467 66 32 et
480 467 77 32 hoc
524 467 99 32 docet
590 467 88 32 ipse
645 467 99 32 eodem
712 467 55 32 3
734 467 77 32 ca.
767 467 55 32 di-

216 498 90 27 cens
272 498 79 27 non
317 498 146 27 similiter
429 498 168 27 operationes
564 498 157 27 voluntarie
687 498 90 27 sunt
743 498 67 27 et
766 498 56 27 ha-

215 522 95 35 bitus
279 522 105 35 operum
352 522 105 35 quidem
426 522 84 35 enim
479 522 53 35 a
500 522 137 35 principio
605 522 95 35 vsque
669 522 63 35 in
700 522 95 35 finem
753 522 63 35 deum

214 552 95 38 sumus
278 552 127 38 scientes
373 552 63 38 et
404 552 84 38 quod
457 552 127 38 secundum
552 552 116 38 singula
637 552 148 38 principium
742 552 74 38 habi-

218 581 91 34 tuum
274 581 136 34 adiectio
377 581 91 34 etc.
434 581 57 34 ⁋
456 581 68 34 Et
490 581 80 34 per
536 581 80 34 hoc
581 581 102 34 etiam
650 581 102 34 patet
718 581 125 34 quomodo

210 608 143 35 consuetudo
322 608 72 35 est
363 608 112 35 taliter
445 608 102 35 natura
517 608 82 35 quia
568 608 82 35 quae
619 608 92 35 fiunt
680 608 61 35 ab
701 608 112 35 habituato

212 641 105 32 secum
282 641 105 32 talem
352 641 128 32 habitum
445 641 105 32 talia
515 641 82 32 non
562 641 151 32 requirunt
667 641 151 32 deliberatio

213 667 76 33 nem
256 667 76 33 sed
300 667 97 33 quasi
365 667 162 33 naturaliter
494 667 97 33 fiunt
559 667 108 33 alibi.
635 667 54 33 ⁋
657 667 76 33 Cum
700 667 97 33 dicit
754 667 65 33 ari-

219 694 88 32 sto.
274 694 88 32 quod
329 694 66 32 in
362 694 121 32 subitis
449 694 66 32 et
482 694 77 32 non
526 694 175 32 precogitatis
669 694 99 32 magis
723 694 99 32 experi-

210 726 79 28 mur
255 726 125 28 aliquem
346 726 79 28 sic
391 726 79 28 vel
436 726 113 28 aliter
516 726 147 28 habituari
629 726 68 28 vt
663 726 102 28 etiam
731 726 91 28 dixi
777 726 45 28 de

210 754 91 35 ipsa
266 754 147 35 voluntate
380 754 91 35 quod
436 754 102 35 multa
504 754 91 35 vult
561 754 91 35 mere
618 754 170 35 naturaliter
743 754 79 35 annce

208 781 226 31 deliberationem.
399 781 107 31 Istis
470 781 107 31 autem
542 781 83 31 non
590 781 119 31 obstat
673 781 95 31 quin
721 781 95 31 volun-

204 810 83 32 tas
252 810 119 32 possit
335 810 107 32 velle
407 810 119 32 contra
490 810 203 32 inclinationem
657 810 131 32 habitus
740 810 72 32 habi

213 838 66 34 ta
246 838 186 34 deliberatione
399 838 76 34 seu
443 838 87 34 post
497 838 131 34 iudicium
595 838 142 34 rationis.
705 838 55 34 ⁋
716 838 98 34 Dicitur

206 863 96 38 primo
270 863 85 38 quod
323 863 127 38 assuetus
419 863 64 38 ad
451 863 96 38 malum
514 863 74 38 non
557 863 106 38 potest
631 863 138 38 facilitur
726 863 96 38 surgere

213 899 68 28 ad
247 899 182 28 rectitudinem
395 899 114 28 operis
474 899 148 28 contrarum
588 899 102 28 operi
657 899 137 28 peruerse
748 899 68 28 con-

209 922 162 34 suetudinis
337 922 69 34 de
371 922 81 34 hoc
418 922 116 34 origi.
499 922 104 34 super
568 922 139 34 epstolam
673 922 69 34 ad
707 922 81 34 ro.
742 922 81 34 dicit

210 952 80 37 non
255 952 115 37 statim
336 952 80 37 cum
381 952 103 37 bonam
450 952 160 37 voluntatem
576 952 92 37 quis
634 952 138 37 habuerit
725 952 92 37 conuer

213 979 72 39 ti
249 979 72 39 ad
285 979 108 39 bonum
357 979 96 39 vsus
417 979 96 39 boni
477 979 120 39 operis
561 979 180 39 subsequitur
705 979 96 39 cita
753 979 72 39 enim

213 1010 79 30 res
258 1010 79 30 est
303 1010 135 30 voluntas
404 1010 68 30 et
438 1010 90 30 fine
494 1010 169 30 impedimento
630 1010 169 30 conuertitur
753 1010 68 30 opus

209 1038 88 37 vero
264 1038 110 37 tardum
341 1038 77 37 est
385 1038 88 37 quod
440 1038 66 37 et
473 1038 88 37 vsum
528 1038 66 37 et
561 1038 99 37 artem
627 1038 66 37 et
660 1038 121 37 laborem
737 1038 77 37 requi

213 1065 73 37 rit
254 1065 135 37 operandi.
358 1065 104 37 Aliter
431 1065 104 37 potest
504 1065 83 37 dici
556 1065 83 37 quod
608 1065 125 37 loquitur
701 1065 62 37 oe
732 1065 94 37 prauo
784 1065 42 37 as

212 1092 149 34 suefacto
323 1092 87 34 qui
373 1092 124 34 tepide
459 1092 111 34 habet
533 1092 186 34 affectionem
670 1092 149 34 benefacien

208 1124 72 31 di
244 1124 84 31 sed
292 1124 84 31 non
340 1124 96 31 bene
401 1124 96 31 vult
461 1124 108 31 plene
533 1124 72 31 et
569 1124 96 31 ideo
629 1124 169 31 insurgente
750 1124 72 31 pas-

213 1147 109 39 sione
286 1147 146 39 dimittit
395 1147 146 39 rationem
504 1147 134 39 propter
601 1147 206 39 delectationem
759 1147 61 39 hec

214 1180 76 29 est
257 1180 130 29 intentio
355 1180 119 29 augusti
441 1180 119 29 confes.
528 1180 54 29 6
550 1180 76 29 vbi
593 1180 97 29 tamen
658 1180 130 29 caistulo
744 1180 76 29 quito

213 1207 124 33 dixisset
306 1207 83 33 quod
358 1207 62 33 ex
389 1207 135 33 voluntate
493 1207 104 33 puersa
565 1207 93 33 facta
627 1207 73 33 est
669 1207 104 33 libido
741 1207 62 33 et
762 1207 52 33 dum

213 1232 112 41 seruit
291 1232 134 41 libidini
391 1232 100 41 facta
458 1232 78 41 est
503 1232 156 41 consuetudo
625 1232 78 41 dum
659 1232 156 41 consuetudini

213 1262 74 38 non
256 1262 149 38 resistitur
373 1262 95 38 facta
436 1262 74 38 est
479 1262 149 38 necessitas
595 1262 95 38 dicit
659 1262 85 38 quod
712 1262 95 38 licet
765 1262 53 38 par

207 1290 81 33 tem
253 1290 115 33 vellet
333 1290 150 33 difficile
448 1290 104 33 tamen
517 1290 92 33 fuit
575 1290 92 33 sibi
632 1290 138 33 conuerti
736 1290 69 33 ad
759 1290 58 33 de-

204 1321 70 34 um
239 1321 70 34 et
274 1321 151 34 dimittere
391 1321 116 34 prauam
472 1321 198 34 consuetudinem
635 1321 70 34 et
670 1321 116 34 causam
740 1321 81 34 assi-

208 1347 93 35 gnat
267 1347 117 35 dicens
348 1347 70 35 de
383 1347 117 35 seipso
465 1347 82 35 due
512 1347 163 35 voluntates
640 1347 93 35 mee.
698 1347 82 35 vna
733 1347 82 35 vetus

202 1377 93 32 alia
261 1377 93 32 noua
319 1377 93 32 ista
378 1377 140 32 carnalis
483 1377 93 32 alia
541 1377 175 32 spiritualis
670 1377 140 32 confllige-

204 1402 96 39 bant
264 1402 109 39 inter
337 1402 72 39 se
373 1402 109 39 atque
445 1402 181 39 discordando
590 1402 181 39 dissipabant
723 1402 96 39 animam

206 1434 104 38 meam.
276 1434 93 38 Item
334 1434 93 38 cap.
392 1434 58 38 8
415 1434 104 38 etiam
485 1434 151 38 respondet
601 1434 104 38 super
670 1434 93 38 idem
728 1434 70 38 et
763 1434 81 38 que

206 1460 83 29 rit
254 1460 107 29 cuius
325 1460 95 29 modi
384 1460 142 29 monstrum
490 1460 83 29 est
538 1460 95 29 quod
597 1460 83 29 cum
644 1460 118 29 statim
727 1460 83 29 cum
763 1460 59 29 im-

206 1488 99 33 perat
272 1488 110 33 animus
349 1488 121 33 mouetur
437 1488 99 33 manus
503 1488 66 33 et
535 1488 143 33 quandoque
645 1488 121 33 imperat
722 1488 88 33 animus

212 1520 77 31 vt
251 1520 115 31 velit
327 1520 128 31 animus
417 1520 89 31 nec
468 1520 115 31 facit
545 1520 141 31 nunquid
647 1520 102 31 vnum
711 1520 89 31 hoc
749 1520 64 31 mon

201 1545 127 34 strum.
290 1545 63 34 ⁋
315 1545 76 34 Et
353 1545 165 34 respondet
480 1545 89 34 non
531 1545 89 34 ita
582 1545 114 34 plene
658 1545 139 34 imperat
747 1545 63 34 nam

210 1572 69 37 si
244 1572 103 37 plena
313 1572 138 37 voluntas
416 1572 103 37 esset
485 1572 80 37 non
531 1572 149 37 imperaret
646 1572 69 37 vt
681 1572 103 37 esset
738 1572 69 37 quia

208 1603 84 30 res
256 1603 84 30 iam
304 1603 108 30 esset
376 1603 84 30 non
424 1603 120 30 igitur
508 1603 144 30 monstrum
615 1603 120 30 partim
699 1603 108 30 velle
759 1603 60 30 par

206 1630 81 34 tim
253 1630 104 34 nolle
322 1630 81 34 sed
369 1630 139 34 egritudo
473 1630 104 34 animi
542 1630 104 34 tamen
612 1630 93 34 quia
670 1630 104 34 totus
728 1630 81 34 assui

204 1657 82 38 git
251 1657 140 38 veritate
356 1657 163 38 subleuatus
484 1657 70 38 et
519 1657 186 38 consuetudine
659 1657 151 38 pregrauatus

204 1689 71 27 et
240 1689 95 27 ideo
299 1689 95 27 sunt
358 1689 83 27 due
406 1689 166 27 voluntates
536 1689 119 27 quarum
619 1689 83 27 vna
667 1689 83 27 non
714 1689 83 27 est
750 1689 59 27 to-

210 1715 64 35 ta
242 1715 97 35 earum
307 1715 64 35 et
339 1715 75 35 hoc
382 1715 64 35 ad
414 1715 75 35 est
457 1715 107 35 alteri
533 1715 86 35 quod
586 1715 97 35 deest
651 1715 107 35 alteri
726 1715 75 35 hec
758 1715 54 35 il-

209 1741 82 33 le.
256 1741 58 33 ⁋
279 1741 117 33 Contra
361 1741 164 33 augustinus
490 1741 105 33 dicit
560 1741 93 33 quod
618 1741 82 33 cum
653 1741 164 33 consuetudini

210 1773 74 33 non
253 1773 147 33 resistitur
368 1773 95 33 facta
431 1773 74 33 est
473 1773 147 33 necessitas
589 1773 116 33 quomodo
673 1773 74 33 hoc
715 1773 84 33 stat
757 1773 53 33 cum

206 1799 173 35 predictis.
341 1799 62 35 ⁋
366 1799 74 35 Ad
403 1799 111 35 illud
477 1799 111 35 simul
551 1799 74 35 et
588 1799 74 35 ad
625 1799 148 35 ysodorum
737 1799 86 35 qui
774 1799 49 35 di

211 1831 85 34 cit
259 1831 97 34 quod
320 1831 170 34 consuetudo
454 1831 109 34 parit
527 1831 206 34 necessitatem.
684 1831 134 34 Respondeo

212 1854 101 37 sicut
279 1854 146 37 respondet
392 1854 113 37 ansel.
471 1854 68 37 de
504 1854 79 37 li.
549 1854 79 37 ar.
594 1854 68 37 ca
628 1854 101 37 pitu.
696 1854 56 37 5
707 1854 101 37 reddens

205 1885 163 37 rationem
328 1885 109 37 vsus
396 1885 163 37 loquendi
518 1885 122 37 quare
600 1885 150 37 dicitur
695 1885 122 37 inuitus

204 1915 78 33 et
243 1915 144 33 coactus
348 1915 144 33 mentiri
452 1915 91 33 qui
504 1915 105 33 ideo
570 1915 157 33 mentitur
687 1915 78 33 vt
713 1915 105 33 mortem

211 1941 141 38 effugiat
317 1941 82 38 est
364 1941 117 38 inquit
446 1941 70 38 et
481 1941 94 38 alia
539 1941 105 38 ratio
610 1941 94 38 quam
668 1941 141 38 frequens
762 1941 47 38 ha

208 1967 81 33 bet
255 1967 92 33 vsus
312 1967 81 33 cur
358 1967 127 33 inuitus
451 1967 69 33 et
485 1967 115 33 nolens
566 1967 69 33 et
601 1967 69 33 ex
635 1967 173 33 necessitate
762 1967 58 33 di-

206 1999 111 33 citur
280 1999 136 33 aliquid
378 1999 123 33 facere
465 1999 99 33 quod
526 1999 111 33 tamen
600 1999 123 33 volens
687 1999 111 33 facit
748 1999 62 33 nam

212 2026 90 38 quod
268 2026 78 38 non
313 2026 90 38 nisi
369 2026 146 38 difficile
481 2026 112 38 facere
559 2026 123 38 volemus
649 2026 67 38 et
683 2026 90 38 ideo
739 2026 78 38 non
772 2026 45 38 fa

203 2058 112 41 cimus
277 2058 137 41 dicimus
377 2058 87 41 hoc
426 2058 124 41 facere
513 2058 87 41 non
563 2058 124 41 posse.
650 2058 75 41 et
675 2058 149 41 necessita

850 200 64 58 te
882 200 74 58 nos
925 200 85 58 siue
978 200 117 58 inuitos
1063 200 127 58 deserere
1158 200 64 58 et
1190 200 85 58 quod
1243 200 74 58 sua
1285 200 170 58 difficultate
1413 200 42 58 di

844 251 99 33 cere
905 251 148 33 nequimus
1016 251 74 33 et
1053 251 111 33 illud
1127 251 111 33 certe
1201 251 135 33 facimus
1299 251 86 33 hoc
1349 251 86 33 nos
1398 251 74 33 in

838 272 104 44 uitos
908 272 69 44 et
942 272 139 44 nolentes
1046 272 69 44 et
1081 272 69 44 ex
1116 272 173 44 necessitate
1255 272 116 44 facere
1324 272 127 44 asserimus

840 301 93 44 hoc
893 301 132 44 igitur
985 301 106 44 modo
1051 301 93 44 quo
1104 301 106 44 quis
1170 301 159 44 mentitur
1289 301 79 44 ne
1316 301 132 44 moriatur

847 335 146 40 mentitur
956 335 134 40 inuitus
1053 335 73 40 et
1090 335 121 40 volens
1175 335 134 40 mentiri
1272 335 73 40 ex
1296 335 158 40 necessitate

835 357 102 44 quia
899 357 166 44 mendacium
1027 357 128 44 vitare
1117 357 90 44 non
1168 357 115 44 valet
1244 357 102 44 fine
1308 357 128 44 mortis
1385 357 64 44 dif

844 386 144 44 ficultate
955 386 78 44 hec
999 386 100 44 ille.
1065 386 66 44 Et
1099 386 89 44 ideo
1154 386 78 44 cum
1198 386 166 44 assuefactio
1331 386 78 44 sit
1364 386 89 44 diffi-

843 419 123 34 cultas
929 419 86 34 non
978 419 99 34 dico
1040 419 74 34 ad
1077 419 99 34 bene
1138 419 148 34 volendum
1249 419 86 34 sed
1298 419 74 34 ad
1335 419 99 34 bene
1384 419 62 34 ope

843 447 122 37 randum
928 447 73 37 et
965 447 171 37 exequendum
1099 447 134 37 dicimus
1196 447 97 37 quod
1257 447 183 37 assuefactus
1403 447 73 37 ad

844 475 116 39 malum
921 475 206 39 necessitatem
1088 475 116 39 habet
1165 475 103 39 male
1230 475 128 39 agendi
1320 475 90 39 ita
1358 475 90 39 etiam

844 503 152 38 loquitur
958 503 126 38 ibidem
1047 503 114 38 ansel
1122 503 114 38 capi.
1198 503 63 38 6
1224 503 88 38 di.
1274 503 164 38 frequenti
1388 503 63 38 vsu

838 530 137 41 dicimus
937 530 87 41 nos
987 530 87 41 non
1037 530 112 41 posse
1112 530 137 41 aliquid
1212 530 87 41 non
1262 530 100 41 quia
1324 530 112 41 nobis
1387 530 62 41 im-

846 562 140 38 possibile
954 562 75 38 est
997 562 75 38 sed
1040 562 86 38 quia
1094 562 97 38 illud
1158 562 86 38 fine
1212 562 172 38 difficultate
1352 562 75 38 non
1384 562 65 38 pos-

840 590 117 28 sumus
918 590 91 28 non
970 590 117 28 autem
1048 590 195 28 difficultas
1203 590 143 28 perimit
1307 590 130 28 inquit
1385 590 65 28 vo-

845 616 143 40 iuntatis
952 616 179 40 libertatem.
1095 616 60 40 ⁋
1119 616 72 40 Et
1155 616 83 40 per
1203 616 95 40 idem
1262 616 131 40 dicitur
1358 616 72 40 ad
1381 616 72 40 ter-

833 647 93 36 tium
891 647 93 36 quod
949 647 139 36 voluntas
1054 647 127 36 patitur
1146 647 197 36 difficultatem
1308 647 70 36 in
1332 647 127 36 resisten-

840 674 74 31 do
877 674 173 31 tentationi
1013 674 87 31 non
1062 674 149 31 respectu
1174 674 111 31 actus
1248 674 136 31 volendi
1347 674 87 31 sed
1384 674 62 31 re-

836 703 122 32 spectu
921 703 158 32 passionis
1043 703 171 32 refrenande
1177 703 146 32 respectu
1287 703 85 32 rei
1323 703 122 32 delecta-

842 730 99 35 bilis
908 730 132 35 illicite
1006 730 66 35 et
1039 730 186 35 difficultatem
1193 730 121 35 patitur
1281 730 153 35 sustinendo
1390 730 55 35 tri

833 755 97 39 stia
893 755 85 39 non
942 755 109 39 autem
1015 755 73 39 in
1051 755 133 39 volendo
1148 755 73 39 ea
1184 755 170 39 sustinere.
1318 755 61 39 ⁋
1342 755 109 39 Dices
1403 755 48 39 di

840 785 153 40 scipulus
955 785 115 40 dicit
1031 785 89 40 non
1082 785 140 40 valemus
1184 785 115 40 nolle
1260 785 102 40 quod
1311 785 140 40 suggerunt

840 815 52 39 ⁋
860 815 114 39 Dicitur
943 815 83 39 quod
995 815 72 39 hoc
1036 815 72 39 est
1078 815 62 39 in
1109 815 93 39 illis
1171 815 72 39 qui
1212 815 104 39 dolent
1285 815 83 39 quod
1326 815 114 39 illicitum

837 846 89 37 est
888 846 114 37 sequi
964 846 216 37 consuetudinem
1142 846 89 37 vel
1192 846 178 37 consimilem
1332 846 114 37 actum
1395 846 51 37 eo

836 875 94 38 quod
895 875 94 38 ipsi
954 875 118 38 habent
1037 875 71 38 in
1072 875 71 38 se
1107 875 165 38 dissimilem
1237 875 177 38 voluntatem.
1378 875 59 38 ⁋
1402 875 71 38 Ad

832 904 129 32 quartum
926 904 94 32 dico
984 904 94 32 quod
1043 904 94 32 voco
1102 904 199 32 difficultatem
1265 904 82 32 vbi
1301 904 140 32 requiritur

833 933 148 36 conatus
940 933 189 36 laboriosus
1089 933 94 36 vel
1143 933 148 36 penalis
1251 933 81 36 ad
1278 933 175 36 producendum

835 964 112 33 actum
909 964 87 33 vel
959 964 150 33 effectum
1071 964 75 33 et
1109 964 87 33 est
1158 964 125 33 tantum
1246 964 75 33 in
1283 964 150 33 animatis
1383 964 62 33 cum

835 990 153 27 conantur
950 990 127 27 contra
1039 990 166 27 appetitus
1167 990 166 27 naturalis
1281 990 166 27 inclinatio-

832 1017 92 37 nem
885 1017 92 37 vel
937 1017 158 37 animalis
1056 1017 79 37 et
1096 1017 79 37 ex
1135 1017 92 37 hoc
1188 1017 119 37 etiam
1267 1017 145 37 homines
1360 1017 92 37 merem

833 1047 92 28 tur
886 1047 145 28 agentia
991 1047 119 28 autem
1070 1047 106 28 mere
1136 1047 198 28 naturaliter
1295 1047 119 28 licet
1361 1047 92 28 quan-

837 1073 108 37 doque
909 1073 179 37 impediantur
1052 1073 72 37 et
1088 1073 191 37 violententur
1244 1073 84 37 non
1292 1073 108 37 tamen
1351 1073 96 37 dicun-

836 1102 84 31 tur
884 1102 192 31 difficultari
1040 1102 72 31 et
1076 1102 96 31 ideo
1136 1102 132 31 negatur
1233 1102 108 31 maior
1305 1102 72 31 et
1341 1102 108 31 etiam
1401 1102 48 31 ne

837 1130 111 35 gatur
911 1130 99 35 quod
972 1130 148 35 voluntas
1083 1130 210 35 difficultatur
1256 1130 74 35 in
1293 1130 99 35 actu
1342 1130 111 35 volendi

839 1162 86 34 vel
888 1162 98 34 quod
949 1162 172 34 impediatur
1085 1162 86 34 quo
1134 1162 74 34 ad
1171 1162 185 34 intentionem
1319 1162 86 34 vel
1356 1162 98 34 accele

838 1188 147 34 rationem
948 1188 110 34 actus
1022 1188 135 34 volendi
1120 1188 98 34 nisi
1181 1188 110 34 forte
1255 1188 86 34 per
1292 1188 159 34 distractio-

836 1214 89 32 nem
887 1214 76 32 et
925 1214 89 32 per
976 1214 178 32 volitionem
1116 1214 114 32 aliam
1192 1214 191 32 impeditiuam
1344 1214 89 32 sed
1382 1214 64 32 hoc

836 1244 87 39 non
885 1244 124 39 arguit
972 1244 174 39 voluntatem
1109 1244 211 39 difficultari.
1283 1244 62 39 ⁋
1307 1244 75 39 Ad
1332 1244 112 39 quintum

835 1273 185 35 conceditur
980 1273 172 35 conclusio
1112 1273 132 35 quando
1205 1273 185 35 absorbetur
1337 1273 106 35 ratio

832 1295 113 37 alias
908 1295 101 37 non.
971 1295 63 37 ⁋
996 1295 75 37 Ad
1033 1295 126 37 sextum
1121 1295 88 37 non
1172 1295 151 37 probatur
1285 1295 101 37 quod
1335 1295 113 37 vehemen

830 1325 91 40 tia
882 1325 194 40 tentationis
1037 1325 143 40 poterit
1141 1325 155 40 impedire
1258 1325 78 40 ab
1297 1325 130 40 aliquo
1374 1325 78 40 gra-

831 1357 77 35 du
870 1357 116 35 actus
947 1357 77 35 de
986 1357 90 35 hoc
1037 1357 116 35 tamen
1114 1357 129 35 dubium
1204 1357 103 35 ast.
1269 1357 77 35 Et
1307 1357 103 35 ideo
1372 1357 103 35 quid

833 1382 65 40 de
866 1382 76 40 hoc
909 1382 76 40 sit
952 1382 76 40 iam
996 1382 108 40 dictum
1072 1382 76 40 est
1115 1382 87 40 quod
1169 1382 76 40 hoc
1212 1382 76 40 non
1256 1382 76 40 est
1299 1382 76 40 eam
1332 1382 108 40 difficul

829 1415 101 34 tari
892 1415 151 34 respectu
1006 1415 113 34 talis
1081 1415 113 34 actus
1157 1415 151 34 causandi
1271 1415 101 34 quia
1321 1415 126 34 respectu

835 1440 140 32 proprii
937 1440 114 32 actus
1013 1440 152 32 causandi
1127 1440 89 32 non
1178 1440 140 32 oportet
1280 1440 165 32 immediate
1394 1440 51 32 la

839 1469 134 36 boriose
936 1469 121 36 conari
1021 1469 85 36 sed
1070 1469 97 36 bene
1130 1469 146 36 respectu
1240 1469 158 36 passionis
1349 1469 85 36 refre

831 1497 117 34 nande
909 1497 91 34 pro
961 1497 91 34 quo
1013 1497 104 34 addo
1078 1497 104 34 vnam
1143 1497 208 34 auctoritatem
1311 1497 117 34 beati
1376 1497 65 34 ber

833 1527 112 36 nardi.
911 1527 67 36 de
945 1527 67 36 li
978 1527 78 36 ar.
1023 1527 101 36 capi.
1091 1527 78 36 10.
1135 1527 56 36 ⁋
1158 1527 78 36 Abi
1203 1527 101 36 dicit
1270 1527 134 36 libertas
1371 1527 56 36 a
1382 1527 56 36 ne-

842 1555 157 30 cessitate
963 1555 96 30 eque
1023 1555 157 30 contingit
1143 1555 84 30 deo
1192 1555 72 30 et
1228 1555 145 30 vniuerse
1324 1555 121 30 creature

832 1585 156 27 rationali
952 1585 84 27 tam
1000 1585 96 27 bone
1060 1585 96 27 quam
1120 1585 96 27 male
1180 1585 84 27 nec
1228 1585 132 27 peccato
1324 1585 84 27 vel
1360 1585 84 27 mise-

837 1612 78 36 ria
881 1612 145 36 amittitur
993 1612 78 36 vel
1037 1612 134 36 minuitur
1137 1612 78 36 nec
1182 1612 100 36 maior
1249 1612 78 36 est
1293 1612 67 36 in
1316 1612 122 36 iustoquam

842 1637 69 36 in
876 1637 149 36 peccatore
990 1637 80 36 nec
1036 1637 126 36 plenior
1127 1637 69 36 in
1161 1637 114 36 angelo
1241 1637 91 36 quam
1299 1637 69 36 in
1333 1637 114 36 homine
1401 1637 46 36 ma

839 1666 88 29 net
890 1666 126 29 igitur
978 1666 152 29 libertas
1092 1666 177 29 voluntatis
1231 1666 88 29 tam
1282 1666 114 29 plena
1358 1666 76 29 in
1383 1666 63 29 bo-

843 1694 81 36 nis
890 1694 92 36 quam
947 1694 69 36 in
982 1694 104 36 malis
1051 1694 81 36 sed
1097 1694 69 36 in
1131 1694 104 36 bonis
1200 1694 161 36 ordinatior
1327 1694 81 36 tam
1361 1694 81 36 inte-

840 1720 79 41 gra
885 1720 79 41 pro
930 1720 79 41 suo
975 1720 90 41 modo
1032 1720 68 41 in
1065 1720 135 41 creatura
1167 1720 90 41 quam
1223 1720 68 41 in
1257 1720 135 41 creatore
1359 1720 79 41 sed
1404 1720 68 41 in

836 1753 94 35 isto
895 1753 152 35 potentior
1012 1753 70 35 et
1047 1753 82 35 hoc
1094 1753 152 35 intelligo
1211 1753 117 35 stante
1294 1753 82 35 vsu
1329 1753 117 35 rationis

836 1777 85 43 hec
885 1777 110 43 ille.
958 1777 61 43 ⁋
982 1777 183 43 Difficultas
1129 1777 122 43 igitur
1214 1777 98 43 quam
1275 1777 159 43 experimur
1397 1777 73 43 in

835 1809 113 36 nobis
911 1809 88 36 non
961 1809 88 36 est
1011 1809 75 36 ad
1049 1809 151 36 volendum
1162 1809 88 36 sed
1213 1809 88 36 est
1263 1809 151 36 secundum
1364 1809 75 36 sen-

827 1837 89 36 sum
878 1837 191 36 appetitiuum
1031 1837 179 36 sensitiuum
1172 1837 153 36 secundum
1287 1837 102 36 quem
1338 1837 102 36 diffi-

840 1865 89 37 cile
896 1865 78 37 est
940 1865 145 37 abstinere
1052 1865 56 37 a
1074 1865 168 37 delectabili
1208 1865 78 37 vel
1253 1865 145 37 sustinere
1354 1865 89 37 triste

840 1893 87 35 vel
889 1893 87 35 est
939 1893 74 35 in
976 1893 149 35 appetitu
1088 1893 161 35 rationali
1211 1893 74 35 ad
1249 1893 186 35 reprimendum
1385 1893 62 35 vel

829 1919 208 40 refrenandum
995 1919 166 40 secundum
1120 1919 152 40 regulam
1231 1919 125 40 recte
1300 1919 139 40 rationis

829 1953 97 34 motus
894 1953 140 34 appetitus
1002 1953 140 34 sensitiui
1110 1953 76 34 vel
1153 1953 76 34 est
1196 1953 65 34 in
1228 1953 119 34 vtroque
1315 1953 65 34 in
1336 1953 108 34 sustinem

838 1977 68 36 do
872 1977 124 36 tristia
962 1977 68 36 et
996 1977 158 36 abstinendo
1120 1977 56 36 a
1142 1977 214 36 delectationibus
1323 1977 79 36 vel
1357 1977 90 36 quarto

834 2007 100 31 ista
896 2007 187 31 difficuitas
1046 2007 87 31 est
1096 2007 150 31 secundum
1208 2007 100 31 hunc
1270 2007 162 31 appetitum
1383 2007 62 31 vel

831 2035 154 30 secundum
947 2035 116 30 illum
1024 2035 77 30 ad
1063 2035 103 30 vnum
1127 2035 116 30 actum
1204 2035 142 30 propter
1307 2035 103 30 vnum
1359 2035 90 30 alium

834 2064 104 48 actum
904 2064 70 48 in
939 2064 104 48 eodem
1008 2064 174 48 inclinantem
1148 2064 70 48 in
1182 2064 162 48 contrariam
1298 2064 151 48 executionem
