<?xml version="1.0" encoding="UTF-8"?>
<alto xmlns:xsi="http://www.w3.org/2001/XMLSchema-instance"
      xmlns="http://www.loc.gov/standards/alto/ns-v2#"
      xmlns:page="http://schema.primaresearch.org/PAGE/gts/pagecontent/2013-07-15"
      xsi:schemaLocation="http://www.loc.gov/standards/alto/ns-v2# http://www.loc.gov/standards/alto/alto.xsd">
   <Description>
      <MeasurementUnit>pixel</MeasurementUnit>
      <OCRProcessing ID="IdOcr">
         <ocrProcessingStep>
            <processingDateTime>2021-02-17T08:19:26.019-05:00</processingDateTime>
            <processingSoftware>
               <softwareCreator>READ COOP</softwareCreator>
               <softwareName>Transkribus</softwareName>
            </processingSoftware>
         </ocrProcessingStep>
      </OCRProcessing>
   </Description>
   <Tags/>
   <Layout>
      <Page ID="Page1" PHYSICAL_IMG_NR="1" HEIGHT="2500" WIDTH="1787">
         <TopMargin HEIGHT="0" WIDTH="1787" VPOS="0" HPOS="0"/>
         <LeftMargin HEIGHT="2500" WIDTH="0" VPOS="0" HPOS="0"/>
         <RightMargin HEIGHT="2500" WIDTH="0" VPOS="0" HPOS="1787"/>
         <BottomMargin HEIGHT="0" WIDTH="1787" VPOS="2500" HPOS="0"/>
         <PrintSpace HEIGHT="2500" WIDTH="1787" VPOS="0" HPOS="0">
            <TextBlock ID="TextRegion_1611772786639_289"
                       HEIGHT="1930"
                       WIDTH="631"
                       VPOS="217"
                       HPOS="203">
               <Shape>
                  <Polygon POINTS="203,217 834,217 834,2147 203,2147"/>
               </Shape>
               <TextLine ID="r2l3"
                         BASELINE="269"
                         HEIGHT="55"
                         WIDTH="603"
                         VPOS="214"
                         HPOS="216">
                  <String HEIGHT="55" WIDTH="93" VPOS="214" HPOS="204" CONTENT="puta"/>
                  <SP HEIGHT="55" WIDTH="12" VPOS="214" HPOS="297"/>
                  <String HEIGHT="55" WIDTH="70" VPOS="214" HPOS="262" CONTENT="si"/>
                  <SP HEIGHT="55" WIDTH="12" VPOS="214" HPOS="332"/>
                  <String HEIGHT="55" WIDTH="93" VPOS="214" HPOS="297" CONTENT="deus"/>
                  <SP HEIGHT="55" WIDTH="12" VPOS="214" HPOS="390"/>
                  <String HEIGHT="55"
                          WIDTH="104"
                          VPOS="214"
                          HPOS="355"
                          CONTENT="simul"/>
                  <SP HEIGHT="55" WIDTH="12" VPOS="214" HPOS="460"/>
                  <String HEIGHT="55"
                          WIDTH="162"
                          VPOS="214"
                          HPOS="425"
                          CONTENT="imprimeret"/>
                  <SP HEIGHT="55" WIDTH="12" VPOS="214" HPOS="587"/>
                  <String HEIGHT="55"
                          WIDTH="174"
                          VPOS="214"
                          HPOS="552"
                          CONTENT="intellectui"/>
                  <SP HEIGHT="55" WIDTH="12" VPOS="214" HPOS="726"/>
                  <String HEIGHT="55" WIDTH="81" VPOS="214" HPOS="691" CONTENT="sui"/>
                  <SP HEIGHT="55" WIDTH="12" VPOS="214" HPOS="773"/>
                  <String HEIGHT="55"
                          WIDTH="93"
                          VPOS="214"
                          HPOS="726"
                          CONTENT="claram"/>
               </TextLine>
               <TextLine ID="r2l5"
                         BASELINE="300"
                         HEIGHT="41"
                         WIDTH="604"
                         VPOS="259"
                         HPOS="214">
                  <String HEIGHT="41"
                          WIDTH="148"
                          VPOS="259"
                          HPOS="202"
                          CONTENT="visionem"/>
                  <SP HEIGHT="41" WIDTH="12" VPOS="259" HPOS="350"/>
                  <String HEIGHT="41" WIDTH="86" VPOS="259" HPOS="313" CONTENT="vel"/>
                  <SP HEIGHT="41" WIDTH="12" VPOS="259" HPOS="399"/>
                  <String HEIGHT="41" WIDTH="99" VPOS="259" HPOS="362" CONTENT="ante"/>
                  <SP HEIGHT="41" WIDTH="12" VPOS="259" HPOS="461"/>
                  <String HEIGHT="41"
                          WIDTH="123"
                          VPOS="259"
                          HPOS="424"
                          CONTENT="oculos"/>
                  <SP HEIGHT="41" WIDTH="12" VPOS="259" HPOS="547"/>
                  <String HEIGHT="41"
                          WIDTH="123"
                          VPOS="259"
                          HPOS="510"
                          CONTENT="subito"/>
                  <SP HEIGHT="41" WIDTH="12" VPOS="259" HPOS="633"/>
                  <String HEIGHT="41"
                          WIDTH="148"
                          VPOS="259"
                          HPOS="596"
                          CONTENT="causarem"/>
                  <SP HEIGHT="41" WIDTH="12" VPOS="259" HPOS="744"/>
                  <String HEIGHT="41"
                          WIDTH="123"
                          VPOS="259"
                          HPOS="695"
                          CONTENT="obiectum"/>
               </TextLine>
               <TextLine ID="r2l7"
                         BASELINE="324"
                         HEIGHT="31"
                         WIDTH="598"
                         VPOS="293"
                         HPOS="212">
                  <String HEIGHT="31"
                          WIDTH="115"
                          VPOS="293"
                          HPOS="201"
                          CONTENT="multum"/>
                  <SP HEIGHT="31" WIDTH="12" VPOS="293" HPOS="316"/>
                  <String HEIGHT="31"
                          WIDTH="150"
                          VPOS="293"
                          HPOS="281"
                          CONTENT="placibile"/>
                  <SP HEIGHT="31" WIDTH="12" VPOS="293" HPOS="431"/>
                  <String HEIGHT="31"
                          WIDTH="161"
                          VPOS="293"
                          HPOS="396"
                          CONTENT="voluntati."/>
                  <SP HEIGHT="31" WIDTH="12" VPOS="293" HPOS="557"/>
                  <String HEIGHT="31" WIDTH="58" VPOS="293" HPOS="523" CONTENT="⁋"/>
                  <SP HEIGHT="31" WIDTH="12" VPOS="293" HPOS="580"/>
                  <String HEIGHT="31" WIDTH="69" VPOS="293" HPOS="546" CONTENT="Ad"/>
                  <SP HEIGHT="31" WIDTH="12" VPOS="293" HPOS="615"/>
                  <String HEIGHT="31"
                          WIDTH="207"
                          VPOS="293"
                          HPOS="580"
                          CONTENT="confirmagis.e."/>
                  <SP HEIGHT="31" WIDTH="12" VPOS="293" HPOS="787"/>
                  <String HEIGHT="31" WIDTH="69" VPOS="293" HPOS="741" CONTENT="dici"/>
               </TextLine>
               <TextLine ID="r2l9"
                         BASELINE="352"
                         HEIGHT="31"
                         WIDTH="587"
                         VPOS="321"
                         HPOS="221">
                  <String HEIGHT="31" WIDTH="84" VPOS="321" HPOS="209" CONTENT="tur"/>
                  <SP HEIGHT="31" WIDTH="12" VPOS="321" HPOS="293"/>
                  <String HEIGHT="31" WIDTH="72" VPOS="321" HPOS="257" CONTENT="vt"/>
                  <SP HEIGHT="31" WIDTH="12" VPOS="321" HPOS="329"/>
                  <String HEIGHT="31"
                          WIDTH="120"
                          VPOS="321"
                          HPOS="293"
                          CONTENT="prius."/>
                  <SP HEIGHT="31" WIDTH="12" VPOS="321" HPOS="413"/>
                  <String HEIGHT="31" WIDTH="60" VPOS="321" HPOS="377" CONTENT="⁋"/>
                  <SP HEIGHT="31" WIDTH="12" VPOS="321" HPOS="437"/>
                  <String HEIGHT="31" WIDTH="72" VPOS="321" HPOS="401" CONTENT="Et"/>
                  <SP HEIGHT="31" WIDTH="12" VPOS="321" HPOS="473"/>
                  <String HEIGHT="31" WIDTH="72" VPOS="321" HPOS="437" CONTENT="ad"/>
                  <SP HEIGHT="31" WIDTH="12" VPOS="321" HPOS="509"/>
                  <String HEIGHT="31"
                          WIDTH="108"
                          VPOS="321"
                          HPOS="473"
                          CONTENT="illud"/>
                  <SP HEIGHT="31" WIDTH="12" VPOS="321" HPOS="580"/>
                  <String HEIGHT="31" WIDTH="72" VPOS="321" HPOS="544" CONTENT="oe"/>
                  <SP HEIGHT="31" WIDTH="12" VPOS="321" HPOS="616"/>
                  <String HEIGHT="31"
                          WIDTH="156"
                          VPOS="321"
                          HPOS="580"
                          CONTENT="volitione"/>
                  <SP HEIGHT="31" WIDTH="12" VPOS="321" HPOS="736"/>
                  <String HEIGHT="31"
                          WIDTH="120"
                          VPOS="321"
                          HPOS="688"
                          CONTENT="naturali"/>
               </TextLine>
               <TextLine ID="r2l11"
                         BASELINE="379"
                         HEIGHT="30"
                         WIDTH="599"
                         VPOS="349"
                         HPOS="215">
                  <String HEIGHT="30" WIDTH="81" VPOS="349" HPOS="203" CONTENT="ter"/>
                  <SP HEIGHT="30" WIDTH="12" VPOS="349" HPOS="284"/>
                  <String HEIGHT="30"
                          WIDTH="138"
                          VPOS="349"
                          HPOS="250"
                          CONTENT="producta"/>
                  <SP HEIGHT="30" WIDTH="12" VPOS="349" HPOS="388"/>
                  <String HEIGHT="30"
                          WIDTH="127"
                          VPOS="349"
                          HPOS="353"
                          CONTENT="dicitur"/>
                  <SP HEIGHT="30" WIDTH="12" VPOS="349" HPOS="480"/>
                  <String HEIGHT="30" WIDTH="92" VPOS="349" HPOS="445" CONTENT="quod"/>
                  <SP HEIGHT="30" WIDTH="12" VPOS="349" HPOS="538"/>
                  <String HEIGHT="30" WIDTH="92" VPOS="349" HPOS="503" CONTENT="deus"/>
                  <SP HEIGHT="30" WIDTH="12" VPOS="349" HPOS="595"/>
                  <String HEIGHT="30"
                          WIDTH="115"
                          VPOS="349"
                          HPOS="561"
                          CONTENT="potest"/>
                  <SP HEIGHT="30" WIDTH="12" VPOS="349" HPOS="676"/>
                  <String HEIGHT="30"
                          WIDTH="115"
                          VPOS="349"
                          HPOS="641"
                          CONTENT="subito"/>
                  <SP HEIGHT="30" WIDTH="12" VPOS="349" HPOS="756"/>
                  <String HEIGHT="30"
                          WIDTH="104"
                          VPOS="349"
                          HPOS="710"
                          CONTENT="imprime"/>
               </TextLine>
               <TextLine ID="r2l14"
                         BASELINE="408"
                         HEIGHT="32"
                         WIDTH="590"
                         VPOS="376"
                         HPOS="217">
                  <String HEIGHT="32" WIDTH="77" VPOS="376" HPOS="204" CONTENT="re"/>
                  <SP HEIGHT="32" WIDTH="13" VPOS="376" HPOS="281"/>
                  <String HEIGHT="32"
                          WIDTH="192"
                          VPOS="376"
                          HPOS="243"
                          CONTENT="intellectui"/>
                  <SP HEIGHT="32" WIDTH="13" VPOS="376" HPOS="435"/>
                  <String HEIGHT="32"
                          WIDTH="192"
                          VPOS="376"
                          HPOS="397"
                          CONTENT="cognitionem"/>
                  <SP HEIGHT="32" WIDTH="13" VPOS="376" HPOS="589"/>
                  <String HEIGHT="32"
                          WIDTH="154"
                          VPOS="376"
                          HPOS="550"
                          CONTENT="obiecti."/>
                  <SP HEIGHT="32" WIDTH="13" VPOS="376" HPOS="704"/>
                  <String HEIGHT="32" WIDTH="64" VPOS="376" HPOS="666" CONTENT="⁋"/>
                  <SP HEIGHT="32" WIDTH="13" VPOS="376" HPOS="730"/>
                  <String HEIGHT="32"
                          WIDTH="115"
                          VPOS="376"
                          HPOS="692"
                          CONTENT="Adhuc"/>
                  <SP HEIGHT="32" WIDTH="13" VPOS="376" HPOS="807"/>
                  <String HEIGHT="32" WIDTH="51" VPOS="376" HPOS="756" CONTENT="ai"/>
               </TextLine>
               <TextLine ID="r2l16"
                         BASELINE="437"
                         HEIGHT="32"
                         WIDTH="590"
                         VPOS="405"
                         HPOS="219">
                  <String HEIGHT="32"
                          WIDTH="116"
                          VPOS="405"
                          HPOS="207"
                          CONTENT="contra"/>
                  <SP HEIGHT="32" WIDTH="12" VPOS="405" HPOS="323"/>
                  <String HEIGHT="32"
                          WIDTH="185"
                          VPOS="405"
                          HPOS="288"
                          CONTENT="conclusionem"/>
                  <SP HEIGHT="32" WIDTH="12" VPOS="405" HPOS="474"/>
                  <String HEIGHT="32" WIDTH="69" VPOS="405" HPOS="439" CONTENT="et"/>
                  <SP HEIGHT="32" WIDTH="12" VPOS="405" HPOS="508"/>
                  <String HEIGHT="32" WIDTH="93" VPOS="405" HPOS="474" CONTENT="tunc"/>
                  <SP HEIGHT="32" WIDTH="12" VPOS="405" HPOS="566"/>
                  <String HEIGHT="32"
                          WIDTH="127"
                          VPOS="405"
                          HPOS="531"
                          CONTENT="angelus"/>
                  <SP HEIGHT="32" WIDTH="12" VPOS="405" HPOS="659"/>
                  <String HEIGHT="32"
                          WIDTH="150"
                          VPOS="405"
                          HPOS="624"
                          CONTENT="potuisset"/>
                  <SP HEIGHT="32" WIDTH="12" VPOS="405" HPOS="774"/>
                  <String HEIGHT="32"
                          WIDTH="81"
                          VPOS="405"
                          HPOS="728"
                          CONTENT="fuis"
                          SUBS_TYPE="HypPart1"
                          SUBS_CONTENT="fuisse"/>
                  <HYP CONTENT="-"/>
               </TextLine>
               <TextLine ID="r2l18"
                         BASELINE="465"
                         HEIGHT="32"
                         WIDTH="598"
                         VPOS="433"
                         HPOS="214">
                  <String HEIGHT="32"
                          WIDTH="69"
                          VPOS="433"
                          HPOS="203"
                          CONTENT="se"
                          SUBS_TYPE="HypPart2"
                          SUBS_CONTENT="fuisse"/>
                  <SP HEIGHT="32" WIDTH="12" VPOS="433" HPOS="272"/>
                  <String HEIGHT="32"
                          WIDTH="104"
                          VPOS="433"
                          HPOS="237"
                          CONTENT="malus"/>
                  <SP HEIGHT="32" WIDTH="12" VPOS="433" HPOS="341"/>
                  <String HEIGHT="32" WIDTH="69" VPOS="433" HPOS="306" CONTENT="in"/>
                  <SP HEIGHT="32" WIDTH="12" VPOS="433" HPOS="375"/>
                  <String HEIGHT="32"
                          WIDTH="104"
                          VPOS="433"
                          HPOS="341"
                          CONTENT="primo"/>
                  <SP HEIGHT="32" WIDTH="12" VPOS="433" HPOS="444"/>
                  <String HEIGHT="32"
                          WIDTH="138"
                          VPOS="433"
                          HPOS="410"
                          CONTENT="instanti"/>
                  <SP HEIGHT="32" WIDTH="12" VPOS="433" HPOS="548"/>
                  <String HEIGHT="32" WIDTH="81" VPOS="433" HPOS="513" CONTENT="sui"/>
                  <SP HEIGHT="32" WIDTH="12" VPOS="433" HPOS="594"/>
                  <String HEIGHT="32" WIDTH="92" VPOS="433" HPOS="559" CONTENT="esse"/>
                  <SP HEIGHT="32" WIDTH="12" VPOS="433" HPOS="651"/>
                  <String HEIGHT="32" WIDTH="69" VPOS="433" HPOS="617" CONTENT="et"/>
                  <SP HEIGHT="32" WIDTH="12" VPOS="433" HPOS="686"/>
                  <String HEIGHT="32" WIDTH="92" VPOS="433" HPOS="651" CONTENT="tunc"/>
                  <SP HEIGHT="32" WIDTH="12" VPOS="433" HPOS="743"/>
                  <String HEIGHT="32" WIDTH="92" VPOS="433" HPOS="709" CONTENT="deus"/>
                  <SP HEIGHT="32" WIDTH="12" VPOS="433" HPOS="801"/>
                  <String HEIGHT="32" WIDTH="58" VPOS="433" HPOS="755" CONTENT="cau"/>
               </TextLine>
               <TextLine ID="r2l20"
                         BASELINE="496"
                         HEIGHT="34"
                         WIDTH="605"
                         VPOS="462"
                         HPOS="210">
                  <String HEIGHT="34"
                          WIDTH="123"
                          VPOS="462"
                          HPOS="198"
                          CONTENT="sasset"/>
                  <SP HEIGHT="34" WIDTH="12" VPOS="462" HPOS="321"/>
                  <String HEIGHT="34"
                          WIDTH="136"
                          VPOS="462"
                          HPOS="284"
                          CONTENT="angelum"/>
                  <SP HEIGHT="34" WIDTH="12" VPOS="462" HPOS="420"/>
                  <String HEIGHT="34"
                          WIDTH="123"
                          VPOS="462"
                          HPOS="383"
                          CONTENT="malum."/>
                  <SP HEIGHT="34" WIDTH="12" VPOS="462" HPOS="506"/>
                  <String HEIGHT="34"
                          WIDTH="185"
                          VPOS="462"
                          HPOS="469"
                          CONTENT="Respondetur"/>
                  <SP HEIGHT="34" WIDTH="12" VPOS="462" HPOS="654"/>
                  <String HEIGHT="34"
                          WIDTH="173"
                          VPOS="462"
                          HPOS="617"
                          CONTENT="concedendo"/>
                  <SP HEIGHT="34" WIDTH="12" VPOS="462" HPOS="790"/>
                  <String HEIGHT="34"
                          WIDTH="74"
                          VPOS="462"
                          HPOS="741"
                          CONTENT="con"
                          SUBS_TYPE="HypPart1"
                          SUBS_CONTENT="conclusionem"/>
                  <HYP CONTENT="-"/>
               </TextLine>
               <TextLine ID="r2l22"
                         BASELINE="521"
                         HEIGHT="30"
                         WIDTH="596"
                         VPOS="491"
                         HPOS="217">
                  <String HEIGHT="30"
                          WIDTH="127"
                          VPOS="491"
                          HPOS="207"
                          CONTENT="clusionem"
                          SUBS_TYPE="HypPart2"
                          SUBS_CONTENT="conclusionem"/>
                  <SP HEIGHT="30" WIDTH="10" VPOS="491" HPOS="334"/>
                  <String HEIGHT="30"
                          WIDTH="107"
                          VPOS="491"
                          HPOS="305"
                          CONTENT="illatam"/>
                  <SP HEIGHT="30" WIDTH="10" VPOS="491" HPOS="412"/>
                  <String HEIGHT="30" WIDTH="68" VPOS="491" HPOS="383" CONTENT="non"/>
                  <SP HEIGHT="30" WIDTH="10" VPOS="491" HPOS="451"/>
                  <String HEIGHT="30"
                          WIDTH="88"
                          VPOS="491"
                          HPOS="422"
                          CONTENT="tantm"/>
                  <SP HEIGHT="30" WIDTH="10" VPOS="491" HPOS="510"/>
                  <String HEIGHT="30" WIDTH="68" VPOS="491" HPOS="481" CONTENT="est"/>
                  <SP HEIGHT="30" WIDTH="10" VPOS="491" HPOS="549"/>
                  <String HEIGHT="30" WIDTH="68" VPOS="491" HPOS="520" CONTENT="per"/>
                  <SP HEIGHT="30" WIDTH="10" VPOS="491" HPOS="588"/>
                  <String HEIGHT="30" WIDTH="59" VPOS="491" HPOS="559" CONTENT="se"/>
                  <SP HEIGHT="30" WIDTH="10" VPOS="491" HPOS="618"/>
                  <String HEIGHT="30" WIDTH="78" VPOS="491" HPOS="588" CONTENT="vera"/>
                  <SP HEIGHT="30" WIDTH="10" VPOS="491" HPOS="666"/>
                  <String HEIGHT="30" WIDTH="78" VPOS="491" HPOS="637" CONTENT="quia"/>
                  <SP HEIGHT="30" WIDTH="10" VPOS="491" HPOS="715"/>
                  <String HEIGHT="30" WIDTH="78" VPOS="491" HPOS="686" CONTENT="deus"/>
                  <SP HEIGHT="30" WIDTH="10" VPOS="491" HPOS="764"/>
                  <String HEIGHT="30" WIDTH="59" VPOS="491" HPOS="735" CONTENT="in"/>
                  <SP HEIGHT="30" WIDTH="10" VPOS="491" HPOS="793"/>
                  <String HEIGHT="30" WIDTH="59" VPOS="491" HPOS="754" CONTENT="isto"/>
               </TextLine>
               <TextLine ID="r2l24"
                         BASELINE="548"
                         HEIGHT="28"
                         WIDTH="600"
                         VPOS="520"
                         HPOS="213">
                  <String HEIGHT="28" WIDTH="94" VPOS="520" HPOS="201" CONTENT="casu"/>
                  <SP HEIGHT="28" WIDTH="12" VPOS="520" HPOS="295"/>
                  <String HEIGHT="28" WIDTH="82" VPOS="520" HPOS="260" CONTENT="non"/>
                  <SP HEIGHT="28" WIDTH="12" VPOS="520" HPOS="342"/>
                  <String HEIGHT="28"
                          WIDTH="106"
                          VPOS="520"
                          HPOS="307"
                          CONTENT="esset"/>
                  <SP HEIGHT="28" WIDTH="12" VPOS="520" HPOS="413"/>
                  <String HEIGHT="28"
                          WIDTH="106"
                          VPOS="520"
                          HPOS="378"
                          CONTENT="causa"/>
                  <SP HEIGHT="28" WIDTH="12" VPOS="520" HPOS="484"/>
                  <String HEIGHT="28"
                          WIDTH="106"
                          VPOS="520"
                          HPOS="448"
                          CONTENT="quare"/>
                  <SP HEIGHT="28" WIDTH="12" VPOS="520" HPOS="554"/>
                  <String HEIGHT="28" WIDTH="94" VPOS="520" HPOS="519" CONTENT="iste"/>
                  <SP HEIGHT="28" WIDTH="12" VPOS="520" HPOS="613"/>
                  <String HEIGHT="28"
                          WIDTH="129"
                          VPOS="520"
                          HPOS="578"
                          CONTENT="angelus"/>
                  <SP HEIGHT="28" WIDTH="12" VPOS="520" HPOS="707"/>
                  <String HEIGHT="28"
                          WIDTH="106"
                          VPOS="520"
                          HPOS="672"
                          CONTENT="esset"/>
                  <SP HEIGHT="28" WIDTH="12" VPOS="520" HPOS="778"/>
                  <String HEIGHT="28"
                          WIDTH="82"
                          VPOS="520"
                          HPOS="731"
                          CONTENT="malus"/>
               </TextLine>
               <TextLine ID="r2l26"
                         BASELINE="584"
                         HEIGHT="36"
                         WIDTH="608"
                         VPOS="548"
                         HPOS="211">
                  <String HEIGHT="36" WIDTH="70" VPOS="548" HPOS="199" CONTENT="et"/>
                  <SP HEIGHT="36" WIDTH="12" VPOS="548" HPOS="269"/>
                  <String HEIGHT="36" WIDTH="94" VPOS="548" HPOS="234" CONTENT="ideo"/>
                  <SP HEIGHT="36" WIDTH="12" VPOS="548" HPOS="328"/>
                  <String HEIGHT="36" WIDTH="70" VPOS="548" HPOS="293" CONTENT="in"/>
                  <SP HEIGHT="36" WIDTH="12" VPOS="548" HPOS="363"/>
                  <String HEIGHT="36" WIDTH="94" VPOS="548" HPOS="328" CONTENT="illo"/>
                  <SP HEIGHT="36" WIDTH="12" VPOS="548" HPOS="421"/>
                  <String HEIGHT="36" WIDTH="94" VPOS="548" HPOS="386" CONTENT="casu"/>
                  <SP HEIGHT="36" WIDTH="12" VPOS="548" HPOS="480"/>
                  <String HEIGHT="36" WIDTH="94" VPOS="548" HPOS="445" CONTENT="ista"/>
                  <SP HEIGHT="36" WIDTH="12" VPOS="548" HPOS="538"/>
                  <String HEIGHT="36"
                          WIDTH="164"
                          VPOS="548"
                          HPOS="503"
                          CONTENT="propositio"/>
                  <SP HEIGHT="36" WIDTH="12" VPOS="548" HPOS="667"/>
                  <String HEIGHT="36" WIDTH="94" VPOS="548" HPOS="632" CONTENT="deus"/>
                  <SP HEIGHT="36" WIDTH="12" VPOS="548" HPOS="725"/>
                  <String HEIGHT="36"
                          WIDTH="105"
                          VPOS="548"
                          HPOS="690"
                          CONTENT="creat"/>
                  <SP HEIGHT="36" WIDTH="12" VPOS="548" HPOS="796"/>
                  <String HEIGHT="36" WIDTH="70" VPOS="548" HPOS="749" CONTENT="ange"/>
               </TextLine>
               <TextLine ID="r2l28"
                         BASELINE="610"
                         HEIGHT="38"
                         WIDTH="606"
                         VPOS="572"
                         HPOS="211">
                  <String HEIGHT="38" WIDTH="80" VPOS="572" HPOS="200" CONTENT="lum"/>
                  <SP HEIGHT="38" WIDTH="11" VPOS="572" HPOS="280"/>
                  <String HEIGHT="38"
                          WIDTH="103"
                          VPOS="572"
                          HPOS="245"
                          CONTENT="malum"/>
                  <SP HEIGHT="38" WIDTH="11" VPOS="572" HPOS="348"/>
                  <String HEIGHT="38"
                          WIDTH="126"
                          VPOS="572"
                          HPOS="314"
                          CONTENT="fuisset"/>
                  <SP HEIGHT="38" WIDTH="11" VPOS="572" HPOS="440"/>
                  <String HEIGHT="38" WIDTH="91" VPOS="572" HPOS="405" CONTENT="vera"/>
                  <SP HEIGHT="38" WIDTH="11" VPOS="572" HPOS="497"/>
                  <String HEIGHT="38" WIDTH="80" VPOS="572" HPOS="463" CONTENT="per"/>
                  <SP HEIGHT="38" WIDTH="11" VPOS="572" HPOS="543"/>
                  <String HEIGHT="38"
                          WIDTH="137"
                          VPOS="572"
                          HPOS="508"
                          CONTENT="accidens"/>
                  <SP HEIGHT="38" WIDTH="11" VPOS="572" HPOS="645"/>
                  <String HEIGHT="38"
                          WIDTH="103"
                          VPOS="572"
                          HPOS="611"
                          CONTENT="sicut"/>
                  <SP HEIGHT="38" WIDTH="11" VPOS="572" HPOS="714"/>
                  <String HEIGHT="38" WIDTH="80" VPOS="572" HPOS="680" CONTENT="per"/>
                  <SP HEIGHT="38" WIDTH="11" VPOS="572" HPOS="760"/>
                  <String HEIGHT="38"
                          WIDTH="103"
                          VPOS="572"
                          HPOS="714"
                          CONTENT="accides"/>
               </TextLine>
               <TextLine ID="r2l30"
                         BASELINE="635"
                         HEIGHT="31"
                         WIDTH="592"
                         VPOS="604"
                         HPOS="215">
                  <String HEIGHT="31" WIDTH="90" VPOS="604" HPOS="202" CONTENT="amo"/>
                  <SP HEIGHT="31" WIDTH="13" VPOS="604" HPOS="292"/>
                  <String HEIGHT="31"
                          WIDTH="116"
                          VPOS="604"
                          HPOS="254"
                          CONTENT="malum"/>
                  <SP HEIGHT="31" WIDTH="13" VPOS="604" HPOS="369"/>
                  <String HEIGHT="31" WIDTH="90" VPOS="604" HPOS="331" CONTENT="cum"/>
                  <SP HEIGHT="31" WIDTH="13" VPOS="604" HPOS="421"/>
                  <String HEIGHT="31" WIDTH="90" VPOS="604" HPOS="382" CONTENT="amo"/>
                  <SP HEIGHT="31" WIDTH="13" VPOS="604" HPOS="472"/>
                  <String HEIGHT="31"
                          WIDTH="142"
                          VPOS="604"
                          HPOS="434"
                          CONTENT="aliquem"/>
                  <SP HEIGHT="31" WIDTH="13" VPOS="604" HPOS="575"/>
                  <String HEIGHT="31" WIDTH="90" VPOS="604" HPOS="537" CONTENT="qui"/>
                  <SP HEIGHT="31" WIDTH="13" VPOS="604" HPOS="627"/>
                  <String HEIGHT="31" WIDTH="90" VPOS="604" HPOS="588" CONTENT="est"/>
                  <SP HEIGHT="31" WIDTH="13" VPOS="604" HPOS="678"/>
                  <String HEIGHT="31"
                          WIDTH="116"
                          VPOS="604"
                          HPOS="640"
                          CONTENT="malus"/>
                  <SP HEIGHT="31" WIDTH="13" VPOS="604" HPOS="756"/>
                  <String HEIGHT="31" WIDTH="90" VPOS="604" HPOS="717" CONTENT="non"/>
                  <SP HEIGHT="31" WIDTH="13" VPOS="604" HPOS="807"/>
                  <String HEIGHT="31" WIDTH="51" VPOS="604" HPOS="756" CONTENT="ta"/>
               </TextLine>
               <TextLine ID="r2l32"
                         BASELINE="663"
                         HEIGHT="32"
                         WIDTH="599"
                         VPOS="631"
                         HPOS="212">
                  <String HEIGHT="32" WIDTH="89" VPOS="631" HPOS="199" CONTENT="men"/>
                  <SP HEIGHT="32" WIDTH="13" VPOS="631" HPOS="288"/>
                  <String HEIGHT="32"
                          WIDTH="102"
                          VPOS="631"
                          HPOS="250"
                          CONTENT="quia"/>
                  <SP HEIGHT="32" WIDTH="13" VPOS="631" HPOS="352"/>
                  <String HEIGHT="32"
                          WIDTH="115"
                          VPOS="631"
                          HPOS="314"
                          CONTENT="malus"/>
                  <SP HEIGHT="32" WIDTH="13" VPOS="631" HPOS="429"/>
                  <String HEIGHT="32" WIDTH="89" VPOS="631" HPOS="390" CONTENT="sed"/>
                  <SP HEIGHT="32" WIDTH="13" VPOS="631" HPOS="480"/>
                  <String HEIGHT="32" WIDTH="76" VPOS="631" HPOS="441" CONTENT="ex"/>
                  <SP HEIGHT="32" WIDTH="13" VPOS="631" HPOS="518"/>
                  <String HEIGHT="32"
                          WIDTH="102"
                          VPOS="631"
                          HPOS="480"
                          CONTENT="alia"/>
                  <SP HEIGHT="32" WIDTH="13" VPOS="631" HPOS="582"/>
                  <String HEIGHT="32"
                          WIDTH="115"
                          VPOS="631"
                          HPOS="543"
                          CONTENT="causa"/>
                  <SP HEIGHT="32" WIDTH="13" VPOS="631" HPOS="658"/>
                  <String HEIGHT="32"
                          WIDTH="102"
                          VPOS="631"
                          HPOS="620"
                          CONTENT="quia"/>
                  <SP HEIGHT="32" WIDTH="13" VPOS="631" HPOS="722"/>
                  <String HEIGHT="32"
                          WIDTH="140"
                          VPOS="631"
                          HPOS="671"
                          CONTENT="propiquus"/>
               </TextLine>
               <TextLine ID="r2l34"
                         BASELINE="701"
                         HEIGHT="41"
                         WIDTH="594"
                         VPOS="660"
                         HPOS="221">
                  <String HEIGHT="41" WIDTH="65" VPOS="660" HPOS="208" CONTENT="⁋"/>
                  <SP HEIGHT="41" WIDTH="13" VPOS="660" HPOS="273"/>
                  <String HEIGHT="41" WIDTH="77" VPOS="660" HPOS="234" CONTENT="Ad"/>
                  <SP HEIGHT="41" WIDTH="13" VPOS="660" HPOS="311"/>
                  <String HEIGHT="41"
                          WIDTH="168"
                          VPOS="660"
                          HPOS="273"
                          CONTENT="argumenta"/>
                  <SP HEIGHT="41" WIDTH="13" VPOS="660" HPOS="441"/>
                  <String HEIGHT="41"
                          WIDTH="194"
                          VPOS="660"
                          HPOS="402"
                          CONTENT="principalia"/>
                  <SP HEIGHT="41" WIDTH="13" VPOS="660" HPOS="595"/>
                  <String HEIGHT="41"
                          WIDTH="116"
                          VPOS="660"
                          HPOS="557"
                          CONTENT="patet"/>
                  <SP HEIGHT="41" WIDTH="13" VPOS="660" HPOS="673"/>
                  <String HEIGHT="41" WIDTH="77" VPOS="660" HPOS="634" CONTENT="ex"/>
                  <SP HEIGHT="41" WIDTH="13" VPOS="660" HPOS="712"/>
                  <String HEIGHT="41"
                          WIDTH="155"
                          VPOS="660"
                          HPOS="660"
                          CONTENT="antedictis"/>
               </TextLine>
               <TextLine ID="r2l37"
                         BASELINE="749"
                         HEIGHT="54"
                         WIDTH="459"
                         VPOS="695"
                         HPOS="356">
                  <String HEIGHT="54"
                          WIDTH="184"
                          VPOS="695"
                          HPOS="333"
                          CONTENT="Trum"/>
                  <SP HEIGHT="54" WIDTH="23" VPOS="695" HPOS="517"/>
                  <String HEIGHT="54"
                          WIDTH="275"
                          VPOS="695"
                          HPOS="448"
                          CONTENT="boluntas"/>
                  <SP HEIGHT="54" WIDTH="23" VPOS="695" HPOS="723"/>
                  <String HEIGHT="54"
                          WIDTH="184"
                          VPOS="695"
                          HPOS="631"
                          CONTENT="libere"/>
               </TextLine>
               <TextLine ID="r2l39"
                         BASELINE="781"
                         HEIGHT="37"
                         WIDTH="459"
                         VPOS="744"
                         HPOS="356">
                  <String HEIGHT="37"
                          WIDTH="115"
                          VPOS="744"
                          HPOS="345"
                          CONTENT="possit"/>
                  <SP HEIGHT="37" WIDTH="11" VPOS="744" HPOS="459"/>
                  <String HEIGHT="37"
                          WIDTH="115"
                          VPOS="744"
                          HPOS="425"
                          CONTENT="subito"/>
                  <SP HEIGHT="37" WIDTH="11" VPOS="744" HPOS="540"/>
                  <String HEIGHT="37"
                          WIDTH="161"
                          VPOS="744"
                          HPOS="505"
                          CONTENT="suspendere"/>
                  <SP HEIGHT="37" WIDTH="11" VPOS="744" HPOS="666"/>
                  <String HEIGHT="37"
                          WIDTH="103"
                          VPOS="744"
                          HPOS="631"
                          CONTENT="actum"/>
                  <SP HEIGHT="37" WIDTH="11" VPOS="744" HPOS="735"/>
                  <String HEIGHT="37" WIDTH="92" VPOS="744" HPOS="700" CONTENT="suum"/>
                  <SP HEIGHT="37" WIDTH="11" VPOS="744" HPOS="792"/>
                  <String HEIGHT="37" WIDTH="69" VPOS="744" HPOS="746" CONTENT="siue"/>
               </TextLine>
               <TextLine ID="r2l41"
                         BASELINE="809"
                         HEIGHT="40"
                         WIDTH="459"
                         VPOS="769"
                         HPOS="352">
                  <String HEIGHT="40" WIDTH="80" VPOS="769" HPOS="341" CONTENT="lab"/>
                  <SP HEIGHT="40" WIDTH="11" VPOS="769" HPOS="421"/>
                  <String HEIGHT="40" WIDTH="92" VPOS="769" HPOS="386" CONTENT="actu"/>
                  <SP HEIGHT="40" WIDTH="11" VPOS="769" HPOS="478"/>
                  <String HEIGHT="40"
                          WIDTH="115"
                          VPOS="769"
                          HPOS="444"
                          CONTENT="habito"/>
                  <SP HEIGHT="40" WIDTH="11" VPOS="769" HPOS="559"/>
                  <String HEIGHT="40"
                          WIDTH="126"
                          VPOS="769"
                          HPOS="524"
                          CONTENT="cessare"/>
                  <SP HEIGHT="40" WIDTH="11" VPOS="769" HPOS="650"/>
                  <String HEIGHT="40"
                          WIDTH="126"
                          VPOS="769"
                          HPOS="616"
                          CONTENT="Uidetur"/>
                  <SP HEIGHT="40" WIDTH="11" VPOS="769" HPOS="742"/>
                  <String HEIGHT="40" WIDTH="92" VPOS="769" HPOS="708" CONTENT="quod"/>
                  <SP HEIGHT="40" WIDTH="11" VPOS="769" HPOS="800"/>
                  <String HEIGHT="40" WIDTH="57" VPOS="769" HPOS="754" CONTENT="sic"/>
               </TextLine>
               <TextLine ID="r2l43"
                         BASELINE="839"
                         HEIGHT="38"
                         WIDTH="510"
                         VPOS="801"
                         HPOS="306">
                  <String HEIGHT="38"
                          WIDTH="118"
                          VPOS="801"
                          HPOS="293"
                          CONTENT="lquia"/>
                  <SP HEIGHT="38" WIDTH="13" VPOS="801" HPOS="411"/>
                  <String HEIGHT="38"
                          WIDTH="157"
                          VPOS="801"
                          HPOS="371"
                          CONTENT="voluntas"/>
                  <SP HEIGHT="38" WIDTH="13" VPOS="801" HPOS="528"/>
                  <String HEIGHT="38"
                          WIDTH="131"
                          VPOS="801"
                          HPOS="489"
                          CONTENT="potest"/>
                  <SP HEIGHT="38" WIDTH="13" VPOS="801" HPOS="620"/>
                  <String HEIGHT="38"
                          WIDTH="131"
                          VPOS="801"
                          HPOS="581"
                          CONTENT="subito"/>
                  <SP HEIGHT="38" WIDTH="13" VPOS="801" HPOS="711"/>
                  <String HEIGHT="38"
                          WIDTH="118"
                          VPOS="801"
                          HPOS="672"
                          CONTENT="actum"/>
                  <SP HEIGHT="38" WIDTH="13" VPOS="801" HPOS="790"/>
                  <String HEIGHT="38" WIDTH="78" VPOS="801" HPOS="738" CONTENT="suum"/>
               </TextLine>
               <TextLine ID="r2l45"
                         BASELINE="868"
                         HEIGHT="37"
                         WIDTH="602"
                         VPOS="831"
                         HPOS="208">
                  <String HEIGHT="37"
                          WIDTH="120"
                          VPOS="831"
                          HPOS="196"
                          CONTENT="libere"/>
                  <SP HEIGHT="37" WIDTH="12" VPOS="831" HPOS="316"/>
                  <String HEIGHT="37"
                          WIDTH="132"
                          VPOS="831"
                          HPOS="280"
                          CONTENT="causare"/>
                  <SP HEIGHT="37" WIDTH="12" VPOS="831" HPOS="413"/>
                  <String HEIGHT="37" WIDTH="72" VPOS="831" HPOS="377" CONTENT="ex"/>
                  <SP HEIGHT="37" WIDTH="12" VPOS="831" HPOS="449"/>
                  <String HEIGHT="37"
                          WIDTH="157"
                          VPOS="831"
                          HPOS="413"
                          CONTENT="questione"/>
                  <SP HEIGHT="37" WIDTH="12" VPOS="831" HPOS="569"/>
                  <String HEIGHT="37"
                          WIDTH="169"
                          VPOS="831"
                          HPOS="533"
                          CONTENT="precedenti"/>
                  <SP HEIGHT="37" WIDTH="12" VPOS="831" HPOS="702"/>
                  <String HEIGHT="37"
                          WIDTH="120"
                          VPOS="831"
                          HPOS="666"
                          CONTENT="igitur"/>
                  <SP HEIGHT="37" WIDTH="12" VPOS="831" HPOS="786"/>
                  <String HEIGHT="37" WIDTH="72" VPOS="831" HPOS="738" CONTENT="etc."/>
               </TextLine>
               <TextLine ID="r2l47"
                         BASELINE="895"
                         HEIGHT="34"
                         WIDTH="598"
                         VPOS="861"
                         HPOS="211">
                  <String HEIGHT="34"
                          WIDTH="154"
                          VPOS="861"
                          HPOS="201"
                          CONTENT="consequentia"/>
                  <SP HEIGHT="34" WIDTH="10" VPOS="861" HPOS="356"/>
                  <String HEIGHT="34"
                          WIDTH="87"
                          VPOS="861"
                          HPOS="327"
                          CONTENT="patet"/>
                  <SP HEIGHT="34" WIDTH="10" VPOS="861" HPOS="414"/>
                  <String HEIGHT="34" WIDTH="77" VPOS="861" HPOS="385" CONTENT="quia"/>
                  <SP HEIGHT="34" WIDTH="10" VPOS="861" HPOS="462"/>
                  <String HEIGHT="34"
                          WIDTH="116"
                          VPOS="861"
                          HPOS="433"
                          CONTENT="facilius"/>
                  <SP HEIGHT="34" WIDTH="10" VPOS="861" HPOS="549"/>
                  <String HEIGHT="34" WIDTH="68" VPOS="861" HPOS="520" CONTENT="est"/>
                  <SP HEIGHT="34" WIDTH="10" VPOS="861" HPOS="587"/>
                  <String HEIGHT="34"
                          WIDTH="125"
                          VPOS="861"
                          HPOS="558"
                          CONTENT="destruere"/>
                  <SP HEIGHT="34" WIDTH="10" VPOS="861" HPOS="684"/>
                  <String HEIGHT="34" WIDTH="77" VPOS="861" HPOS="655" CONTENT="quam"/>
                  <SP HEIGHT="34" WIDTH="10" VPOS="861" HPOS="732"/>
                  <String HEIGHT="34"
                          WIDTH="116"
                          VPOS="861"
                          HPOS="693"
                          CONTENT="construere"/>
               </TextLine>
               <TextLine ID="r2l49"
                         BASELINE="923"
                         HEIGHT="35"
                         WIDTH="600"
                         VPOS="888"
                         HPOS="209">
                  <String HEIGHT="35"
                          WIDTH="107"
                          VPOS="888"
                          HPOS="198"
                          CONTENT="agenti"/>
                  <SP HEIGHT="35" WIDTH="11" VPOS="888" HPOS="305"/>
                  <String HEIGHT="35" WIDTH="86" VPOS="888" HPOS="273" CONTENT="quod"/>
                  <SP HEIGHT="35" WIDTH="11" VPOS="888" HPOS="359"/>
                  <String HEIGHT="35"
                          WIDTH="96"
                          VPOS="888"
                          HPOS="327"
                          CONTENT="patet"/>
                  <SP HEIGHT="35" WIDTH="11" VPOS="888" HPOS="423"/>
                  <String HEIGHT="35"
                          WIDTH="139"
                          VPOS="888"
                          HPOS="391"
                          CONTENT="vtrumque."/>
                  <SP HEIGHT="35" WIDTH="11" VPOS="888" HPOS="530"/>
                  <String HEIGHT="35" WIDTH="54" VPOS="888" HPOS="498" CONTENT="⁋"/>
                  <SP HEIGHT="35" WIDTH="11" VPOS="888" HPOS="552"/>
                  <String HEIGHT="35"
                          WIDTH="118"
                          VPOS="888"
                          HPOS="520"
                          CONTENT="Secundo"/>
                  <SP HEIGHT="35" WIDTH="11" VPOS="888" HPOS="638"/>
                  <String HEIGHT="35"
                          WIDTH="129"
                          VPOS="888"
                          HPOS="605"
                          CONTENT="voluntas"/>
                  <SP HEIGHT="35" WIDTH="11" VPOS="888" HPOS="734"/>
                  <String HEIGHT="35" WIDTH="75" VPOS="888" HPOS="702" CONTENT="sic"/>
                  <SP HEIGHT="35" WIDTH="11" VPOS="888" HPOS="777"/>
                  <String HEIGHT="35"
                          WIDTH="75"
                          VPOS="888"
                          HPOS="734"
                          CONTENT="praet"/>
               </TextLine>
               <TextLine ID="r2l51"
                         BASELINE="952"
                         HEIGHT="37"
                         WIDTH="600"
                         VPOS="915"
                         HPOS="215">
                  <String HEIGHT="37"
                          WIDTH="96"
                          VPOS="915"
                          HPOS="204"
                          CONTENT="actum"/>
                  <SP HEIGHT="37" WIDTH="11" VPOS="915" HPOS="301"/>
                  <String HEIGHT="37" WIDTH="86" VPOS="915" HPOS="269" CONTENT="suum"/>
                  <SP HEIGHT="37" WIDTH="11" VPOS="915" HPOS="354"/>
                  <String HEIGHT="37"
                          WIDTH="150"
                          VPOS="915"
                          HPOS="322"
                          CONTENT="suspendere"/>
                  <SP HEIGHT="37" WIDTH="11" VPOS="915" HPOS="472"/>
                  <String HEIGHT="37" WIDTH="86" VPOS="915" HPOS="440" CONTENT="quod"/>
                  <SP HEIGHT="37" WIDTH="11" VPOS="915" HPOS="526"/>
                  <String HEIGHT="37"
                          WIDTH="118"
                          VPOS="915"
                          HPOS="494"
                          CONTENT="precise"/>
                  <SP HEIGHT="37" WIDTH="11" VPOS="915" HPOS="611"/>
                  <String HEIGHT="37" WIDTH="75" VPOS="915" HPOS="579" CONTENT="per"/>
                  <SP HEIGHT="37" WIDTH="11" VPOS="915" HPOS="654"/>
                  <String HEIGHT="37"
                          WIDTH="118"
                          VPOS="915"
                          HPOS="622"
                          CONTENT="instans"/>
                  <SP HEIGHT="37" WIDTH="11" VPOS="915" HPOS="740"/>
                  <String HEIGHT="37"
                          WIDTH="96"
                          VPOS="915"
                          HPOS="708"
                          CONTENT="velit"/>
                  <SP HEIGHT="37" WIDTH="11" VPOS="915" HPOS="804"/>
                  <String HEIGHT="37" WIDTH="54" VPOS="915" HPOS="761" CONTENT="pri"/>
               </TextLine>
               <TextLine ID="r2l53"
                         BASELINE="979"
                         HEIGHT="32"
                         WIDTH="612"
                         VPOS="947"
                         HPOS="204">
                  <String HEIGHT="32" WIDTH="73" VPOS="947" HPOS="192" CONTENT="us"/>
                  <SP HEIGHT="32" WIDTH="12" VPOS="947" HPOS="265"/>
                  <String HEIGHT="32"
                          WIDTH="122"
                          VPOS="947"
                          HPOS="228"
                          CONTENT="igitur"/>
                  <SP HEIGHT="32" WIDTH="12" VPOS="947" HPOS="351"/>
                  <String HEIGHT="32"
                          WIDTH="171"
                          VPOS="947"
                          HPOS="314"
                          CONTENT="antecedens"/>
                  <SP HEIGHT="32" WIDTH="12" VPOS="947" HPOS="486"/>
                  <String HEIGHT="32"
                          WIDTH="147"
                          VPOS="947"
                          HPOS="449"
                          CONTENT="probatur"/>
                  <SP HEIGHT="32" WIDTH="12" VPOS="947" HPOS="596"/>
                  <String HEIGHT="32" WIDTH="98" VPOS="947" HPOS="559" CONTENT="quia"/>
                  <SP HEIGHT="32" WIDTH="12" VPOS="947" HPOS="657"/>
                  <String HEIGHT="32"
                          WIDTH="122"
                          VPOS="947"
                          HPOS="620"
                          CONTENT="aliter"/>
                  <SP HEIGHT="32" WIDTH="12" VPOS="947" HPOS="743"/>
                  <String HEIGHT="32"
                          WIDTH="122"
                          VPOS="947"
                          HPOS="694"
                          CONTENT="voluntas"/>
               </TextLine>
               <TextLine ID="r2l55"
                         BASELINE="1008"
                         HEIGHT="35"
                         WIDTH="609"
                         VPOS="973"
                         HPOS="207">
                  <String HEIGHT="35"
                          WIDTH="127"
                          VPOS="973"
                          HPOS="194"
                          CONTENT="inuite"/>
                  <SP HEIGHT="35" WIDTH="13" VPOS="973" HPOS="321"/>
                  <String HEIGHT="35"
                          WIDTH="190"
                          VPOS="973"
                          HPOS="283"
                          CONTENT="continuaret"/>
                  <SP HEIGHT="35" WIDTH="13" VPOS="973" HPOS="473"/>
                  <String HEIGHT="35"
                          WIDTH="114"
                          VPOS="973"
                          HPOS="435"
                          CONTENT="actum"/>
                  <SP HEIGHT="35" WIDTH="13" VPOS="973" HPOS="550"/>
                  <String HEIGHT="35"
                          WIDTH="102"
                          VPOS="973"
                          HPOS="512"
                          CONTENT="suum"/>
                  <SP HEIGHT="35" WIDTH="13" VPOS="973" HPOS="613"/>
                  <String HEIGHT="35"
                          WIDTH="102"
                          VPOS="973"
                          HPOS="575"
                          CONTENT="quia"/>
                  <SP HEIGHT="35" WIDTH="13" VPOS="973" HPOS="676"/>
                  <String HEIGHT="35"
                          WIDTH="140"
                          VPOS="973"
                          HPOS="638"
                          CONTENT="ponatur"/>
                  <SP HEIGHT="35" WIDTH="13" VPOS="973" HPOS="778"/>
                  <String HEIGHT="35"
                          WIDTH="102"
                          VPOS="973"
                          HPOS="740"
                          CONTENT="quod"/>
                  <SP HEIGHT="35" WIDTH="13" VPOS="973" HPOS="841"/>
                  <String HEIGHT="35" WIDTH="25" VPOS="973" HPOS="791" CONTENT=""/>
               </TextLine>
               <TextLine ID="r2l57"
                         BASELINE="1032"
                         HEIGHT="31"
                         WIDTH="601"
                         VPOS="1001"
                         HPOS="215">
                  <String HEIGHT="31"
                          WIDTH="150"
                          VPOS="1001"
                          HPOS="202"
                          CONTENT="voluntas"/>
                  <SP HEIGHT="31" WIDTH="13" VPOS="1001" HPOS="353"/>
                  <String HEIGHT="31"
                          WIDTH="113"
                          VPOS="1001"
                          HPOS="315"
                          CONTENT="primo"/>
                  <SP HEIGHT="31" WIDTH="13" VPOS="1001" HPOS="428"/>
                  <String HEIGHT="31"
                          WIDTH="150"
                          VPOS="1001"
                          HPOS="390"
                          CONTENT="antequam"/>
                  <SP HEIGHT="31" WIDTH="13" VPOS="1001" HPOS="541"/>
                  <String HEIGHT="31"
                          WIDTH="138"
                          VPOS="1001"
                          HPOS="503"
                          CONTENT="eliciat"/>
                  <SP HEIGHT="31" WIDTH="13" VPOS="1001" HPOS="641"/>
                  <String HEIGHT="31"
                          WIDTH="113"
                          VPOS="1001"
                          HPOS="603"
                          CONTENT="actum"/>
                  <SP HEIGHT="31" WIDTH="13" VPOS="1001" HPOS="716"/>
                  <String HEIGHT="31"
                          WIDTH="100"
                          VPOS="1001"
                          HPOS="678"
                          CONTENT="suum"/>
                  <SP HEIGHT="31" WIDTH="13" VPOS="1001" HPOS="778"/>
                  <String HEIGHT="31"
                          WIDTH="88"
                          VPOS="1001"
                          HPOS="728"
                          CONTENT="nolit"/>
               </TextLine>
               <TextLine ID="r2l59"
                         BASELINE="1064"
                         HEIGHT="34"
                         WIDTH="609"
                         VPOS="1030"
                         HPOS="208">
                  <String HEIGHT="34"
                          WIDTH="110"
                          VPOS="1030"
                          HPOS="196"
                          CONTENT="illum"/>
                  <SP HEIGHT="34" WIDTH="12" VPOS="1030" HPOS="305"/>
                  <String HEIGHT="34"
                          WIDTH="171"
                          VPOS="1030"
                          HPOS="269"
                          CONTENT="continuare"/>
                  <SP HEIGHT="34" WIDTH="12" VPOS="1030" HPOS="439"/>
                  <String HEIGHT="34" WIDTH="85" VPOS="1030" HPOS="403" CONTENT="per"/>
                  <SP HEIGHT="34" WIDTH="12" VPOS="1030" HPOS="488"/>
                  <String HEIGHT="34"
                          WIDTH="122"
                          VPOS="1030"
                          HPOS="452"
                          CONTENT="tempus"/>
                  <SP HEIGHT="34" WIDTH="12" VPOS="1030" HPOS="573"/>
                  <String HEIGHT="34"
                          WIDTH="134"
                          VPOS="1030"
                          HPOS="537"
                          CONTENT="aliquod"/>
                  <SP HEIGHT="34" WIDTH="12" VPOS="1030" HPOS="671"/>
                  <String HEIGHT="34" WIDTH="85" VPOS="1030" HPOS="634" CONTENT="Aut"/>
                  <SP HEIGHT="34" WIDTH="12" VPOS="1030" HPOS="720"/>
                  <String HEIGHT="34"
                          WIDTH="122"
                          VPOS="1030"
                          HPOS="683"
                          CONTENT="igitur"/>
                  <SP HEIGHT="34" WIDTH="12" VPOS="1030" HPOS="805"/>
                  <String HEIGHT="34" WIDTH="61" VPOS="1030" HPOS="756" CONTENT="con"/>
               </TextLine>
               <TextLine ID="r2l61"
                         BASELINE="1093"
                         HEIGHT="36"
                         WIDTH="603"
                         VPOS="1057"
                         HPOS="214">
                  <String HEIGHT="36"
                          WIDTH="137"
                          VPOS="1057"
                          HPOS="203"
                          CONTENT="tinuabit"/>
                  <SP HEIGHT="36" WIDTH="11" VPOS="1057" HPOS="339"/>
                  <String HEIGHT="36" WIDTH="68" VPOS="1057" HPOS="305" CONTENT="et"/>
                  <SP HEIGHT="36" WIDTH="11" VPOS="1057" HPOS="373"/>
                  <String HEIGHT="36"
                          WIDTH="91"
                          VPOS="1057"
                          HPOS="339"
                          CONTENT="tunc"/>
                  <SP HEIGHT="36" WIDTH="11" VPOS="1057" HPOS="430"/>
                  <String HEIGHT="36"
                          WIDTH="114"
                          VPOS="1057"
                          HPOS="396"
                          CONTENT="inuite"/>
                  <SP HEIGHT="36" WIDTH="11" VPOS="1057" HPOS="510"/>
                  <String HEIGHT="36" WIDTH="80" VPOS="1057" HPOS="476" CONTENT="vel"/>
                  <SP HEIGHT="36" WIDTH="11" VPOS="1057" HPOS="555"/>
                  <String HEIGHT="36" WIDTH="80" VPOS="1057" HPOS="521" CONTENT="non"/>
                  <SP HEIGHT="36" WIDTH="11" VPOS="1057" HPOS="601"/>
                  <String HEIGHT="36" WIDTH="68" VPOS="1057" HPOS="567" CONTENT="et"/>
                  <SP HEIGHT="36" WIDTH="11" VPOS="1057" HPOS="635"/>
                  <String HEIGHT="36"
                          WIDTH="91"
                          VPOS="1057"
                          HPOS="601"
                          CONTENT="tunc"/>
                  <SP HEIGHT="36" WIDTH="11" VPOS="1057" HPOS="692"/>
                  <String HEIGHT="36"
                          WIDTH="125"
                          VPOS="1057"
                          HPOS="658"
                          CONTENT="habetur"/>
                  <SP HEIGHT="36" WIDTH="11" VPOS="1057" HPOS="783"/>
                  <String HEIGHT="36"
                          WIDTH="80"
                          VPOS="1057"
                          HPOS="737"
                          CONTENT="intem"/>
               </TextLine>
               <TextLine ID="r2l63"
                         BASELINE="1121"
                         HEIGHT="34"
                         WIDTH="608"
                         VPOS="1087"
                         HPOS="211">
                  <String HEIGHT="34"
                          WIDTH="92"
                          VPOS="1087"
                          HPOS="200"
                          CONTENT="tum."/>
                  <SP HEIGHT="34" WIDTH="11" VPOS="1087" HPOS="291"/>
                  <String HEIGHT="34" WIDTH="57" VPOS="1087" HPOS="257" CONTENT="⁋"/>
                  <SP HEIGHT="34" WIDTH="11" VPOS="1087" HPOS="314"/>
                  <String HEIGHT="34"
                          WIDTH="115"
                          VPOS="1087"
                          HPOS="280"
                          CONTENT="Tertio"/>
                  <SP HEIGHT="34" WIDTH="11" VPOS="1087" HPOS="395"/>
                  <String HEIGHT="34" WIDTH="69" VPOS="1087" HPOS="360" CONTENT="si"/>
                  <SP HEIGHT="34" WIDTH="11" VPOS="1087" HPOS="429"/>
                  <String HEIGHT="34"
                          WIDTH="126"
                          VPOS="1087"
                          HPOS="395"
                          CONTENT="volitio"/>
                  <SP HEIGHT="34" WIDTH="11" VPOS="1087" HPOS="521"/>
                  <String HEIGHT="34"
                          WIDTH="161"
                          VPOS="1087"
                          HPOS="486"
                          CONTENT="necessario"/>
                  <SP HEIGHT="34" WIDTH="11" VPOS="1087" HPOS="647"/>
                  <String HEIGHT="34"
                          WIDTH="103"
                          VPOS="1087"
                          HPOS="613"
                          CONTENT="duret"/>
                  <SP HEIGHT="34" WIDTH="11" VPOS="1087" HPOS="716"/>
                  <String HEIGHT="34" WIDTH="80" VPOS="1087" HPOS="681" CONTENT="per"/>
                  <SP HEIGHT="34" WIDTH="11" VPOS="1087" HPOS="762"/>
                  <String HEIGHT="34"
                          WIDTH="103"
                          VPOS="1087"
                          HPOS="716"
                          CONTENT="aliquod"/>
               </TextLine>
               <TextLine ID="r2l65"
                         BASELINE="1148"
                         HEIGHT="33"
                         WIDTH="606"
                         VPOS="1115"
                         HPOS="209">
                  <String HEIGHT="33"
                          WIDTH="117"
                          VPOS="1115"
                          HPOS="197"
                          CONTENT="tempus"/>
                  <SP HEIGHT="33" WIDTH="12" VPOS="1115" HPOS="314"/>
                  <String HEIGHT="33"
                          WIDTH="163"
                          VPOS="1115"
                          HPOS="279"
                          CONTENT="necessario"/>
                  <SP HEIGHT="33" WIDTH="12" VPOS="1115" HPOS="442"/>
                  <String HEIGHT="33"
                          WIDTH="140"
                          VPOS="1115"
                          HPOS="407"
                          CONTENT="sequitur"/>
                  <SP HEIGHT="33" WIDTH="12" VPOS="1115" HPOS="547"/>
                  <String HEIGHT="33"
                          WIDTH="93"
                          VPOS="1115"
                          HPOS="512"
                          CONTENT="quod"/>
                  <SP HEIGHT="33" WIDTH="12" VPOS="1115" HPOS="605"/>
                  <String HEIGHT="33" WIDTH="70" VPOS="1115" HPOS="570" CONTENT="in"/>
                  <SP HEIGHT="33" WIDTH="12" VPOS="1115" HPOS="640"/>
                  <String HEIGHT="33"
                          WIDTH="93"
                          VPOS="1115"
                          HPOS="605"
                          CONTENT="casu"/>
                  <SP HEIGHT="33" WIDTH="12" VPOS="1115" HPOS="698"/>
                  <String HEIGHT="33"
                          WIDTH="140"
                          VPOS="1115"
                          HPOS="664"
                          CONTENT="voluntas"/>
                  <SP HEIGHT="33" WIDTH="12" VPOS="1115" HPOS="803"/>
                  <String HEIGHT="33" WIDTH="58" VPOS="1115" HPOS="757" CONTENT="non"/>
               </TextLine>
               <TextLine ID="r2l67"
                         BASELINE="1181"
                         HEIGHT="39"
                         WIDTH="605"
                         VPOS="1142"
                         HPOS="210">
                  <String HEIGHT="39"
                          WIDTH="123"
                          VPOS="1142"
                          HPOS="198"
                          CONTENT="possit"/>
                  <SP HEIGHT="39" WIDTH="12" VPOS="1142" HPOS="321"/>
                  <String HEIGHT="39" WIDTH="74" VPOS="1142" HPOS="284" CONTENT="se"/>
                  <SP HEIGHT="39" WIDTH="12" VPOS="1142" HPOS="358"/>
                  <String HEIGHT="39"
                          WIDTH="173"
                          VPOS="1142"
                          HPOS="321"
                          CONTENT="conformare"/>
                  <SP HEIGHT="39" WIDTH="12" VPOS="1142" HPOS="494"/>
                  <String HEIGHT="39"
                          WIDTH="136"
                          VPOS="1142"
                          HPOS="457"
                          CONTENT="iudicio"/>
                  <SP HEIGHT="39" WIDTH="12" VPOS="1142" HPOS="593"/>
                  <String HEIGHT="39"
                          WIDTH="185"
                          VPOS="1142"
                          HPOS="556"
                          CONTENT="intellectus"/>
                  <SP HEIGHT="39" WIDTH="12" VPOS="1142" HPOS="741"/>
                  <String HEIGHT="39"
                          WIDTH="99"
                          VPOS="1142"
                          HPOS="704"
                          CONTENT="quia"/>
                  <SP HEIGHT="39" WIDTH="12" VPOS="1142" HPOS="803"/>
                  <String HEIGHT="39"
                          WIDTH="62"
                          VPOS="1142"
                          HPOS="753"
                          CONTENT="iu"
                          SUBS_TYPE="HypPart1"
                          SUBS_CONTENT="iudicet"/>
                  <HYP CONTENT="-"/>
               </TextLine>
               <TextLine ID="r2l69"
                         BASELINE="1206"
                         HEIGHT="40"
                         WIDTH="598"
                         VPOS="1166"
                         HPOS="215">
                  <String HEIGHT="40"
                          WIDTH="106"
                          VPOS="1166"
                          HPOS="203"
                          CONTENT="dicet"
                          SUBS_TYPE="HypPart2"
                          SUBS_CONTENT="iudicet"/>
                  <SP HEIGHT="40" WIDTH="12" VPOS="1166" HPOS="309"/>
                  <String HEIGHT="40"
                          WIDTH="176"
                          VPOS="1166"
                          HPOS="274"
                          CONTENT="intellectus"/>
                  <SP HEIGHT="40" WIDTH="12" VPOS="1166" HPOS="450"/>
                  <String HEIGHT="40" WIDTH="70" VPOS="1166" HPOS="414" CONTENT="in"/>
                  <SP HEIGHT="40" WIDTH="12" VPOS="1166" HPOS="485"/>
                  <String HEIGHT="40"
                          WIDTH="106"
                          VPOS="1166"
                          HPOS="450"
                          CONTENT="medio"/>
                  <SP HEIGHT="40" WIDTH="12" VPOS="1166" HPOS="555"/>
                  <String HEIGHT="40"
                          WIDTH="117"
                          VPOS="1166"
                          HPOS="520"
                          CONTENT="illius"/>
                  <SP HEIGHT="40" WIDTH="12" VPOS="1166" HPOS="637"/>
                  <String HEIGHT="40"
                          WIDTH="141"
                          VPOS="1166"
                          HPOS="602"
                          CONTENT="temporis"/>
                  <SP HEIGHT="40" WIDTH="12" VPOS="1166" HPOS="743"/>
                  <String HEIGHT="40"
                          WIDTH="94"
                          VPOS="1166"
                          HPOS="707"
                          CONTENT="quod"/>
                  <SP HEIGHT="40" WIDTH="12" VPOS="1166" HPOS="801"/>
                  <String HEIGHT="40"
                          WIDTH="59"
                          VPOS="1166"
                          HPOS="754"
                          CONTENT="vo"
                          SUBS_TYPE="HypPart1"
                          SUBS_CONTENT="volitio"/>
                  <HYP CONTENT="-"/>
               </TextLine>
               <TextLine ID="r2l71"
                         BASELINE="1233"
                         HEIGHT="35"
                         WIDTH="602"
                         VPOS="1198"
                         HPOS="213">
                  <String HEIGHT="35"
                          WIDTH="95"
                          VPOS="1198"
                          HPOS="202"
                          CONTENT="litio"
                          SUBS_TYPE="HypPart2"
                          SUBS_CONTENT="volitio"/>
                  <SP HEIGHT="35" WIDTH="11" VPOS="1198" HPOS="297"/>
                  <String HEIGHT="35" WIDTH="74" VPOS="1198" HPOS="266" CONTENT="non"/>
                  <SP HEIGHT="35" WIDTH="11" VPOS="1198" HPOS="340"/>
                  <String HEIGHT="35" WIDTH="74" VPOS="1198" HPOS="308" CONTENT="est"/>
                  <SP HEIGHT="35" WIDTH="11" VPOS="1198" HPOS="382"/>
                  <String HEIGHT="35"
                          WIDTH="158"
                          VPOS="1198"
                          HPOS="350"
                          CONTENT="continuanda"/>
                  <SP HEIGHT="35" WIDTH="11" VPOS="1198" HPOS="509"/>
                  <String HEIGHT="35" WIDTH="74" VPOS="1198" HPOS="477" CONTENT="aut"/>
                  <SP HEIGHT="35" WIDTH="11" VPOS="1198" HPOS="551"/>
                  <String HEIGHT="35"
                          WIDTH="106"
                          VPOS="1198"
                          HPOS="519"
                          CONTENT="igitur"/>
                  <SP HEIGHT="35" WIDTH="11" VPOS="1198" HPOS="625"/>
                  <String HEIGHT="35"
                          WIDTH="127"
                          VPOS="1198"
                          HPOS="593"
                          CONTENT="voluntas"/>
                  <SP HEIGHT="35" WIDTH="11" VPOS="1198" HPOS="720"/>
                  <String HEIGHT="35"
                          WIDTH="106"
                          VPOS="1198"
                          HPOS="688"
                          CONTENT="potest"/>
                  <SP HEIGHT="35" WIDTH="11" VPOS="1198" HPOS="794"/>
                  <String HEIGHT="35"
                          WIDTH="63"
                          VPOS="1198"
                          HPOS="752"
                          CONTENT="tunc"/>
               </TextLine>
               <TextLine ID="r2l73"
                         BASELINE="1261"
                         HEIGHT="33"
                         WIDTH="605"
                         VPOS="1228"
                         HPOS="208">
                  <String HEIGHT="33" WIDTH="70" VPOS="1228" HPOS="196" CONTENT="se"/>
                  <SP HEIGHT="33" WIDTH="12" VPOS="1228" HPOS="266"/>
                  <String HEIGHT="33"
                          WIDTH="163"
                          VPOS="1228"
                          HPOS="231"
                          CONTENT="conformare"/>
                  <SP HEIGHT="33" WIDTH="12" VPOS="1228" HPOS="394"/>
                  <String HEIGHT="33"
                          WIDTH="93"
                          VPOS="1228"
                          HPOS="359"
                          CONTENT="illi"/>
                  <SP HEIGHT="33" WIDTH="12" VPOS="1228" HPOS="452"/>
                  <String HEIGHT="33"
                          WIDTH="128"
                          VPOS="1228"
                          HPOS="417"
                          CONTENT="iudicio"/>
                  <SP HEIGHT="33" WIDTH="12" VPOS="1228" HPOS="545"/>
                  <String HEIGHT="33" WIDTH="70" VPOS="1228" HPOS="510" CONTENT="et"/>
                  <SP HEIGHT="33" WIDTH="12" VPOS="1228" HPOS="580"/>
                  <String HEIGHT="33"
                          WIDTH="93"
                          VPOS="1228"
                          HPOS="545"
                          CONTENT="tunc"/>
                  <SP HEIGHT="33" WIDTH="12" VPOS="1228" HPOS="638"/>
                  <String HEIGHT="33"
                          WIDTH="93"
                          VPOS="1228"
                          HPOS="604"
                          CONTENT="illa"/>
                  <SP HEIGHT="33" WIDTH="12" VPOS="1228" HPOS="697"/>
                  <String HEIGHT="33"
                          WIDTH="128"
                          VPOS="1228"
                          HPOS="662"
                          CONTENT="volitio"/>
                  <SP HEIGHT="33" WIDTH="12" VPOS="1228" HPOS="790"/>
                  <String HEIGHT="33" WIDTH="81" VPOS="1228" HPOS="755" CONTENT="non"/>
                  <SP HEIGHT="33" WIDTH="12" VPOS="1228" HPOS="836"/>
                  <String HEIGHT="33" WIDTH="23" VPOS="1228" HPOS="790" CONTENT=""/>
               </TextLine>
               <TextLine ID="r2l75"
                         BASELINE="1290"
                         HEIGHT="34"
                         WIDTH="602"
                         VPOS="1256"
                         HPOS="213">
                  <String HEIGHT="34"
                          WIDTH="111"
                          VPOS="1256"
                          HPOS="201"
                          CONTENT="durat"/>
                  <SP HEIGHT="34" WIDTH="12" VPOS="1256" HPOS="311"/>
                  <String HEIGHT="34" WIDTH="86" VPOS="1256" HPOS="274" CONTENT="per"/>
                  <SP HEIGHT="34" WIDTH="12" VPOS="1256" HPOS="360"/>
                  <String HEIGHT="34"
                          WIDTH="123"
                          VPOS="1256"
                          HPOS="324"
                          CONTENT="tempus"/>
                  <SP HEIGHT="34" WIDTH="12" VPOS="1256" HPOS="446"/>
                  <String HEIGHT="34"
                          WIDTH="111"
                          VPOS="1256"
                          HPOS="410"
                          CONTENT="datum"/>
                  <SP HEIGHT="34" WIDTH="12" VPOS="1256" HPOS="520"/>
                  <String HEIGHT="34" WIDTH="86" VPOS="1256" HPOS="483" CONTENT="aut"/>
                  <SP HEIGHT="34" WIDTH="12" VPOS="1256" HPOS="569"/>
                  <String HEIGHT="34" WIDTH="86" VPOS="1256" HPOS="532" CONTENT="non"/>
                  <SP HEIGHT="34" WIDTH="12" VPOS="1256" HPOS="618"/>
                  <String HEIGHT="34"
                          WIDTH="123"
                          VPOS="1256"
                          HPOS="582"
                          CONTENT="potest"/>
                  <SP HEIGHT="34" WIDTH="12" VPOS="1256" HPOS="704"/>
                  <String HEIGHT="34" WIDTH="74" VPOS="1256" HPOS="668" CONTENT="et"/>
                  <SP HEIGHT="34" WIDTH="12" VPOS="1256" HPOS="741"/>
                  <String HEIGHT="34"
                          WIDTH="123"
                          VPOS="1256"
                          HPOS="692"
                          CONTENT="sequitur"/>
               </TextLine>
               <TextLine ID="r2l77"
                         BASELINE="1318"
                         HEIGHT="31"
                         WIDTH="608"
                         VPOS="1287"
                         HPOS="205">
                  <String HEIGHT="31"
                          WIDTH="158"
                          VPOS="1287"
                          HPOS="193"
                          CONTENT="conclusio"/>
                  <SP HEIGHT="31" WIDTH="12" VPOS="1287" HPOS="351"/>
                  <String HEIGHT="31"
                          WIDTH="158"
                          VPOS="1287"
                          HPOS="314"
                          CONTENT="probanda."/>
                  <SP HEIGHT="31" WIDTH="12" VPOS="1287" HPOS="473"/>
                  <String HEIGHT="31" WIDTH="61" VPOS="1287" HPOS="436" CONTENT="⁋"/>
                  <SP HEIGHT="31" WIDTH="12" VPOS="1287" HPOS="497"/>
                  <String HEIGHT="31"
                          WIDTH="122"
                          VPOS="1287"
                          HPOS="460"
                          CONTENT="Quarto"/>
                  <SP HEIGHT="31" WIDTH="12" VPOS="1287" HPOS="582"/>
                  <String HEIGHT="31"
                          WIDTH="146"
                          VPOS="1287"
                          HPOS="545"
                          CONTENT="sequitur"/>
                  <SP HEIGHT="31" WIDTH="12" VPOS="1287" HPOS="691"/>
                  <String HEIGHT="31"
                          WIDTH="97"
                          VPOS="1287"
                          HPOS="655"
                          CONTENT="quod"/>
                  <SP HEIGHT="31" WIDTH="12" VPOS="1287" HPOS="752"/>
                  <String HEIGHT="31" WIDTH="73" VPOS="1287" HPOS="716" CONTENT="in"/>
                  <SP HEIGHT="31" WIDTH="12" VPOS="1287" HPOS="789"/>
                  <String HEIGHT="31"
                          WIDTH="73"
                          VPOS="1287"
                          HPOS="740"
                          CONTENT="casu"/>
               </TextLine>
               <TextLine ID="r2l79"
                         BASELINE="1343"
                         HEIGHT="29"
                         WIDTH="610"
                         VPOS="1314"
                         HPOS="206">
                  <String HEIGHT="29"
                          WIDTH="163"
                          VPOS="1314"
                          HPOS="192"
                          CONTENT="voluntas"/>
                  <SP HEIGHT="29" WIDTH="14" VPOS="1314" HPOS="355"/>
                  <String HEIGHT="29"
                          WIDTH="190"
                          VPOS="1314"
                          HPOS="314"
                          CONTENT="necessario"/>
                  <SP HEIGHT="29" WIDTH="14" VPOS="1314" HPOS="504"/>
                  <String HEIGHT="29"
                          WIDTH="176"
                          VPOS="1314"
                          HPOS="464"
                          CONTENT="mereretur"/>
                  <SP HEIGHT="29" WIDTH="14" VPOS="1314" HPOS="640"/>
                  <String HEIGHT="29"
                          WIDTH="108"
                          VPOS="1314"
                          HPOS="599"
                          CONTENT="quia"/>
                  <SP HEIGHT="29" WIDTH="14" VPOS="1314" HPOS="708"/>
                  <String HEIGHT="29" WIDTH="95" VPOS="1314" HPOS="667" CONTENT="per"/>
                  <SP HEIGHT="29" WIDTH="14" VPOS="1314" HPOS="762"/>
                  <String HEIGHT="29"
                          WIDTH="108"
                          VPOS="1314"
                          HPOS="708"
                          CONTENT="tempus"/>
               </TextLine>
               <TextLine ID="r2l81"
                         BASELINE="1374"
                         HEIGHT="31"
                         WIDTH="607"
                         VPOS="1343"
                         HPOS="210">
                  <String HEIGHT="31"
                          WIDTH="114"
                          VPOS="1343"
                          HPOS="197"
                          CONTENT="illam"/>
                  <SP HEIGHT="31" WIDTH="13" VPOS="1343" HPOS="311"/>
                  <String HEIGHT="31"
                          WIDTH="114"
                          VPOS="1343"
                          HPOS="273"
                          CONTENT="bonam"/>
                  <SP HEIGHT="31" WIDTH="13" VPOS="1343" HPOS="387"/>
                  <String HEIGHT="31"
                          WIDTH="177"
                          VPOS="1343"
                          HPOS="349"
                          CONTENT="volitionem"/>
                  <SP HEIGHT="31" WIDTH="13" VPOS="1343" HPOS="526"/>
                  <String HEIGHT="31"
                          WIDTH="177"
                          VPOS="1343"
                          HPOS="488"
                          CONTENT="necessario"/>
                  <SP HEIGHT="31" WIDTH="13" VPOS="1343" HPOS="665"/>
                  <String HEIGHT="31"
                          WIDTH="190"
                          VPOS="1343"
                          HPOS="627"
                          CONTENT="continuaret"/>
                  <SP HEIGHT="31" WIDTH="13" VPOS="1343" HPOS="817"/>
                  <String HEIGHT="31" WIDTH="51" VPOS="1343" HPOS="766" CONTENT="et"/>
               </TextLine>
               <TextLine ID="r2l83"
                         BASELINE="1405"
                         HEIGHT="37"
                         WIDTH="601"
                         VPOS="1368"
                         HPOS="212">
                  <String HEIGHT="37" WIDTH="81" VPOS="1368" HPOS="200" CONTENT="sic"/>
                  <SP HEIGHT="37" WIDTH="12" VPOS="1368" HPOS="281"/>
                  <String HEIGHT="37"
                          WIDTH="92"
                          VPOS="1368"
                          HPOS="247"
                          CONTENT="post"/>
                  <SP HEIGHT="37" WIDTH="12" VPOS="1368" HPOS="339"/>
                  <String HEIGHT="37"
                          WIDTH="116"
                          VPOS="1368"
                          HPOS="304"
                          CONTENT="primum"/>
                  <SP HEIGHT="37" WIDTH="12" VPOS="1368" HPOS="420"/>
                  <String HEIGHT="37"
                          WIDTH="127"
                          VPOS="1368"
                          HPOS="385"
                          CONTENT="instans"/>
                  <SP HEIGHT="37" WIDTH="12" VPOS="1368" HPOS="513"/>
                  <String HEIGHT="37"
                          WIDTH="116"
                          VPOS="1368"
                          HPOS="478"
                          CONTENT="illius"/>
                  <SP HEIGHT="37" WIDTH="12" VPOS="1368" HPOS="593"/>
                  <String HEIGHT="37"
                          WIDTH="139"
                          VPOS="1368"
                          HPOS="559"
                          CONTENT="temporis"/>
                  <SP HEIGHT="37" WIDTH="12" VPOS="1368" HPOS="697"/>
                  <String HEIGHT="37" WIDTH="81" VPOS="1368" HPOS="663" CONTENT="non"/>
                  <SP HEIGHT="37" WIDTH="12" VPOS="1368" HPOS="744"/>
                  <String HEIGHT="37"
                          WIDTH="104"
                          VPOS="1368"
                          HPOS="709"
                          CONTENT="esset"/>
                  <SP HEIGHT="37" WIDTH="12" VPOS="1368" HPOS="813"/>
                  <String HEIGHT="37" WIDTH="46" VPOS="1368" HPOS="767" CONTENT="in"/>
               </TextLine>
               <TextLine ID="r2l85"
                         BASELINE="1429"
                         HEIGHT="35"
                         WIDTH="598"
                         VPOS="1394"
                         HPOS="215">
                  <String HEIGHT="35"
                          WIDTH="100"
                          VPOS="1394"
                          HPOS="203"
                          CONTENT="eius"/>
                  <SP HEIGHT="35" WIDTH="12" VPOS="1394" HPOS="302"/>
                  <String HEIGHT="35"
                          WIDTH="162"
                          VPOS="1394"
                          HPOS="265"
                          CONTENT="potestate"/>
                  <SP HEIGHT="35" WIDTH="12" VPOS="1394" HPOS="427"/>
                  <String HEIGHT="35"
                          WIDTH="100"
                          VPOS="1394"
                          HPOS="389"
                          CONTENT="quin"/>
                  <SP HEIGHT="35" WIDTH="12" VPOS="1394" HPOS="489"/>
                  <String HEIGHT="35"
                          WIDTH="150"
                          VPOS="1394"
                          HPOS="452"
                          CONTENT="mereatur"/>
                  <SP HEIGHT="35" WIDTH="12" VPOS="1394" HPOS="601"/>
                  <String HEIGHT="35" WIDTH="87" VPOS="1394" HPOS="564" CONTENT="per"/>
                  <SP HEIGHT="35" WIDTH="12" VPOS="1394" HPOS="651"/>
                  <String HEIGHT="35"
                          WIDTH="112"
                          VPOS="1394"
                          HPOS="614"
                          CONTENT="totum"/>
                  <SP HEIGHT="35" WIDTH="12" VPOS="1394" HPOS="726"/>
                  <String HEIGHT="35"
                          WIDTH="112"
                          VPOS="1394"
                          HPOS="688"
                          CONTENT="illud"/>
                  <SP HEIGHT="35" WIDTH="12" VPOS="1394" HPOS="801"/>
                  <String HEIGHT="35" WIDTH="62" VPOS="1394" HPOS="751" CONTENT="tem"/>
               </TextLine>
               <TextLine ID="r2l87"
                         BASELINE="1460"
                         HEIGHT="32"
                         WIDTH="603"
                         VPOS="1428"
                         HPOS="208">
                  <String HEIGHT="32" WIDTH="81" VPOS="1428" HPOS="196" CONTENT="pus"/>
                  <SP HEIGHT="32" WIDTH="12" VPOS="1428" HPOS="278"/>
                  <String HEIGHT="32"
                          WIDTH="104"
                          VPOS="1428"
                          HPOS="243"
                          CONTENT="datum"/>
                  <SP HEIGHT="32" WIDTH="12" VPOS="1428" HPOS="347"/>
                  <String HEIGHT="32" WIDTH="70" VPOS="1428" HPOS="312" CONTENT="et"/>
                  <SP HEIGHT="32" WIDTH="12" VPOS="1428" HPOS="382"/>
                  <String HEIGHT="32" WIDTH="70" VPOS="1428" HPOS="347" CONTENT="si"/>
                  <SP HEIGHT="32" WIDTH="12" VPOS="1428" HPOS="417"/>
                  <String HEIGHT="32" WIDTH="70" VPOS="1428" HPOS="382" CONTENT="ex"/>
                  <SP HEIGHT="32" WIDTH="12" VPOS="1428" HPOS="452"/>
                  <String HEIGHT="32"
                          WIDTH="174"
                          VPOS="1428"
                          HPOS="417"
                          CONTENT="necessitate"/>
                  <SP HEIGHT="32" WIDTH="12" VPOS="1428" HPOS="591"/>
                  <String HEIGHT="32"
                          WIDTH="116"
                          VPOS="1428"
                          HPOS="556"
                          CONTENT="igitur"/>
                  <SP HEIGHT="32" WIDTH="12" VPOS="1428" HPOS="672"/>
                  <String HEIGHT="32" WIDTH="81" VPOS="1428" HPOS="637" CONTENT="non"/>
                  <SP HEIGHT="32" WIDTH="12" VPOS="1428" HPOS="718"/>
                  <String HEIGHT="32"
                          WIDTH="104"
                          VPOS="1428"
                          HPOS="683"
                          CONTENT="esset"/>
                  <SP HEIGHT="32" WIDTH="12" VPOS="1428" HPOS="788"/>
                  <String HEIGHT="32"
                          WIDTH="70"
                          VPOS="1428"
                          HPOS="741"
                          CONTENT="meri"/>
               </TextLine>
               <TextLine ID="r2l89"
                         BASELINE="1489"
                         HEIGHT="35"
                         WIDTH="600"
                         VPOS="1454"
                         HPOS="209">
                  <String HEIGHT="35"
                          WIDTH="89"
                          VPOS="1454"
                          HPOS="198"
                          CONTENT="tum."/>
                  <SP HEIGHT="35" WIDTH="11" VPOS="1454" HPOS="287"/>
                  <String HEIGHT="35" WIDTH="56" VPOS="1454" HPOS="253" CONTENT="⁋"/>
                  <SP HEIGHT="35" WIDTH="11" VPOS="1454" HPOS="309"/>
                  <String HEIGHT="35"
                          WIDTH="111"
                          VPOS="1454"
                          HPOS="276"
                          CONTENT="Quinto"/>
                  <SP HEIGHT="35" WIDTH="11" VPOS="1454" HPOS="387"/>
                  <String HEIGHT="35"
                          WIDTH="133"
                          VPOS="1454"
                          HPOS="353"
                          CONTENT="sequitur"/>
                  <SP HEIGHT="35" WIDTH="11" VPOS="1454" HPOS="487"/>
                  <String HEIGHT="35"
                          WIDTH="89"
                          VPOS="1454"
                          HPOS="453"
                          CONTENT="quod"/>
                  <SP HEIGHT="35" WIDTH="11" VPOS="1454" HPOS="542"/>
                  <String HEIGHT="35" WIDTH="67" VPOS="1454" HPOS="509" CONTENT="in"/>
                  <SP HEIGHT="35" WIDTH="11" VPOS="1454" HPOS="576"/>
                  <String HEIGHT="35"
                          WIDTH="89"
                          VPOS="1454"
                          HPOS="542"
                          CONTENT="casu"/>
                  <SP HEIGHT="35" WIDTH="11" VPOS="1454" HPOS="631"/>
                  <String HEIGHT="35"
                          WIDTH="111"
                          VPOS="1454"
                          HPOS="598"
                          CONTENT="viator"/>
                  <SP HEIGHT="35" WIDTH="11" VPOS="1454" HPOS="709"/>
                  <String HEIGHT="35"
                          WIDTH="122"
                          VPOS="1454"
                          HPOS="676"
                          CONTENT="aliquis"/>
                  <SP HEIGHT="35" WIDTH="11" VPOS="1454" HPOS="798"/>
                  <String HEIGHT="35" WIDTH="56" VPOS="1454" HPOS="753" CONTENT="non"/>
               </TextLine>
               <TextLine ID="r2l91"
                         BASELINE="1518"
                         HEIGHT="35"
                         WIDTH="596"
                         VPOS="1483"
                         HPOS="208">
                  <String HEIGHT="35"
                          WIDTH="119"
                          VPOS="1483"
                          HPOS="196"
                          CONTENT="potest"/>
                  <SP HEIGHT="35" WIDTH="12" VPOS="1483" HPOS="315"/>
                  <String HEIGHT="35"
                          WIDTH="143"
                          VPOS="1483"
                          HPOS="280"
                          CONTENT="penitere"/>
                  <SP HEIGHT="35" WIDTH="12" VPOS="1483" HPOS="423"/>
                  <String HEIGHT="35" WIDTH="72" VPOS="1483" HPOS="387" CONTENT="de"/>
                  <SP HEIGHT="35" WIDTH="12" VPOS="1483" HPOS="458"/>
                  <String HEIGHT="35"
                          WIDTH="131"
                          VPOS="1483"
                          HPOS="423"
                          CONTENT="peccato"/>
                  <SP HEIGHT="35" WIDTH="12" VPOS="1483" HPOS="554"/>
                  <String HEIGHT="35" WIDTH="83" VPOS="1483" HPOS="518" CONTENT="suo"/>
                  <SP HEIGHT="35" WIDTH="12" VPOS="1483" HPOS="601"/>
                  <String HEIGHT="35"
                          WIDTH="95"
                          VPOS="1483"
                          HPOS="566"
                          CONTENT="quia"/>
                  <SP HEIGHT="35" WIDTH="12" VPOS="1483" HPOS="661"/>
                  <String HEIGHT="35" WIDTH="83" VPOS="1483" HPOS="625" CONTENT="sit"/>
                  <SP HEIGHT="35" WIDTH="12" VPOS="1483" HPOS="709"/>
                  <String HEIGHT="35" WIDTH="72" VPOS="1483" HPOS="673" CONTENT="b."/>
                  <SP HEIGHT="35" WIDTH="12" VPOS="1483" HPOS="744"/>
                  <String HEIGHT="35"
                          WIDTH="107"
                          VPOS="1483"
                          HPOS="697"
                          CONTENT="vltimum"/>
               </TextLine>
               <TextLine ID="r2l93"
                         BASELINE="1545"
                         HEIGHT="33"
                         WIDTH="598"
                         VPOS="1512"
                         HPOS="208">
                  <String HEIGHT="33"
                          WIDTH="129"
                          VPOS="1512"
                          HPOS="196"
                          CONTENT="instans"/>
                  <SP HEIGHT="33" WIDTH="12" VPOS="1512" HPOS="325"/>
                  <String HEIGHT="33"
                          WIDTH="141"
                          VPOS="1512"
                          HPOS="290"
                          CONTENT="temporis"/>
                  <SP HEIGHT="33" WIDTH="12" VPOS="1512" HPOS="431"/>
                  <String HEIGHT="33"
                          WIDTH="94"
                          VPOS="1512"
                          HPOS="396"
                          CONTENT="dati"/>
                  <SP HEIGHT="33" WIDTH="12" VPOS="1512" HPOS="489"/>
                  <String HEIGHT="33"
                          WIDTH="94"
                          VPOS="1512"
                          HPOS="454"
                          CONTENT="tunc"/>
                  <SP HEIGHT="33" WIDTH="12" VPOS="1512" HPOS="548"/>
                  <String HEIGHT="33" WIDTH="70" VPOS="1512" HPOS="513" CONTENT="si"/>
                  <SP HEIGHT="33" WIDTH="12" VPOS="1512" HPOS="583"/>
                  <String HEIGHT="33"
                          WIDTH="106"
                          VPOS="1512"
                          HPOS="548"
                          CONTENT="actus"/>
                  <SP HEIGHT="33" WIDTH="12" VPOS="1512" HPOS="654"/>
                  <String HEIGHT="33" WIDTH="70" VPOS="1512" HPOS="618" CONTENT="de"/>
                  <SP HEIGHT="33" WIDTH="12" VPOS="1512" HPOS="689"/>
                  <String HEIGHT="33" WIDTH="82" VPOS="1512" HPOS="654" CONTENT="quo"/>
                  <SP HEIGHT="33" WIDTH="12" VPOS="1512" HPOS="736"/>
                  <String HEIGHT="33" WIDTH="82" VPOS="1512" HPOS="700" CONTENT="est"/>
                  <SP HEIGHT="33" WIDTH="12" VPOS="1512" HPOS="783"/>
                  <String HEIGHT="33"
                          WIDTH="70"
                          VPOS="1512"
                          HPOS="736"
                          CONTENT="ser"
                          SUBS_TYPE="HypPart1"
                          SUBS_CONTENT="sermo"/>
                  <HYP CONTENT="-"/>
               </TextLine>
               <TextLine ID="r2l95"
                         BASELINE="1573"
                         HEIGHT="33"
                         WIDTH="596"
                         VPOS="1540"
                         HPOS="209">
                  <String HEIGHT="33"
                          WIDTH="70"
                          VPOS="1540"
                          HPOS="197"
                          CONTENT="mo"
                          SUBS_TYPE="HypPart2"
                          SUBS_CONTENT="sermo"/>
                  <SP HEIGHT="33" WIDTH="12" VPOS="1540" HPOS="267"/>
                  <String HEIGHT="33" WIDTH="82" VPOS="1540" HPOS="232" CONTENT="est"/>
                  <SP HEIGHT="33" WIDTH="12" VPOS="1540" HPOS="314"/>
                  <String HEIGHT="33"
                          WIDTH="140"
                          VPOS="1540"
                          HPOS="279"
                          CONTENT="peccatum"/>
                  <SP HEIGHT="33" WIDTH="12" VPOS="1540" HPOS="419"/>
                  <String HEIGHT="33"
                          WIDTH="129"
                          VPOS="1540"
                          HPOS="384"
                          CONTENT="mortale"/>
                  <SP HEIGHT="33" WIDTH="12" VPOS="1540" HPOS="513"/>
                  <String HEIGHT="33"
                          WIDTH="105"
                          VPOS="1540"
                          HPOS="478"
                          CONTENT="quero"/>
                  <SP HEIGHT="33" WIDTH="12" VPOS="1540" HPOS="583"/>
                  <String HEIGHT="33" WIDTH="70" VPOS="1540" HPOS="548" CONTENT="an"/>
                  <SP HEIGHT="33" WIDTH="12" VPOS="1540" HPOS="618"/>
                  <String HEIGHT="33"
                          WIDTH="93"
                          VPOS="1540"
                          HPOS="583"
                          CONTENT="ante"/>
                  <SP HEIGHT="33" WIDTH="12" VPOS="1540" HPOS="676"/>
                  <String HEIGHT="33" WIDTH="70" VPOS="1540" HPOS="641" CONTENT="b."/>
                  <SP HEIGHT="33" WIDTH="12" VPOS="1540" HPOS="712"/>
                  <String HEIGHT="33"
                          WIDTH="117"
                          VPOS="1540"
                          HPOS="676"
                          CONTENT="potest"/>
                  <SP HEIGHT="33" WIDTH="12" VPOS="1540" HPOS="793"/>
                  <String HEIGHT="33"
                          WIDTH="58"
                          VPOS="1540"
                          HPOS="747"
                          CONTENT="pe"
                          SUBS_TYPE="HypPart1"
                          SUBS_CONTENT="penitere"/>
                  <HYP CONTENT="-"/>
               </TextLine>
               <TextLine ID="r2l97"
                         BASELINE="1600"
                         HEIGHT="32"
                         WIDTH="604"
                         VPOS="1568"
                         HPOS="211">
                  <String HEIGHT="32"
                          WIDTH="121"
                          VPOS="1568"
                          HPOS="199"
                          CONTENT="nitere"
                          SUBS_TYPE="HypPart2"
                          SUBS_CONTENT="penitere"/>
                  <SP HEIGHT="32" WIDTH="12" VPOS="1568" HPOS="320"/>
                  <String HEIGHT="32" WIDTH="72" VPOS="1568" HPOS="283" CONTENT="et"/>
                  <SP HEIGHT="32" WIDTH="12" VPOS="1568" HPOS="356"/>
                  <String HEIGHT="32"
                          WIDTH="97"
                          VPOS="1568"
                          HPOS="320"
                          CONTENT="tunc"/>
                  <SP HEIGHT="32" WIDTH="12" VPOS="1568" HPOS="416"/>
                  <String HEIGHT="32"
                          WIDTH="97"
                          VPOS="1568"
                          HPOS="380"
                          CONTENT="ante"/>
                  <SP HEIGHT="32" WIDTH="12" VPOS="1568" HPOS="477"/>
                  <String HEIGHT="32" WIDTH="72" VPOS="1568" HPOS="441" CONTENT="b."/>
                  <SP HEIGHT="32" WIDTH="12" VPOS="1568" HPOS="513"/>
                  <String HEIGHT="32"
                          WIDTH="121"
                          VPOS="1568"
                          HPOS="477"
                          CONTENT="potest"/>
                  <SP HEIGHT="32" WIDTH="12" VPOS="1568" HPOS="598"/>
                  <String HEIGHT="32" WIDTH="72" VPOS="1568" HPOS="561" CONTENT="ab"/>
                  <SP HEIGHT="32" WIDTH="12" VPOS="1568" HPOS="634"/>
                  <String HEIGHT="32"
                          WIDTH="97"
                          VPOS="1568"
                          HPOS="598"
                          CONTENT="illo"/>
                  <SP HEIGHT="32" WIDTH="12" VPOS="1568" HPOS="694"/>
                  <String HEIGHT="32"
                          WIDTH="97"
                          VPOS="1568"
                          HPOS="658"
                          CONTENT="actu"/>
                  <SP HEIGHT="32" WIDTH="12" VPOS="1568" HPOS="755"/>
                  <String HEIGHT="32"
                          WIDTH="109"
                          VPOS="1568"
                          HPOS="706"
                          CONTENT="cessare"/>
               </TextLine>
               <TextLine ID="r2l99"
                         BASELINE="1633"
                         HEIGHT="35"
                         WIDTH="592"
                         VPOS="1598"
                         HPOS="217">
                  <String HEIGHT="35"
                          WIDTH="107"
                          VPOS="1598"
                          HPOS="205"
                          CONTENT="cuius"/>
                  <SP HEIGHT="35" WIDTH="12" VPOS="1598" HPOS="312"/>
                  <String HEIGHT="35"
                          WIDTH="154"
                          VPOS="1598"
                          HPOS="276"
                          CONTENT="oppositum"/>
                  <SP HEIGHT="35" WIDTH="12" VPOS="1598" HPOS="430"/>
                  <String HEIGHT="35"
                          WIDTH="107"
                          VPOS="1598"
                          HPOS="395"
                          CONTENT="datur"/>
                  <SP HEIGHT="35" WIDTH="12" VPOS="1598" HPOS="501"/>
                  <String HEIGHT="35" WIDTH="83" VPOS="1598" HPOS="466" CONTENT="vel"/>
                  <SP HEIGHT="35" WIDTH="12" VPOS="1598" HPOS="549"/>
                  <String HEIGHT="35" WIDTH="83" VPOS="1598" HPOS="513" CONTENT="non"/>
                  <SP HEIGHT="35" WIDTH="12" VPOS="1598" HPOS="596"/>
                  <String HEIGHT="35" WIDTH="71" VPOS="1598" HPOS="560" CONTENT="et"/>
                  <SP HEIGHT="35" WIDTH="12" VPOS="1598" HPOS="631"/>
                  <String HEIGHT="35"
                          WIDTH="95"
                          VPOS="1598"
                          HPOS="596"
                          CONTENT="tunc"/>
                  <SP HEIGHT="35" WIDTH="12" VPOS="1598" HPOS="691"/>
                  <String HEIGHT="35"
                          WIDTH="130"
                          VPOS="1598"
                          HPOS="655"
                          CONTENT="habetur"/>
                  <SP HEIGHT="35" WIDTH="12" VPOS="1598" HPOS="785"/>
                  <String HEIGHT="35"
                          WIDTH="71"
                          VPOS="1598"
                          HPOS="738"
                          CONTENT="con"
                          SUBS_TYPE="HypPart1"
                          SUBS_CONTENT="conclusio"/>
                  <HYP CONTENT="-"/>
               </TextLine>
               <TextLine ID="r2l101"
                         BASELINE="1659"
                         HEIGHT="37"
                         WIDTH="607"
                         VPOS="1622"
                         HPOS="207">
                  <String HEIGHT="37"
                          WIDTH="121"
                          VPOS="1622"
                          HPOS="195"
                          CONTENT="clusio"
                          SUBS_TYPE="HypPart2"
                          SUBS_CONTENT="conclusio"/>
                  <SP HEIGHT="37" WIDTH="12" VPOS="1622" HPOS="316"/>
                  <String HEIGHT="37"
                          WIDTH="158"
                          VPOS="1622"
                          HPOS="280"
                          CONTENT="probanda."/>
                  <SP HEIGHT="37" WIDTH="12" VPOS="1622" HPOS="438"/>
                  <String HEIGHT="37" WIDTH="61" VPOS="1622" HPOS="401" CONTENT="⁋"/>
                  <SP HEIGHT="37" WIDTH="12" VPOS="1622" HPOS="462"/>
                  <String HEIGHT="37"
                          WIDTH="109"
                          VPOS="1622"
                          HPOS="426"
                          CONTENT="Sexto"/>
                  <SP HEIGHT="37" WIDTH="12" VPOS="1622" HPOS="535"/>
                  <String HEIGHT="37"
                          WIDTH="97"
                          VPOS="1622"
                          HPOS="498"
                          CONTENT="tunc"/>
                  <SP HEIGHT="37" WIDTH="12" VPOS="1622" HPOS="595"/>
                  <String HEIGHT="37" WIDTH="73" VPOS="1622" HPOS="559" CONTENT="in"/>
                  <SP HEIGHT="37" WIDTH="12" VPOS="1622" HPOS="632"/>
                  <String HEIGHT="37"
                          WIDTH="109"
                          VPOS="1622"
                          HPOS="595"
                          CONTENT="medio"/>
                  <SP HEIGHT="37" WIDTH="12" VPOS="1622" HPOS="705"/>
                  <String HEIGHT="37"
                          WIDTH="121"
                          VPOS="1622"
                          HPOS="668"
                          CONTENT="illius"/>
                  <SP HEIGHT="37" WIDTH="12" VPOS="1622" HPOS="790"/>
                  <String HEIGHT="37"
                          WIDTH="73"
                          VPOS="1622"
                          HPOS="741"
                          CONTENT="ten"
                          SUBS_TYPE="HypPart1"
                          SUBS_CONTENT="tenporis"/>
                  <HYP CONTENT="-"/>
               </TextLine>
               <TextLine ID="r2l103"
                         BASELINE="1688"
                         HEIGHT="37"
                         WIDTH="607"
                         VPOS="1651"
                         HPOS="207">
                  <String HEIGHT="37"
                          WIDTH="91"
                          VPOS="1651"
                          HPOS="197"
                          CONTENT="poris"
                          SUBS_TYPE="HypPart2"
                          SUBS_CONTENT="tenporis"/>
                  <SP HEIGHT="37" WIDTH="10" VPOS="1651" HPOS="288"/>
                  <String HEIGHT="37" WIDTH="71" VPOS="1651" HPOS="258" CONTENT="non"/>
                  <SP HEIGHT="37" WIDTH="10" VPOS="1651" HPOS="328"/>
                  <String HEIGHT="37"
                          WIDTH="101"
                          VPOS="1651"
                          HPOS="298"
                          CONTENT="potest"/>
                  <SP HEIGHT="37" WIDTH="10" VPOS="1651" HPOS="399"/>
                  <String HEIGHT="37"
                          WIDTH="121"
                          VPOS="1651"
                          HPOS="369"
                          CONTENT="corrumpi"/>
                  <SP HEIGHT="37" WIDTH="10" VPOS="1651" HPOS="490"/>
                  <String HEIGHT="37"
                          WIDTH="81"
                          VPOS="1651"
                          HPOS="460"
                          CONTENT="ipsa"/>
                  <SP HEIGHT="37" WIDTH="10" VPOS="1651" HPOS="541"/>
                  <String HEIGHT="37"
                          WIDTH="121"
                          VPOS="1651"
                          HPOS="511"
                          CONTENT="voluntas"/>
                  <SP HEIGHT="37" WIDTH="10" VPOS="1651" HPOS="632"/>
                  <String HEIGHT="37"
                          WIDTH="81"
                          VPOS="1651"
                          HPOS="602"
                          CONTENT="quia"/>
                  <SP HEIGHT="37" WIDTH="10" VPOS="1651" HPOS="682"/>
                  <String HEIGHT="37"
                          WIDTH="81"
                          VPOS="1651"
                          HPOS="652"
                          CONTENT="ista"/>
                  <SP HEIGHT="37" WIDTH="10" VPOS="1651" HPOS="733"/>
                  <String HEIGHT="37"
                          WIDTH="121"
                          VPOS="1651"
                          HPOS="693"
                          CONTENT="necessario"/>
               </TextLine>
               <TextLine ID="r2l105"
                         BASELINE="1715"
                         HEIGHT="34"
                         WIDTH="596"
                         VPOS="1681"
                         HPOS="215">
                  <String HEIGHT="34"
                          WIDTH="91"
                          VPOS="1681"
                          HPOS="205"
                          CONTENT="sicut"/>
                  <SP HEIGHT="34" WIDTH="10" VPOS="1681" HPOS="296"/>
                  <String HEIGHT="34"
                          WIDTH="91"
                          VPOS="1681"
                          HPOS="266"
                          CONTENT="manet"/>
                  <SP HEIGHT="34" WIDTH="10" VPOS="1681" HPOS="356"/>
                  <String HEIGHT="34"
                          WIDTH="91"
                          VPOS="1681"
                          HPOS="326"
                          CONTENT="actus"/>
                  <SP HEIGHT="34" WIDTH="10" VPOS="1681" HPOS="417"/>
                  <String HEIGHT="34"
                          WIDTH="91"
                          VPOS="1681"
                          HPOS="387"
                          CONTENT="manet"/>
                  <SP HEIGHT="34" WIDTH="10" VPOS="1681" HPOS="478"/>
                  <String HEIGHT="34"
                          WIDTH="121"
                          VPOS="1681"
                          HPOS="447"
                          CONTENT="sbiectum"/>
                  <SP HEIGHT="34" WIDTH="10" VPOS="1681" HPOS="569"/>
                  <String HEIGHT="34"
                          WIDTH="101"
                          VPOS="1681"
                          HPOS="538"
                          CONTENT="actus."/>
                  <SP HEIGHT="34" WIDTH="10" VPOS="1681" HPOS="639"/>
                  <String HEIGHT="34" WIDTH="51" VPOS="1681" HPOS="609" CONTENT="⁋"/>
                  <SP HEIGHT="34" WIDTH="10" VPOS="1681" HPOS="659"/>
                  <String HEIGHT="34" WIDTH="51" VPOS="1681" HPOS="629" CONTENT="S"/>
                  <SP HEIGHT="34" WIDTH="10" VPOS="1681" HPOS="680"/>
                  <String HEIGHT="34"
                          WIDTH="101"
                          VPOS="1681"
                          HPOS="649"
                          CONTENT="eptimo"/>
                  <SP HEIGHT="34" WIDTH="10" VPOS="1681" HPOS="750"/>
                  <String HEIGHT="34"
                          WIDTH="101"
                          VPOS="1681"
                          HPOS="710"
                          CONTENT="sequitur"/>
               </TextLine>
               <TextLine ID="r2l107"
                         BASELINE="1744"
                         HEIGHT="34"
                         WIDTH="602"
                         VPOS="1710"
                         HPOS="214">
                  <String HEIGHT="34"
                          WIDTH="89"
                          VPOS="1710"
                          HPOS="203"
                          CONTENT="quod"/>
                  <SP HEIGHT="34" WIDTH="11" VPOS="1710" HPOS="292"/>
                  <String HEIGHT="34" WIDTH="67" VPOS="1710" HPOS="259" CONTENT="in"/>
                  <SP HEIGHT="34" WIDTH="11" VPOS="1710" HPOS="325"/>
                  <String HEIGHT="34"
                          WIDTH="89"
                          VPOS="1710"
                          HPOS="292"
                          CONTENT="casu"/>
                  <SP HEIGHT="34" WIDTH="11" VPOS="1710" HPOS="381"/>
                  <String HEIGHT="34"
                          WIDTH="123"
                          VPOS="1710"
                          HPOS="348"
                          CONTENT="volitio"/>
                  <SP HEIGHT="34" WIDTH="11" VPOS="1710" HPOS="470"/>
                  <String HEIGHT="34"
                          WIDTH="100"
                          VPOS="1710"
                          HPOS="437"
                          CONTENT="esset"/>
                  <SP HEIGHT="34" WIDTH="11" VPOS="1710" HPOS="537"/>
                  <String HEIGHT="34"
                          WIDTH="145"
                          VPOS="1710"
                          HPOS="504"
                          CONTENT="incognita"/>
                  <SP HEIGHT="34" WIDTH="11" VPOS="1710" HPOS="649"/>
                  <String HEIGHT="34" WIDTH="78" VPOS="1710" HPOS="615" CONTENT="vel"/>
                  <SP HEIGHT="34" WIDTH="11" VPOS="1710" HPOS="693"/>
                  <String HEIGHT="34"
                          WIDTH="123"
                          VPOS="1710"
                          HPOS="660"
                          CONTENT="volitis"/>
                  <SP HEIGHT="34" WIDTH="11" VPOS="1710" HPOS="783"/>
                  <String HEIGHT="34"
                          WIDTH="78"
                          VPOS="1710"
                          HPOS="738"
                          CONTENT="esset"/>
               </TextLine>
               <TextLine ID="r2l109"
                         BASELINE="1766"
                         HEIGHT="28"
                         WIDTH="603"
                         VPOS="1738"
                         HPOS="210">
                  <String HEIGHT="28"
                          WIDTH="172"
                          VPOS="1738"
                          HPOS="198"
                          CONTENT="incognitum"/>
                  <SP HEIGHT="28" WIDTH="12" VPOS="1738" HPOS="370"/>
                  <String HEIGHT="28"
                          WIDTH="98"
                          VPOS="1738"
                          HPOS="333"
                          CONTENT="quia"/>
                  <SP HEIGHT="28" WIDTH="12" VPOS="1738" HPOS="432"/>
                  <String HEIGHT="28"
                          WIDTH="135"
                          VPOS="1738"
                          HPOS="395"
                          CONTENT="ponatur"/>
                  <SP HEIGHT="28" WIDTH="12" VPOS="1738" HPOS="530"/>
                  <String HEIGHT="28"
                          WIDTH="98"
                          VPOS="1738"
                          HPOS="493"
                          CONTENT="quod"/>
                  <SP HEIGHT="28" WIDTH="12" VPOS="1738" HPOS="591"/>
                  <String HEIGHT="28" WIDTH="74" VPOS="1738" HPOS="555" CONTENT="in"/>
                  <SP HEIGHT="28" WIDTH="12" VPOS="1738" HPOS="628"/>
                  <String HEIGHT="28"
                          WIDTH="111"
                          VPOS="1738"
                          HPOS="591"
                          CONTENT="medio"/>
                  <SP HEIGHT="28" WIDTH="12" VPOS="1738" HPOS="702"/>
                  <String HEIGHT="28"
                          WIDTH="123"
                          VPOS="1738"
                          HPOS="665"
                          CONTENT="illius"/>
                  <SP HEIGHT="28" WIDTH="12" VPOS="1738" HPOS="788"/>
                  <String HEIGHT="28"
                          WIDTH="74"
                          VPOS="1738"
                          HPOS="739"
                          CONTENT="tem"
                          SUBS_TYPE="HypPart1"
                          SUBS_CONTENT="temporis"/>
                  <HYP CONTENT="-"/>
               </TextLine>
               <TextLine ID="r2l111"
                         BASELINE="1801"
                         HEIGHT="37"
                         WIDTH="602"
                         VPOS="1764"
                         HPOS="208">
                  <String HEIGHT="37"
                          WIDTH="108"
                          VPOS="1764"
                          HPOS="196"
                          CONTENT="poris"
                          SUBS_TYPE="HypPart2"
                          SUBS_CONTENT="temporis"/>
                  <SP HEIGHT="37" WIDTH="12" VPOS="1764" HPOS="304"/>
                  <String HEIGHT="37"
                          WIDTH="96"
                          VPOS="1764"
                          HPOS="268"
                          CONTENT="fiat"/>
                  <SP HEIGHT="37" WIDTH="12" VPOS="1764" HPOS="365"/>
                  <String HEIGHT="37"
                          WIDTH="96"
                          VPOS="1764"
                          HPOS="328"
                          CONTENT="homo"/>
                  <SP HEIGHT="37" WIDTH="12" VPOS="1764" HPOS="425"/>
                  <String HEIGHT="37"
                          WIDTH="120"
                          VPOS="1764"
                          HPOS="389"
                          CONTENT="demens"/>
                  <SP HEIGHT="37" WIDTH="12" VPOS="1764" HPOS="509"/>
                  <String HEIGHT="37" WIDTH="84" VPOS="1764" HPOS="473" CONTENT="ita"/>
                  <SP HEIGHT="37" WIDTH="12" VPOS="1764" HPOS="557"/>
                  <String HEIGHT="37"
                          WIDTH="96"
                          VPOS="1764"
                          HPOS="521"
                          CONTENT="quod"/>
                  <SP HEIGHT="37" WIDTH="12" VPOS="1764" HPOS="617"/>
                  <String HEIGHT="37"
                          WIDTH="181"
                          VPOS="1764"
                          HPOS="581"
                          CONTENT="corrumpatur"/>
                  <SP HEIGHT="37" WIDTH="12" VPOS="1764" HPOS="762"/>
                  <String HEIGHT="37"
                          WIDTH="96"
                          VPOS="1764"
                          HPOS="714"
                          CONTENT="cogni"
                          SUBS_TYPE="HypPart1"
                          SUBS_CONTENT="cognitio"/>
                  <HYP CONTENT="-"/>
               </TextLine>
               <TextLine ID="r2l113"
                         BASELINE="1826"
                         HEIGHT="35"
                         WIDTH="604"
                         VPOS="1791"
                         HPOS="209">
                  <String HEIGHT="35"
                          WIDTH="83"
                          VPOS="1791"
                          HPOS="197"
                          CONTENT="tio"
                          SUBS_TYPE="HypPart2"
                          SUBS_CONTENT="cognitio"/>
                  <SP HEIGHT="35" WIDTH="12" VPOS="1791" HPOS="280"/>
                  <String HEIGHT="35"
                          WIDTH="142"
                          VPOS="1791"
                          HPOS="245"
                          CONTENT="respectu"/>
                  <SP HEIGHT="35" WIDTH="12" VPOS="1791" HPOS="387"/>
                  <String HEIGHT="35"
                          WIDTH="118"
                          VPOS="1791"
                          HPOS="351"
                          CONTENT="illius"/>
                  <SP HEIGHT="35" WIDTH="12" VPOS="1791" HPOS="470"/>
                  <String HEIGHT="35"
                          WIDTH="130"
                          VPOS="1791"
                          HPOS="434"
                          CONTENT="obiecti"/>
                  <SP HEIGHT="35" WIDTH="12" VPOS="1791" HPOS="564"/>
                  <String HEIGHT="35" WIDTH="71" VPOS="1791" HPOS="529" CONTENT="et"/>
                  <SP HEIGHT="35" WIDTH="12" VPOS="1791" HPOS="600"/>
                  <String HEIGHT="35" WIDTH="71" VPOS="1791" HPOS="564" CONTENT="ex"/>
                  <SP HEIGHT="35" WIDTH="12" VPOS="1791" HPOS="635"/>
                  <String HEIGHT="35" WIDTH="83" VPOS="1791" HPOS="600" CONTENT="quo"/>
                  <SP HEIGHT="35" WIDTH="12" VPOS="1791" HPOS="683"/>
                  <String HEIGHT="35"
                          WIDTH="130"
                          VPOS="1791"
                          HPOS="647"
                          CONTENT="volitio"/>
                  <SP HEIGHT="35" WIDTH="12" VPOS="1791" HPOS="777"/>
                  <String HEIGHT="35"
                          WIDTH="83"
                          VPOS="1791"
                          HPOS="730"
                          CONTENT="vlte"
                          SUBS_TYPE="HypPart1"
                          SUBS_CONTENT="vlterius"/>
                  <HYP CONTENT="-"/>
               </TextLine>
               <TextLine ID="r2l115"
                         BASELINE="1854"
                         HEIGHT="31"
                         WIDTH="597"
                         VPOS="1823"
                         HPOS="211">
                  <String HEIGHT="31"
                          WIDTH="96"
                          VPOS="1823"
                          HPOS="199"
                          CONTENT="rius"
                          SUBS_TYPE="HypPart2"
                          SUBS_CONTENT="vlterius"/>
                  <SP HEIGHT="31" WIDTH="12" VPOS="1823" HPOS="295"/>
                  <String HEIGHT="31"
                          WIDTH="107"
                          VPOS="1823"
                          HPOS="259"
                          CONTENT="durat"/>
                  <SP HEIGHT="31" WIDTH="12" VPOS="1823" HPOS="366"/>
                  <String HEIGHT="31"
                          WIDTH="143"
                          VPOS="1823"
                          HPOS="330"
                          CONTENT="sequitur"/>
                  <SP HEIGHT="31" WIDTH="12" VPOS="1823" HPOS="474"/>
                  <String HEIGHT="31"
                          WIDTH="179"
                          VPOS="1823"
                          HPOS="438"
                          CONTENT="propositum."/>
                  <SP HEIGHT="31" WIDTH="12" VPOS="1823" HPOS="617"/>
                  <String HEIGHT="31" WIDTH="60" VPOS="1823" HPOS="581" CONTENT="⁋"/>
                  <SP HEIGHT="31" WIDTH="12" VPOS="1823" HPOS="641"/>
                  <String HEIGHT="31"
                          WIDTH="119"
                          VPOS="1823"
                          HPOS="605"
                          CONTENT="Contra"/>
                  <SP HEIGHT="31" WIDTH="12" VPOS="1823" HPOS="724"/>
                  <String HEIGHT="31" WIDTH="84" VPOS="1823" HPOS="689" CONTENT="non"/>
                  <SP HEIGHT="31" WIDTH="12" VPOS="1823" HPOS="772"/>
                  <String HEIGHT="31" WIDTH="72" VPOS="1823" HPOS="736" CONTENT="in"/>
                  <SP HEIGHT="31" WIDTH="12" VPOS="1823" HPOS="808"/>
                  <String HEIGHT="31" WIDTH="48" VPOS="1823" HPOS="760" CONTENT="in"/>
               </TextLine>
               <TextLine ID="r2l117"
                         BASELINE="1886"
                         HEIGHT="34"
                         WIDTH="594"
                         VPOS="1852"
                         HPOS="210">
                  <String HEIGHT="34"
                          WIDTH="112"
                          VPOS="1852"
                          HPOS="199"
                          CONTENT="stanti"/>
                  <SP HEIGHT="34" WIDTH="11" VPOS="1852" HPOS="311"/>
                  <String HEIGHT="34" WIDTH="67" VPOS="1852" HPOS="277" CONTENT="in"/>
                  <SP HEIGHT="34" WIDTH="11" VPOS="1852" HPOS="344"/>
                  <String HEIGHT="34" WIDTH="78" VPOS="1852" HPOS="311" CONTENT="quo"/>
                  <SP HEIGHT="34" WIDTH="11" VPOS="1852" HPOS="389"/>
                  <String HEIGHT="34" WIDTH="78" VPOS="1852" HPOS="356" CONTENT="est"/>
                  <SP HEIGHT="34" WIDTH="11" VPOS="1852" HPOS="434"/>
                  <String HEIGHT="34"
                          WIDTH="101"
                          VPOS="1852"
                          HPOS="401"
                          CONTENT="actus"/>
                  <SP HEIGHT="34" WIDTH="11" VPOS="1852" HPOS="501"/>
                  <String HEIGHT="34"
                          WIDTH="112"
                          VPOS="1852"
                          HPOS="468"
                          CONTENT="potest"/>
                  <SP HEIGHT="34" WIDTH="11" VPOS="1852" HPOS="580"/>
                  <String HEIGHT="34"
                          WIDTH="179"
                          VPOS="1852"
                          HPOS="546"
                          CONTENT="instantaneus"/>
                  <SP HEIGHT="34" WIDTH="11" VPOS="1852" HPOS="726"/>
                  <String HEIGHT="34"
                          WIDTH="123"
                          VPOS="1852"
                          HPOS="681"
                          CONTENT="productus"/>
               </TextLine>
               <TextLine ID="r2l119"
                         BASELINE="1912"
                         HEIGHT="32"
                         WIDTH="599"
                         VPOS="1880"
                         HPOS="214">
                  <String HEIGHT="32"
                          WIDTH="106"
                          VPOS="1880"
                          HPOS="202"
                          CONTENT="simul"/>
                  <SP HEIGHT="32" WIDTH="12" VPOS="1880" HPOS="308"/>
                  <String HEIGHT="32"
                          WIDTH="106"
                          VPOS="1880"
                          HPOS="273"
                          CONTENT="totus"/>
                  <SP HEIGHT="32" WIDTH="12" VPOS="1880" HPOS="378"/>
                  <String HEIGHT="32"
                          WIDTH="129"
                          VPOS="1880"
                          HPOS="343"
                          CONTENT="cessare"/>
                  <SP HEIGHT="32" WIDTH="12" VPOS="1880" HPOS="472"/>
                  <String HEIGHT="32"
                          WIDTH="94"
                          VPOS="1880"
                          HPOS="437"
                          CONTENT="quia"/>
                  <SP HEIGHT="32" WIDTH="12" VPOS="1880" HPOS="531"/>
                  <String HEIGHT="32"
                          WIDTH="94"
                          VPOS="1880"
                          HPOS="496"
                          CONTENT="tunc"/>
                  <SP HEIGHT="32" WIDTH="12" VPOS="1880" HPOS="590"/>
                  <String HEIGHT="32"
                          WIDTH="106"
                          VPOS="1880"
                          HPOS="555"
                          CONTENT="simul"/>
                  <SP HEIGHT="32" WIDTH="12" VPOS="1880" HPOS="660"/>
                  <String HEIGHT="32"
                          WIDTH="106"
                          VPOS="1880"
                          HPOS="625"
                          CONTENT="esset"/>
                  <SP HEIGHT="32" WIDTH="12" VPOS="1880" HPOS="731"/>
                  <String HEIGHT="32" WIDTH="70" VPOS="1880" HPOS="696" CONTENT="et"/>
                  <SP HEIGHT="32" WIDTH="12" VPOS="1880" HPOS="766"/>
                  <String HEIGHT="32" WIDTH="82" VPOS="1880" HPOS="731" CONTENT="non"/>
                  <SP HEIGHT="32" WIDTH="12" VPOS="1880" HPOS="813"/>
                  <String HEIGHT="32" WIDTH="47" VPOS="1880" HPOS="766" CONTENT="es"/>
               </TextLine>
               <TextLine ID="r2l122"
                         BASELINE="1938"
                         HEIGHT="31"
                         WIDTH="598"
                         VPOS="1907"
                         HPOS="217">
                  <String HEIGHT="31" WIDTH="84" VPOS="1907" HPOS="205" CONTENT="set"/>
                  <SP HEIGHT="31" WIDTH="12" VPOS="1907" HPOS="289"/>
                  <String HEIGHT="31" WIDTH="84" VPOS="1907" HPOS="253" CONTENT="nec"/>
                  <SP HEIGHT="31" WIDTH="12" VPOS="1907" HPOS="337"/>
                  <String HEIGHT="31"
                          WIDTH="96"
                          VPOS="1907"
                          HPOS="301"
                          CONTENT="fine"/>
                  <SP HEIGHT="31" WIDTH="12" VPOS="1907" HPOS="396"/>
                  <String HEIGHT="31"
                          WIDTH="108"
                          VPOS="1907"
                          HPOS="361"
                          CONTENT="medio"/>
                  <SP HEIGHT="31" WIDTH="12" VPOS="1907" HPOS="468"/>
                  <String HEIGHT="31"
                          WIDTH="96"
                          VPOS="1907"
                          HPOS="432"
                          CONTENT="quia"/>
                  <SP HEIGHT="31" WIDTH="12" VPOS="1907" HPOS="528"/>
                  <String HEIGHT="31"
                          WIDTH="96"
                          VPOS="1907"
                          HPOS="492"
                          CONTENT="tunc"/>
                  <SP HEIGHT="31" WIDTH="12" VPOS="1907" HPOS="588"/>
                  <String HEIGHT="31"
                          WIDTH="191"
                          VPOS="1907"
                          HPOS="552"
                          CONTENT="indiuisibile"/>
                  <SP HEIGHT="31" WIDTH="12" VPOS="1907" HPOS="743"/>
                  <String HEIGHT="31"
                          WIDTH="120"
                          VPOS="1907"
                          HPOS="695"
                          CONTENT="immedia"
                          SUBS_TYPE="HypPart1"
                          SUBS_CONTENT="immediate"/>
                  <HYP CONTENT="-"/>
               </TextLine>
               <TextLine ID="r2l124"
                         BASELINE="1970"
                         HEIGHT="34"
                         WIDTH="590"
                         VPOS="1936"
                         HPOS="218">
                  <String HEIGHT="34"
                          WIDTH="69"
                          VPOS="1936"
                          HPOS="206"
                          CONTENT="te"
                          SUBS_TYPE="HypPart2"
                          SUBS_CONTENT="immediate"/>
                  <SP HEIGHT="34" WIDTH="12" VPOS="1936" HPOS="276"/>
                  <String HEIGHT="34"
                          WIDTH="162"
                          VPOS="1936"
                          HPOS="241"
                          CONTENT="succederet"/>
                  <SP HEIGHT="34" WIDTH="12" VPOS="1936" HPOS="403"/>
                  <String HEIGHT="34"
                          WIDTH="197"
                          VPOS="1936"
                          HPOS="368"
                          CONTENT="indiuisibili."/>
                  <SP HEIGHT="34" WIDTH="12" VPOS="1936" HPOS="565"/>
                  <String HEIGHT="34" WIDTH="58" VPOS="1936" HPOS="530" CONTENT="⁋"/>
                  <SP HEIGHT="34" WIDTH="12" VPOS="1936" HPOS="588"/>
                  <String HEIGHT="34"
                          WIDTH="104"
                          VPOS="1936"
                          HPOS="553"
                          CONTENT="Prima"/>
                  <SP HEIGHT="34" WIDTH="12" VPOS="1936" HPOS="658"/>
                  <String HEIGHT="34"
                          WIDTH="150"
                          VPOS="1936"
                          HPOS="623"
                          CONTENT="conclusio"/>
                  <SP HEIGHT="34" WIDTH="12" VPOS="1936" HPOS="773"/>
                  <String HEIGHT="34" WIDTH="69" VPOS="1936" HPOS="739" CONTENT="si"/>
                  <SP HEIGHT="34" WIDTH="12" VPOS="1936" HPOS="808"/>
                  <String HEIGHT="34" WIDTH="46" VPOS="1936" HPOS="762" CONTENT="vo"/>
               </TextLine>
               <TextLine ID="r2l127"
                         BASELINE="2000"
                         HEIGHT="36"
                         WIDTH="591"
                         VPOS="1964"
                         HPOS="216">
                  <String HEIGHT="36"
                          WIDTH="123"
                          VPOS="1964"
                          HPOS="204"
                          CONTENT="luntas"/>
                  <SP HEIGHT="36" WIDTH="12" VPOS="1964" HPOS="327"/>
                  <String HEIGHT="36" WIDTH="74" VPOS="1964" HPOS="290" CONTENT="in"/>
                  <SP HEIGHT="36" WIDTH="12" VPOS="1964" HPOS="364"/>
                  <String HEIGHT="36" WIDTH="86" VPOS="1964" HPOS="327" CONTENT="hoc"/>
                  <SP HEIGHT="36" WIDTH="12" VPOS="1964" HPOS="413"/>
                  <String HEIGHT="36"
                          WIDTH="148"
                          VPOS="1964"
                          HPOS="376"
                          CONTENT="instanti"/>
                  <SP HEIGHT="36" WIDTH="12" VPOS="1964" HPOS="524"/>
                  <String HEIGHT="36"
                          WIDTH="111"
                          VPOS="1964"
                          HPOS="487"
                          CONTENT="habet"/>
                  <SP HEIGHT="36" WIDTH="12" VPOS="1964" HPOS="598"/>
                  <String HEIGHT="36"
                          WIDTH="111"
                          VPOS="1964"
                          HPOS="561"
                          CONTENT="actum"/>
                  <SP HEIGHT="36" WIDTH="12" VPOS="1964" HPOS="672"/>
                  <String HEIGHT="36"
                          WIDTH="99"
                          VPOS="1964"
                          HPOS="635"
                          CONTENT="post"/>
                  <SP HEIGHT="36" WIDTH="12" VPOS="1964" HPOS="733"/>
                  <String HEIGHT="36" WIDTH="86" VPOS="1964" HPOS="696" CONTENT="hoc"/>
                  <SP HEIGHT="36" WIDTH="12" VPOS="1964" HPOS="782"/>
                  <String HEIGHT="36"
                          WIDTH="74"
                          VPOS="1964"
                          HPOS="733"
                          CONTENT="habe"/>
               </TextLine>
               <TextLine ID="r2l129"
                         BASELINE="2024"
                         HEIGHT="30"
                         WIDTH="596"
                         VPOS="1994"
                         HPOS="215">
                  <String HEIGHT="30" WIDTH="83" VPOS="1994" HPOS="203" CONTENT="bit"/>
                  <SP HEIGHT="30" WIDTH="12" VPOS="1994" HPOS="287"/>
                  <String HEIGHT="30"
                          WIDTH="107"
                          VPOS="1994"
                          HPOS="251"
                          CONTENT="illum"/>
                  <SP HEIGHT="30" WIDTH="12" VPOS="1994" HPOS="358"/>
                  <String HEIGHT="30" WIDTH="83" VPOS="1994" HPOS="322" CONTENT="vel"/>
                  <SP HEIGHT="30" WIDTH="12" VPOS="1994" HPOS="406"/>
                  <String HEIGHT="30"
                          WIDTH="119"
                          VPOS="1994"
                          HPOS="370"
                          CONTENT="partem"/>
                  <SP HEIGHT="30" WIDTH="12" VPOS="1994" HPOS="489"/>
                  <String HEIGHT="30"
                          WIDTH="95"
                          VPOS="1994"
                          HPOS="453"
                          CONTENT="eius"/>
                  <SP HEIGHT="30" WIDTH="12" VPOS="1994" HPOS="549"/>
                  <String HEIGHT="30"
                          WIDTH="143"
                          VPOS="1994"
                          HPOS="513"
                          CONTENT="probatur"/>
                  <SP HEIGHT="30" WIDTH="12" VPOS="1994" HPOS="656"/>
                  <String HEIGHT="30"
                          WIDTH="95"
                          VPOS="1994"
                          HPOS="620"
                          CONTENT="quia"/>
                  <SP HEIGHT="30" WIDTH="12" VPOS="1994" HPOS="716"/>
                  <String HEIGHT="30"
                          WIDTH="119"
                          VPOS="1994"
                          HPOS="680"
                          CONTENT="aliter"/>
                  <SP HEIGHT="30" WIDTH="12" VPOS="1994" HPOS="799"/>
                  <String HEIGHT="30" WIDTH="72" VPOS="1994" HPOS="763" CONTENT="in"/>
                  <SP HEIGHT="30" WIDTH="12" VPOS="1994" HPOS="835"/>
                  <String HEIGHT="30" WIDTH="24" VPOS="1994" HPOS="787" CONTENT=""/>
               </TextLine>
               <TextLine ID="r2l131"
                         BASELINE="2062"
                         HEIGHT="40"
                         WIDTH="594"
                         VPOS="2022"
                         HPOS="213">
                  <String HEIGHT="40"
                          WIDTH="166"
                          VPOS="2022"
                          HPOS="201"
                          CONTENT="diuisibile"/>
                  <SP HEIGHT="40" WIDTH="12" VPOS="2022" HPOS="367"/>
                  <String HEIGHT="40"
                          WIDTH="107"
                          VPOS="2022"
                          HPOS="332"
                          CONTENT="esset"/>
                  <SP HEIGHT="40" WIDTH="12" VPOS="2022" HPOS="439"/>
                  <String HEIGHT="40"
                          WIDTH="166"
                          VPOS="2022"
                          HPOS="403"
                          CONTENT="immediatum"/>
                  <SP HEIGHT="40" WIDTH="12" VPOS="2022" HPOS="569"/>
                  <String HEIGHT="40"
                          WIDTH="190"
                          VPOS="2022"
                          HPOS="534"
                          CONTENT="indiuisibili"/>
                  <SP HEIGHT="40" WIDTH="12" VPOS="2022" HPOS="724"/>
                  <String HEIGHT="40"
                          WIDTH="95"
                          VPOS="2022"
                          HPOS="688"
                          CONTENT="vnde"/>
                  <SP HEIGHT="40" WIDTH="12" VPOS="2022" HPOS="783"/>
                  <String HEIGHT="40"
                          WIDTH="71"
                          VPOS="2022"
                          HPOS="736"
                          CONTENT="pate"/>
               </TextLine>
               <TextLine ID="r2l133"
                         BASELINE="2084"
                         HEIGHT="35"
                         WIDTH="597"
                         VPOS="2049"
                         HPOS="214">
                  <String HEIGHT="35"
                          WIDTH="92"
                          VPOS="2049"
                          HPOS="203"
                          CONTENT="quod"/>
                  <SP HEIGHT="35" WIDTH="11" VPOS="2049" HPOS="294"/>
                  <String HEIGHT="35"
                          WIDTH="138"
                          VPOS="2049"
                          HPOS="260"
                          CONTENT="voluntas"/>
                  <SP HEIGHT="35" WIDTH="11" VPOS="2049" HPOS="398"/>
                  <String HEIGHT="35" WIDTH="80" VPOS="2049" HPOS="363" CONTENT="non"/>
                  <SP HEIGHT="35" WIDTH="11" VPOS="2049" HPOS="444"/>
                  <String HEIGHT="35"
                          WIDTH="115"
                          VPOS="2049"
                          HPOS="409"
                          CONTENT="potest"/>
                  <SP HEIGHT="35" WIDTH="11" VPOS="2049" HPOS="524"/>
                  <String HEIGHT="35"
                          WIDTH="115"
                          VPOS="2049"
                          HPOS="490"
                          CONTENT="subito"/>
                  <SP HEIGHT="35" WIDTH="11" VPOS="2049" HPOS="604"/>
                  <String HEIGHT="35"
                          WIDTH="161"
                          VPOS="2049"
                          HPOS="570"
                          CONTENT="suspendere"/>
                  <SP HEIGHT="35" WIDTH="11" VPOS="2049" HPOS="731"/>
                  <String HEIGHT="35"
                          WIDTH="103"
                          VPOS="2049"
                          HPOS="696"
                          CONTENT="actum"/>
                  <SP HEIGHT="35" WIDTH="11" VPOS="2049" HPOS="800"/>
                  <String HEIGHT="35"
                          WIDTH="57"
                          VPOS="2049"
                          HPOS="754"
                          CONTENT="su"
                          SUBS_TYPE="HypPart1"
                          SUBS_CONTENT="suum"/>
                  <HYP CONTENT="-"/>
               </TextLine>
               <TextLine ID="r2l135"
                         BASELINE="2120"
                         HEIGHT="43"
                         WIDTH="617"
                         VPOS="2077"
                         HPOS="198">
                  <String HEIGHT="43"
                          WIDTH="70"
                          VPOS="2077"
                          HPOS="186"
                          CONTENT="um"
                          SUBS_TYPE="HypPart2"
                          SUBS_CONTENT="suum"/>
                  <SP HEIGHT="43" WIDTH="12" VPOS="2077" HPOS="256"/>
                  <String HEIGHT="43" WIDTH="81" VPOS="2077" HPOS="221" CONTENT="sic"/>
                  <SP HEIGHT="43" WIDTH="12" VPOS="2077" HPOS="303"/>
                  <String HEIGHT="43"
                          WIDTH="93"
                          VPOS="2077"
                          HPOS="268"
                          CONTENT="quod"/>
                  <SP HEIGHT="43" WIDTH="12" VPOS="2077" HPOS="361"/>
                  <String HEIGHT="43" WIDTH="81" VPOS="2077" HPOS="326" CONTENT="nec"/>
                  <SP HEIGHT="43" WIDTH="12" VPOS="2077" HPOS="408"/>
                  <String HEIGHT="43"
                          WIDTH="116"
                          VPOS="2077"
                          HPOS="373"
                          CONTENT="habeat"/>
                  <SP HEIGHT="43" WIDTH="12" VPOS="2077" HPOS="489"/>
                  <String HEIGHT="43"
                          WIDTH="105"
                          VPOS="2077"
                          HPOS="454"
                          CONTENT="ipsum"/>
                  <SP HEIGHT="43" WIDTH="12" VPOS="2077" HPOS="559"/>
                  <String HEIGHT="43" WIDTH="81" VPOS="2077" HPOS="524" CONTENT="nec"/>
                  <SP HEIGHT="43" WIDTH="12" VPOS="2077" HPOS="605"/>
                  <String HEIGHT="43"
                          WIDTH="128"
                          VPOS="2077"
                          HPOS="571"
                          CONTENT="aliquid"/>
                  <SP HEIGHT="43" WIDTH="12" VPOS="2077" HPOS="699"/>
                  <String HEIGHT="43"
                          WIDTH="105"
                          VPOS="2077"
                          HPOS="664"
                          CONTENT="eius."/>
                  <SP HEIGHT="43" WIDTH="12" VPOS="2077" HPOS="768"/>
                  <String HEIGHT="43" WIDTH="58" VPOS="2077" HPOS="734" CONTENT="⁋"/>
                  <SP HEIGHT="43" WIDTH="12" VPOS="2077" HPOS="792"/>
                  <String HEIGHT="43"
                          WIDTH="70"
                          VPOS="2077"
                          HPOS="745"
                          CONTENT="Alio"/>
               </TextLine>
            </TextBlock>
            <TextBlock ID="TextRegion_1611772786639_288"
                       HEIGHT="1930"
                       WIDTH="618"
                       VPOS="217"
                       HPOS="834">
               <Shape>
                  <Polygon POINTS="834,217 1452,217 1452,2147 834,2147"/>
               </Shape>
               <TextLine ID="r2l4"
                         BASELINE="275"
                         HEIGHT="55"
                         WIDTH="596"
                         VPOS="220"
                         HPOS="845">
                  <String HEIGHT="55" WIDTH="95" VPOS="220" HPOS="833" CONTENT="modo"/>
                  <SP HEIGHT="55" WIDTH="12" VPOS="220" HPOS="928"/>
                  <String HEIGHT="55"
                          WIDTH="119"
                          VPOS="220"
                          HPOS="893"
                          CONTENT="potest"/>
                  <SP HEIGHT="55" WIDTH="12" VPOS="220" HPOS="1012"/>
                  <String HEIGHT="55"
                          WIDTH="155"
                          VPOS="220"
                          HPOS="976"
                          CONTENT="intelligi"/>
                  <SP HEIGHT="55" WIDTH="12" VPOS="220" HPOS="1131"/>
                  <String HEIGHT="55"
                          WIDTH="95"
                          VPOS="220"
                          HPOS="1095"
                          CONTENT="quod"/>
                  <SP HEIGHT="55" WIDTH="12" VPOS="220" HPOS="1191"/>
                  <String HEIGHT="55"
                          WIDTH="119"
                          VPOS="220"
                          HPOS="1155"
                          CONTENT="subito"/>
                  <SP HEIGHT="55" WIDTH="12" VPOS="220" HPOS="1274"/>
                  <String HEIGHT="55"
                          WIDTH="167"
                          VPOS="220"
                          HPOS="1238"
                          CONTENT="suspendeat"/>
                  <SP HEIGHT="55" WIDTH="12" VPOS="220" HPOS="1405"/>
                  <String HEIGHT="55"
                          WIDTH="83"
                          VPOS="220"
                          HPOS="1358"
                          CONTENT="actum"/>
               </TextLine>
               <TextLine ID="r2l6"
                         BASELINE="298"
                         HEIGHT="31"
                         WIDTH="591"
                         VPOS="267"
                         HPOS="849">
                  <String HEIGHT="31" WIDTH="83" VPOS="267" HPOS="839" CONTENT="suum"/>
                  <SP HEIGHT="31" WIDTH="10" VPOS="267" HPOS="922"/>
                  <String HEIGHT="31" WIDTH="73" VPOS="267" HPOS="890" CONTENT="vel"/>
                  <SP HEIGHT="31" WIDTH="10" VPOS="267" HPOS="963"/>
                  <String HEIGHT="31"
                          WIDTH="104"
                          VPOS="267"
                          HPOS="932"
                          CONTENT="cesset"/>
                  <SP HEIGHT="31" WIDTH="10" VPOS="267" HPOS="1036"/>
                  <String HEIGHT="31" WIDTH="62" VPOS="267" HPOS="1005" CONTENT="ab"/>
                  <SP HEIGHT="31" WIDTH="10" VPOS="267" HPOS="1067"/>
                  <String HEIGHT="31" WIDTH="62" VPOS="267" HPOS="1036" CONTENT="eo"/>
                  <SP HEIGHT="31" WIDTH="10" VPOS="267" HPOS="1098"/>
                  <String HEIGHT="31" WIDTH="73" VPOS="267" HPOS="1067" CONTENT="ita"/>
                  <SP HEIGHT="31" WIDTH="10" VPOS="267" HPOS="1139"/>
                  <String HEIGHT="31"
                          WIDTH="135"
                          VPOS="267"
                          HPOS="1108"
                          CONTENT="videlicet"/>
                  <SP HEIGHT="31" WIDTH="10" VPOS="267" HPOS="1243"/>
                  <String HEIGHT="31"
                          WIDTH="83"
                          VPOS="267"
                          HPOS="1212"
                          CONTENT="quod"/>
                  <SP HEIGHT="31" WIDTH="10" VPOS="267" HPOS="1295"/>
                  <String HEIGHT="31" WIDTH="62" VPOS="267" HPOS="1264" CONTENT="ab"/>
                  <SP HEIGHT="31" WIDTH="10" VPOS="267" HPOS="1326"/>
                  <String HEIGHT="31"
                          WIDTH="83"
                          VPOS="267"
                          HPOS="1295"
                          CONTENT="actu"/>
                  <SP HEIGHT="31" WIDTH="10" VPOS="267" HPOS="1378"/>
                  <String HEIGHT="31" WIDTH="73" VPOS="267" HPOS="1347" CONTENT="per"/>
                  <SP HEIGHT="31" WIDTH="10" VPOS="267" HPOS="1419"/>
                  <String HEIGHT="31"
                          WIDTH="62"
                          VPOS="267"
                          HPOS="1378"
                          CONTENT="ten"
                          SUBS_TYPE="HypPart1"
                          SUBS_CONTENT="tenpus"/>
                  <HYP CONTENT="-"/>
               </TextLine>
               <TextLine ID="r2l8"
                         BASELINE="331"
                         HEIGHT="35"
                         WIDTH="599"
                         VPOS="296"
                         HPOS="846">
                  <String HEIGHT="35"
                          WIDTH="76"
                          VPOS="296"
                          HPOS="835"
                          CONTENT="pus"
                          SUBS_TYPE="HypPart2"
                          SUBS_CONTENT="tenpus"/>
                  <SP HEIGHT="35" WIDTH="11" VPOS="296" HPOS="911"/>
                  <String HEIGHT="35"
                          WIDTH="142"
                          VPOS="296"
                          HPOS="879"
                          CONTENT="prehabito"/>
                  <SP HEIGHT="35" WIDTH="11" VPOS="296" HPOS="1020"/>
                  <String HEIGHT="35" WIDTH="76" VPOS="296" HPOS="988" CONTENT="vel"/>
                  <SP HEIGHT="35" WIDTH="11" VPOS="296" HPOS="1064"/>
                  <String HEIGHT="35"
                          WIDTH="142"
                          VPOS="296"
                          HPOS="1031"
                          CONTENT="acquisito"/>
                  <SP HEIGHT="35" WIDTH="11" VPOS="296" HPOS="1173"/>
                  <String HEIGHT="35" WIDTH="76" VPOS="296" HPOS="1140" CONTENT="sic"/>
                  <SP HEIGHT="35" WIDTH="11" VPOS="296" HPOS="1216"/>
                  <String HEIGHT="35"
                          WIDTH="109"
                          VPOS="296"
                          HPOS="1184"
                          CONTENT="cesset"/>
                  <SP HEIGHT="35" WIDTH="11" VPOS="296" HPOS="1293"/>
                  <String HEIGHT="35"
                          WIDTH="87"
                          VPOS="296"
                          HPOS="1260"
                          CONTENT="quod"/>
                  <SP HEIGHT="35" WIDTH="11" VPOS="296" HPOS="1347"/>
                  <String HEIGHT="35" WIDTH="65" VPOS="296" HPOS="1314" CONTENT="in"/>
                  <SP HEIGHT="35" WIDTH="11" VPOS="296" HPOS="1380"/>
                  <String HEIGHT="35"
                          WIDTH="87"
                          VPOS="296"
                          HPOS="1347"
                          CONTENT="fine"/>
                  <SP HEIGHT="35" WIDTH="11" VPOS="296" HPOS="1434"/>
                  <String HEIGHT="35" WIDTH="54" VPOS="296" HPOS="1391" CONTENT="tem"/>
               </TextLine>
               <TextLine ID="r2l10"
                         BASELINE="359"
                         HEIGHT="31"
                         WIDTH="585"
                         VPOS="328"
                         HPOS="844">
                  <String HEIGHT="31"
                          WIDTH="99"
                          VPOS="328"
                          HPOS="833"
                          CONTENT="poris"/>
                  <SP HEIGHT="31" WIDTH="11" VPOS="328" HPOS="932"/>
                  <String HEIGHT="31" WIDTH="77" VPOS="328" HPOS="899" CONTENT="non"/>
                  <SP HEIGHT="31" WIDTH="11" VPOS="328" HPOS="976"/>
                  <String HEIGHT="31" WIDTH="77" VPOS="328" HPOS="943" CONTENT="sit"/>
                  <SP HEIGHT="31" WIDTH="11" VPOS="328" HPOS="1021"/>
                  <String HEIGHT="31" WIDTH="88" VPOS="328" HPOS="987" CONTENT="ille"/>
                  <SP HEIGHT="31" WIDTH="11" VPOS="328" HPOS="1076"/>
                  <String HEIGHT="31"
                          WIDTH="99"
                          VPOS="328"
                          HPOS="1043"
                          CONTENT="actus"/>
                  <SP HEIGHT="31" WIDTH="11" VPOS="328" HPOS="1142"/>
                  <String HEIGHT="31" WIDTH="77" VPOS="328" HPOS="1109" CONTENT="nec"/>
                  <SP HEIGHT="31" WIDTH="11" VPOS="328" HPOS="1186"/>
                  <String HEIGHT="31"
                          WIDTH="99"
                          VPOS="328"
                          HPOS="1153"
                          CONTENT="aliud"/>
                  <SP HEIGHT="31" WIDTH="11" VPOS="328" HPOS="1252"/>
                  <String HEIGHT="31"
                          WIDTH="99"
                          VPOS="328"
                          HPOS="1219"
                          CONTENT="eius."/>
                  <SP HEIGHT="31" WIDTH="11" VPOS="328" HPOS="1319"/>
                  <String HEIGHT="31" WIDTH="55" VPOS="328" HPOS="1286" CONTENT="⁋"/>
                  <SP HEIGHT="31" WIDTH="11" VPOS="328" HPOS="1341"/>
                  <String HEIGHT="31" WIDTH="66" VPOS="328" HPOS="1308" CONTENT="Et"/>
                  <SP HEIGHT="31" WIDTH="11" VPOS="328" HPOS="1374"/>
                  <String HEIGHT="31"
                          WIDTH="88"
                          VPOS="328"
                          HPOS="1341"
                          CONTENT="isto"/>
                  <SP HEIGHT="31" WIDTH="11" VPOS="328" HPOS="1429"/>
                  <String HEIGHT="31" WIDTH="44" VPOS="328" HPOS="1385" CONTENT="ma"/>
               </TextLine>
               <TextLine ID="r2l13"
                         BASELINE="385"
                         HEIGHT="31"
                         WIDTH="596"
                         VPOS="354"
                         HPOS="844">
                  <String HEIGHT="31" WIDTH="90" VPOS="354" HPOS="833" CONTENT="pono"/>
                  <SP HEIGHT="31" WIDTH="11" VPOS="354" HPOS="923"/>
                  <String HEIGHT="31"
                          WIDTH="180"
                          VPOS="354"
                          HPOS="889"
                          CONTENT="conclusionem"/>
                  <SP HEIGHT="31" WIDTH="11" VPOS="354" HPOS="1069"/>
                  <String HEIGHT="31"
                          WIDTH="135"
                          VPOS="354"
                          HPOS="1035"
                          CONTENT="secundam"/>
                  <SP HEIGHT="31" WIDTH="11" VPOS="354" HPOS="1170"/>
                  <String HEIGHT="31"
                          WIDTH="90"
                          VPOS="354"
                          HPOS="1136"
                          CONTENT="quod"/>
                  <SP HEIGHT="31" WIDTH="11" VPOS="354" HPOS="1226"/>
                  <String HEIGHT="31" WIDTH="79" VPOS="354" HPOS="1193" CONTENT="sic"/>
                  <SP HEIGHT="31" WIDTH="11" VPOS="354" HPOS="1271"/>
                  <String HEIGHT="31"
                          WIDTH="90"
                          VPOS="354"
                          HPOS="1238"
                          CONTENT="quia"/>
                  <SP HEIGHT="31" WIDTH="11" VPOS="354" HPOS="1328"/>
                  <String HEIGHT="31"
                          WIDTH="112"
                          VPOS="354"
                          HPOS="1294"
                          CONTENT="subito"/>
                  <SP HEIGHT="31" WIDTH="11" VPOS="354" HPOS="1406"/>
                  <String HEIGHT="31" WIDTH="67" VPOS="354" HPOS="1373" CONTENT="et"/>
                  <SP HEIGHT="31" WIDTH="11" VPOS="354" HPOS="1440"/>
                  <String HEIGHT="31" WIDTH="45" VPOS="354" HPOS="1395" CONTENT="si"/>
               </TextLine>
               <TextLine ID="line_1611772767099_274"
                         BASELINE="411"
                         HEIGHT="31"
                         WIDTH="611"
                         VPOS="380"
                         HPOS="846">
                  <String HEIGHT="31" WIDTH="75" VPOS="380" HPOS="835" CONTENT="mul"/>
                  <SP HEIGHT="31" WIDTH="11" VPOS="380" HPOS="910"/>
                  <String HEIGHT="31" WIDTH="64" VPOS="380" HPOS="878" CONTENT="ex"/>
                  <SP HEIGHT="31" WIDTH="11" VPOS="380" HPOS="942"/>
                  <String HEIGHT="31"
                          WIDTH="129"
                          VPOS="380"
                          HPOS="910"
                          CONTENT="discursu"/>
                  <SP HEIGHT="31" WIDTH="11" VPOS="380" HPOS="1039"/>
                  <String HEIGHT="31"
                          WIDTH="139"
                          VPOS="380"
                          HPOS="1007"
                          CONTENT="prehabito"/>
                  <SP HEIGHT="31" WIDTH="11" VPOS="380" HPOS="1146"/>
                  <String HEIGHT="31" WIDTH="64" VPOS="380" HPOS="1114" CONTENT="et"/>
                  <SP HEIGHT="31" WIDTH="11" VPOS="380" HPOS="1178"/>
                  <String HEIGHT="31"
                          WIDTH="150"
                          VPOS="380"
                          HPOS="1146"
                          CONTENT="deliberato"/>
                  <SP HEIGHT="31" WIDTH="11" VPOS="380" HPOS="1296"/>
                  <String HEIGHT="31"
                          WIDTH="129"
                          VPOS="380"
                          HPOS="1264"
                          CONTENT="consilio"/>
                  <SP HEIGHT="31" WIDTH="11" VPOS="380" HPOS="1393"/>
                  <String HEIGHT="31"
                          WIDTH="107"
                          VPOS="380"
                          HPOS="1361"
                          CONTENT="potest"/>
                  <SP HEIGHT="31" WIDTH="11" VPOS="380" HPOS="1468"/>
                  <String HEIGHT="31" WIDTH="32" VPOS="380" HPOS="1425" CONTENT="e"/>
               </TextLine>
               <TextLine ID="r2l17"
                         BASELINE="447"
                         HEIGHT="38"
                         WIDTH="596"
                         VPOS="409"
                         HPOS="843">
                  <String HEIGHT="38"
                          WIDTH="119"
                          VPOS="409"
                          HPOS="831"
                          CONTENT="smamre"/>
                  <SP HEIGHT="38" WIDTH="12" VPOS="409" HPOS="950"/>
                  <String HEIGHT="38" WIDTH="72" VPOS="409" HPOS="915" CONTENT="et"/>
                  <SP HEIGHT="38" WIDTH="12" VPOS="409" HPOS="986"/>
                  <String HEIGHT="38"
                          WIDTH="143"
                          VPOS="409"
                          HPOS="950"
                          CONTENT="iudicare"/>
                  <SP HEIGHT="38" WIDTH="12" VPOS="409" HPOS="1093"/>
                  <String HEIGHT="38"
                          WIDTH="107"
                          VPOS="409"
                          HPOS="1058"
                          CONTENT="illud"/>
                  <SP HEIGHT="38" WIDTH="12" VPOS="409" HPOS="1165"/>
                  <String HEIGHT="38"
                          WIDTH="95"
                          VPOS="409"
                          HPOS="1129"
                          CONTENT="esse"/>
                  <SP HEIGHT="38" WIDTH="12" VPOS="409" HPOS="1224"/>
                  <String HEIGHT="38"
                          WIDTH="107"
                          VPOS="409"
                          HPOS="1189"
                          CONTENT="malum"/>
                  <SP HEIGHT="38" WIDTH="12" VPOS="409" HPOS="1296"/>
                  <String HEIGHT="38"
                          WIDTH="95"
                          VPOS="409"
                          HPOS="1260"
                          CONTENT="quod"/>
                  <SP HEIGHT="38" WIDTH="12" VPOS="409" HPOS="1356"/>
                  <String HEIGHT="38"
                          WIDTH="107"
                          VPOS="409"
                          HPOS="1320"
                          CONTENT="prius"/>
                  <SP HEIGHT="38" WIDTH="12" VPOS="409" HPOS="1427"/>
                  <String HEIGHT="38" WIDTH="60" VPOS="409" HPOS="1379" CONTENT="cre"/>
               </TextLine>
               <TextLine ID="r2l19"
                         BASELINE="471"
                         HEIGHT="34"
                         WIDTH="590"
                         VPOS="437"
                         HPOS="848">
                  <String HEIGHT="34"
                          WIDTH="127"
                          VPOS="437"
                          HPOS="836"
                          CONTENT="debatur"/>
                  <SP HEIGHT="34" WIDTH="12" VPOS="437" HPOS="964"/>
                  <String HEIGHT="34" WIDTH="93" VPOS="437" HPOS="929" CONTENT="esse"/>
                  <SP HEIGHT="34" WIDTH="12" VPOS="437" HPOS="1022"/>
                  <String HEIGHT="34"
                          WIDTH="104"
                          VPOS="437"
                          HPOS="987"
                          CONTENT="bonum"/>
                  <SP HEIGHT="34" WIDTH="12" VPOS="437" HPOS="1091"/>
                  <String HEIGHT="34" WIDTH="69" VPOS="437" HPOS="1056" CONTENT="et"/>
                  <SP HEIGHT="34" WIDTH="12" VPOS="437" HPOS="1126"/>
                  <String HEIGHT="34"
                          WIDTH="93"
                          VPOS="437"
                          HPOS="1091"
                          CONTENT="ideo"/>
                  <SP HEIGHT="34" WIDTH="12" VPOS="437" HPOS="1183"/>
                  <String HEIGHT="34"
                          WIDTH="93"
                          VPOS="437"
                          HPOS="1149"
                          CONTENT="esse"/>
                  <SP HEIGHT="34" WIDTH="12" VPOS="437" HPOS="1241"/>
                  <String HEIGHT="34"
                          WIDTH="139"
                          VPOS="437"
                          HPOS="1207"
                          CONTENT="nolendum"/>
                  <SP HEIGHT="34" WIDTH="12" VPOS="437" HPOS="1345"/>
                  <String HEIGHT="34"
                          WIDTH="93"
                          VPOS="437"
                          HPOS="1311"
                          CONTENT="quod"/>
                  <SP HEIGHT="34" WIDTH="12" VPOS="437" HPOS="1403"/>
                  <String HEIGHT="34" WIDTH="81" VPOS="437" HPOS="1357" CONTENT="pri"/>
               </TextLine>
               <TextLine ID="r2l21"
                         BASELINE="499"
                         HEIGHT="35"
                         WIDTH="599"
                         VPOS="464"
                         HPOS="838">
                  <String HEIGHT="35"
                          WIDTH="153"
                          VPOS="464"
                          HPOS="825"
                          CONTENT="volendum"/>
                  <SP HEIGHT="35" WIDTH="13" VPOS="464" HPOS="978"/>
                  <String HEIGHT="35" WIDTH="89" VPOS="464" HPOS="940" CONTENT="nec"/>
                  <SP HEIGHT="35" WIDTH="13" VPOS="464" HPOS="1029"/>
                  <String HEIGHT="35"
                          WIDTH="140"
                          VPOS="464"
                          HPOS="991"
                          CONTENT="videtur"/>
                  <SP HEIGHT="35" WIDTH="13" VPOS="464" HPOS="1131"/>
                  <String HEIGHT="35"
                          WIDTH="102"
                          VPOS="464"
                          HPOS="1093"
                          CONTENT="quin"/>
                  <SP HEIGHT="35" WIDTH="13" VPOS="464" HPOS="1195"/>
                  <String HEIGHT="35" WIDTH="76" VPOS="464" HPOS="1157" CONTENT="in"/>
                  <SP HEIGHT="35" WIDTH="13" VPOS="464" HPOS="1233"/>
                  <String HEIGHT="35"
                          WIDTH="153"
                          VPOS="464"
                          HPOS="1195"
                          CONTENT="instanti"/>
                  <SP HEIGHT="35" WIDTH="13" VPOS="464" HPOS="1348"/>
                  <String HEIGHT="35" WIDTH="89" VPOS="464" HPOS="1310" CONTENT="quo"/>
                  <SP HEIGHT="35" WIDTH="13" VPOS="464" HPOS="1399"/>
                  <String HEIGHT="35"
                          WIDTH="89"
                          VPOS="464"
                          HPOS="1348"
                          CONTENT="primo"/>
               </TextLine>
               <TextLine ID="r2l23"
                         BASELINE="527"
                         HEIGHT="33"
                         WIDTH="591"
                         VPOS="494"
                         HPOS="847">
                  <String HEIGHT="33"
                          WIDTH="148"
                          VPOS="494"
                          HPOS="836"
                          CONTENT="iudicabit"/>
                  <SP HEIGHT="33" WIDTH="11" VPOS="494" HPOS="983"/>
                  <String HEIGHT="33"
                          WIDTH="170"
                          VPOS="494"
                          HPOS="949"
                          CONTENT="intellectus"/>
                  <SP HEIGHT="33" WIDTH="11" VPOS="494" HPOS="1120"/>
                  <String HEIGHT="33"
                          WIDTH="102"
                          VPOS="494"
                          HPOS="1086"
                          CONTENT="illud"/>
                  <SP HEIGHT="33" WIDTH="11" VPOS="494" HPOS="1188"/>
                  <String HEIGHT="33" WIDTH="80" VPOS="494" HPOS="1154" CONTENT="non"/>
                  <SP HEIGHT="33" WIDTH="11" VPOS="494" HPOS="1233"/>
                  <String HEIGHT="33"
                          WIDTH="91"
                          VPOS="494"
                          HPOS="1199"
                          CONTENT="esse"/>
                  <SP HEIGHT="33" WIDTH="11" VPOS="494" HPOS="1290"/>
                  <String HEIGHT="33"
                          WIDTH="136"
                          VPOS="494"
                          HPOS="1256"
                          CONTENT="volendum"/>
                  <SP HEIGHT="33" WIDTH="11" VPOS="494" HPOS="1393"/>
                  <String HEIGHT="33"
                          WIDTH="91"
                          VPOS="494"
                          HPOS="1347"
                          CONTENT="volun"
                          SUBS_TYPE="HypPart1"
                          SUBS_CONTENT="voluntas"/>
                  <HYP CONTENT="-"/>
               </TextLine>
               <TextLine ID="r2l25"
                         BASELINE="554"
                         HEIGHT="35"
                         WIDTH="603"
                         VPOS="519"
                         HPOS="840">
                  <String HEIGHT="35"
                          WIDTH="81"
                          VPOS="519"
                          HPOS="828"
                          CONTENT="tas"
                          SUBS_TYPE="HypPart2"
                          SUBS_CONTENT="voluntas"/>
                  <SP HEIGHT="35" WIDTH="12" VPOS="519" HPOS="910"/>
                  <String HEIGHT="35"
                          WIDTH="116"
                          VPOS="519"
                          HPOS="875"
                          CONTENT="possit"/>
                  <SP HEIGHT="35" WIDTH="12" VPOS="519" HPOS="991"/>
                  <String HEIGHT="35"
                          WIDTH="104"
                          VPOS="519"
                          HPOS="956"
                          CONTENT="illud"/>
                  <SP HEIGHT="35" WIDTH="12" VPOS="519" HPOS="1060"/>
                  <String HEIGHT="35"
                          WIDTH="104"
                          VPOS="519"
                          HPOS="1026"
                          CONTENT="velle"/>
                  <SP HEIGHT="35" WIDTH="12" VPOS="519" HPOS="1130"/>
                  <String HEIGHT="35" WIDTH="70" VPOS="519" HPOS="1095" CONTENT="et"/>
                  <SP HEIGHT="35" WIDTH="12" VPOS="519" HPOS="1165"/>
                  <String HEIGHT="35" WIDTH="81" VPOS="519" HPOS="1130" CONTENT="con"/>
                  <SP HEIGHT="35" WIDTH="12" VPOS="519" HPOS="1211"/>
                  <String HEIGHT="35"
                          WIDTH="128"
                          VPOS="519"
                          HPOS="1176"
                          CONTENT="formare"/>
                  <SP HEIGHT="35" WIDTH="12" VPOS="519" HPOS="1304"/>
                  <String HEIGHT="35" WIDTH="70" VPOS="519" HPOS="1269" CONTENT="se"/>
                  <SP HEIGHT="35" WIDTH="12" VPOS="519" HPOS="1339"/>
                  <String HEIGHT="35"
                          WIDTH="128"
                          VPOS="519"
                          HPOS="1304"
                          CONTENT="iudicio"/>
                  <SP HEIGHT="35" WIDTH="12" VPOS="519" HPOS="1431"/>
                  <String HEIGHT="35" WIDTH="58" VPOS="519" HPOS="1385" CONTENT="igi"/>
               </TextLine>
               <TextLine ID="r2l27"
                         BASELINE="589"
                         HEIGHT="37"
                         WIDTH="607"
                         VPOS="552"
                         HPOS="840">
                  <String HEIGHT="37" WIDTH="80" VPOS="552" HPOS="829" CONTENT="tur"/>
                  <SP HEIGHT="37" WIDTH="11" VPOS="552" HPOS="909"/>
                  <String HEIGHT="37"
                          WIDTH="126"
                          VPOS="552"
                          HPOS="874"
                          CONTENT="videtur"/>
                  <SP HEIGHT="37" WIDTH="11" VPOS="552" HPOS="1000"/>
                  <String HEIGHT="37" WIDTH="92" VPOS="552" HPOS="966" CONTENT="quod"/>
                  <SP HEIGHT="37" WIDTH="11" VPOS="552" HPOS="1058"/>
                  <String HEIGHT="37"
                          WIDTH="137"
                          VPOS="552"
                          HPOS="1023"
                          CONTENT="voluntas"/>
                  <SP HEIGHT="37" WIDTH="11" VPOS="552" HPOS="1161"/>
                  <String HEIGHT="37" WIDTH="69" VPOS="552" HPOS="1126" CONTENT="in"/>
                  <SP HEIGHT="37" WIDTH="11" VPOS="552" HPOS="1195"/>
                  <String HEIGHT="37"
                          WIDTH="92"
                          VPOS="552"
                          HPOS="1161"
                          CONTENT="casu"/>
                  <SP HEIGHT="37" WIDTH="11" VPOS="552" HPOS="1252"/>
                  <String HEIGHT="37"
                          WIDTH="115"
                          VPOS="552"
                          HPOS="1218"
                          CONTENT="subito"/>
                  <SP HEIGHT="37" WIDTH="11" VPOS="552" HPOS="1332"/>
                  <String HEIGHT="37" WIDTH="69" VPOS="552" HPOS="1298" CONTENT="et"/>
                  <SP HEIGHT="37" WIDTH="11" VPOS="552" HPOS="1367"/>
                  <String HEIGHT="37"
                          WIDTH="103"
                          VPOS="552"
                          HPOS="1332"
                          CONTENT="simul"/>
                  <SP HEIGHT="37" WIDTH="11" VPOS="552" HPOS="1436"/>
                  <String HEIGHT="37" WIDTH="57" VPOS="552" HPOS="1390" CONTENT="pos"/>
               </TextLine>
               <TextLine ID="r2l29"
                         BASELINE="611"
                         HEIGHT="34"
                         WIDTH="610"
                         VPOS="577"
                         HPOS="844">
                  <String HEIGHT="34" WIDTH="89" VPOS="577" HPOS="831" CONTENT="sit"/>
                  <SP HEIGHT="34" WIDTH="13" VPOS="577" HPOS="920"/>
                  <String HEIGHT="34"
                          WIDTH="140"
                          VPOS="577"
                          HPOS="882"
                          CONTENT="cessare"/>
                  <SP HEIGHT="34" WIDTH="13" VPOS="577" HPOS="1022"/>
                  <String HEIGHT="34" WIDTH="76" VPOS="577" HPOS="984" CONTENT="ab"/>
                  <SP HEIGHT="34" WIDTH="13" VPOS="577" HPOS="1060"/>
                  <String HEIGHT="34"
                          WIDTH="114"
                          VPOS="577"
                          HPOS="1022"
                          CONTENT="amore"/>
                  <SP HEIGHT="34" WIDTH="13" VPOS="577" HPOS="1136"/>
                  <String HEIGHT="34" WIDTH="89" VPOS="577" HPOS="1098" CONTENT="vel"/>
                  <SP HEIGHT="34" WIDTH="13" VPOS="577" HPOS="1187"/>
                  <String HEIGHT="34"
                          WIDTH="102"
                          VPOS="577"
                          HPOS="1149"
                          CONTENT="odio"/>
                  <SP HEIGHT="34" WIDTH="13" VPOS="577" HPOS="1251"/>
                  <String HEIGHT="34" WIDTH="89" VPOS="577" HPOS="1213" CONTENT="per"/>
                  <SP HEIGHT="34" WIDTH="13" VPOS="577" HPOS="1302"/>
                  <String HEIGHT="34"
                          WIDTH="140"
                          VPOS="577"
                          HPOS="1263"
                          CONTENT="aliquod"/>
                  <SP HEIGHT="34" WIDTH="13" VPOS="577" HPOS="1403"/>
                  <String HEIGHT="34"
                          WIDTH="102"
                          VPOS="577"
                          HPOS="1352"
                          CONTENT="tempus"/>
               </TextLine>
               <TextLine ID="r2l31"
                         BASELINE="637"
                         HEIGHT="32"
                         WIDTH="588"
                         VPOS="605"
                         HPOS="850">
                  <String HEIGHT="32"
                          WIDTH="100"
                          VPOS="605"
                          HPOS="839"
                          CONTENT="vsque"/>
                  <SP HEIGHT="32" WIDTH="11" VPOS="605" HPOS="939"/>
                  <String HEIGHT="32" WIDTH="89" VPOS="605" HPOS="905" CONTENT="tunc"/>
                  <SP HEIGHT="32" WIDTH="11" VPOS="605" HPOS="994"/>
                  <String HEIGHT="32"
                          WIDTH="122"
                          VPOS="605"
                          HPOS="961"
                          CONTENT="habito."/>
                  <SP HEIGHT="32" WIDTH="11" VPOS="605" HPOS="1083"/>
                  <String HEIGHT="32" WIDTH="55" VPOS="605" HPOS="1050" CONTENT="⁋"/>
                  <SP HEIGHT="32" WIDTH="11" VPOS="605" HPOS="1105"/>
                  <String HEIGHT="32"
                          WIDTH="89"
                          VPOS="605"
                          HPOS="1072"
                          CONTENT="Nota"/>
                  <SP HEIGHT="32" WIDTH="11" VPOS="605" HPOS="1161"/>
                  <String HEIGHT="32"
                          WIDTH="89"
                          VPOS="605"
                          HPOS="1127"
                          CONTENT="quod"/>
                  <SP HEIGHT="32" WIDTH="11" VPOS="605" HPOS="1216"/>
                  <String HEIGHT="32"
                          WIDTH="111"
                          VPOS="605"
                          HPOS="1183"
                          CONTENT="aliter"/>
                  <SP HEIGHT="32" WIDTH="11" VPOS="605" HPOS="1294"/>
                  <String HEIGHT="32" WIDTH="78" VPOS="605" HPOS="1260" CONTENT="est"/>
                  <SP HEIGHT="32" WIDTH="11" VPOS="605" HPOS="1338"/>
                  <String HEIGHT="32" WIDTH="67" VPOS="605" HPOS="1305" CONTENT="de"/>
                  <SP HEIGHT="32" WIDTH="11" VPOS="605" HPOS="1371"/>
                  <String HEIGHT="32"
                          WIDTH="111"
                          VPOS="605"
                          HPOS="1327"
                          CONTENT="excutio"
                          SUBS_TYPE="HypPart1"
                          SUBS_CONTENT="excutionibus"/>
                  <HYP CONTENT="-"/>
               </TextLine>
               <TextLine ID="r2l33"
                         BASELINE="668"
                         HEIGHT="31"
                         WIDTH="586"
                         VPOS="637"
                         HPOS="847">
                  <String HEIGHT="31"
                          WIDTH="112"
                          VPOS="637"
                          HPOS="835"
                          CONTENT="nibus"
                          SUBS_TYPE="HypPart2"
                          SUBS_CONTENT="excutionibus"/>
                  <SP HEIGHT="31" WIDTH="12" VPOS="637" HPOS="947"/>
                  <String HEIGHT="31"
                          WIDTH="125"
                          VPOS="637"
                          HPOS="909"
                          CONTENT="actuum"/>
                  <SP HEIGHT="31" WIDTH="12" VPOS="637" HPOS="1034"/>
                  <String HEIGHT="31" WIDTH="75" VPOS="637" HPOS="997" CONTENT="et"/>
                  <SP HEIGHT="31" WIDTH="12" VPOS="637" HPOS="1071"/>
                  <String HEIGHT="31"
                          WIDTH="125"
                          VPOS="637"
                          HPOS="1034"
                          CONTENT="aliter"/>
                  <SP HEIGHT="31" WIDTH="12" VPOS="637" HPOS="1159"/>
                  <String HEIGHT="31" WIDTH="75" VPOS="637" HPOS="1121" CONTENT="de"/>
                  <SP HEIGHT="31" WIDTH="12" VPOS="637" HPOS="1196"/>
                  <String HEIGHT="31"
                          WIDTH="199"
                          VPOS="637"
                          HPOS="1159"
                          CONTENT="electionibus"/>
                  <SP HEIGHT="31" WIDTH="12" VPOS="637" HPOS="1358"/>
                  <String HEIGHT="31"
                          WIDTH="125"
                          VPOS="637"
                          HPOS="1308"
                          CONTENT="conformi"/>
               </TextLine>
               <TextLine ID="r2l35"
                         BASELINE="696"
                         HEIGHT="32"
                         WIDTH="600"
                         VPOS="664"
                         HPOS="838">
                  <String HEIGHT="32" WIDTH="84" VPOS="664" HPOS="826" CONTENT="bus"/>
                  <SP HEIGHT="32" WIDTH="12" VPOS="664" HPOS="910"/>
                  <String HEIGHT="32" WIDTH="84" VPOS="664" HPOS="874" CONTENT="vel"/>
                  <SP HEIGHT="32" WIDTH="12" VPOS="664" HPOS="958"/>
                  <String HEIGHT="32"
                          WIDTH="180"
                          VPOS="664"
                          HPOS="922"
                          CONTENT="difformibus"/>
                  <SP HEIGHT="32" WIDTH="12" VPOS="664" HPOS="1102"/>
                  <String HEIGHT="32"
                          WIDTH="132"
                          VPOS="664"
                          HPOS="1066"
                          CONTENT="iudicus"/>
                  <SP HEIGHT="32" WIDTH="12" VPOS="664" HPOS="1198"/>
                  <String HEIGHT="32"
                          WIDTH="156"
                          VPOS="664"
                          HPOS="1162"
                          CONTENT="practicis"/>
                  <SP HEIGHT="32" WIDTH="12" VPOS="664" HPOS="1318"/>
                  <String HEIGHT="32" WIDTH="84" VPOS="664" HPOS="1282" CONTENT="nam"/>
                  <SP HEIGHT="32" WIDTH="12" VPOS="664" HPOS="1366"/>
                  <String HEIGHT="32" WIDTH="72" VPOS="664" HPOS="1330" CONTENT="de"/>
                  <SP HEIGHT="32" WIDTH="12" VPOS="664" HPOS="1402"/>
                  <String HEIGHT="32"
                          WIDTH="84"
                          VPOS="664"
                          HPOS="1354"
                          CONTENT="secun"/>
               </TextLine>
               <TextLine ID="r2l36"
                         BASELINE="725"
                         HEIGHT="33"
                         WIDTH="595"
                         VPOS="692"
                         HPOS="844">
                  <String HEIGHT="33" WIDTH="79" VPOS="692" HPOS="833" CONTENT="dis"/>
                  <SP HEIGHT="33" WIDTH="11" VPOS="692" HPOS="911"/>
                  <String HEIGHT="33" WIDTH="79" VPOS="692" HPOS="878" CONTENT="non"/>
                  <SP HEIGHT="33" WIDTH="11" VPOS="692" HPOS="956"/>
                  <String HEIGHT="33"
                          WIDTH="123"
                          VPOS="692"
                          HPOS="923"
                          CONTENT="videtur"/>
                  <SP HEIGHT="33" WIDTH="11" VPOS="692" HPOS="1046"/>
                  <String HEIGHT="33"
                          WIDTH="90"
                          VPOS="692"
                          HPOS="1012"
                          CONTENT="esse"/>
                  <SP HEIGHT="33" WIDTH="11" VPOS="692" HPOS="1102"/>
                  <String HEIGHT="33"
                          WIDTH="146"
                          VPOS="692"
                          HPOS="1069"
                          CONTENT="instantia"/>
                  <SP HEIGHT="33" WIDTH="11" VPOS="692" HPOS="1214"/>
                  <String HEIGHT="33"
                          WIDTH="90"
                          VPOS="692"
                          HPOS="1181"
                          CONTENT="quin"/>
                  <SP HEIGHT="33" WIDTH="11" VPOS="692" HPOS="1271"/>
                  <String HEIGHT="33" WIDTH="67" VPOS="692" HPOS="1237" CONTENT="in"/>
                  <SP HEIGHT="33" WIDTH="11" VPOS="692" HPOS="1304"/>
                  <String HEIGHT="33"
                          WIDTH="101"
                          VPOS="692"
                          HPOS="1271"
                          CONTENT="primo"/>
                  <SP HEIGHT="33" WIDTH="11" VPOS="692" HPOS="1372"/>
                  <String HEIGHT="33"
                          WIDTH="112"
                          VPOS="692"
                          HPOS="1327"
                          CONTENT="instanti"/>
               </TextLine>
               <TextLine ID="r2l38"
                         BASELINE="752"
                         HEIGHT="31"
                         WIDTH="587"
                         VPOS="721"
                         HPOS="849">
                  <String HEIGHT="31"
                          WIDTH="153"
                          VPOS="721"
                          HPOS="837"
                          CONTENT="euidenter"/>
                  <SP HEIGHT="31" WIDTH="12" VPOS="721" HPOS="990"/>
                  <String HEIGHT="31"
                          WIDTH="129"
                          VPOS="721"
                          HPOS="955"
                          CONTENT="iudicum"/>
                  <SP HEIGHT="31" WIDTH="12" VPOS="721" HPOS="1084"/>
                  <String HEIGHT="31" WIDTH="82" VPOS="721" HPOS="1049" CONTENT="vel"/>
                  <SP HEIGHT="31" WIDTH="12" VPOS="721" HPOS="1131"/>
                  <String HEIGHT="31"
                          WIDTH="106"
                          VPOS="721"
                          HPOS="1096"
                          CONTENT="ferme"/>
                  <SP HEIGHT="31" WIDTH="12" VPOS="721" HPOS="1201"/>
                  <String HEIGHT="31"
                          WIDTH="188"
                          VPOS="721"
                          HPOS="1166"
                          CONTENT="credulitatis"/>
                  <SP HEIGHT="31" WIDTH="12" VPOS="721" HPOS="1354"/>
                  <String HEIGHT="31"
                          WIDTH="117"
                          VPOS="721"
                          HPOS="1319"
                          CONTENT="possit"/>
                  <SP HEIGHT="31" WIDTH="12" VPOS="721" HPOS="1436"/>
                  <String HEIGHT="31" WIDTH="47" VPOS="721" HPOS="1389" CONTENT="vo"/>
               </TextLine>
               <TextLine ID="r2l40"
                         BASELINE="780"
                         HEIGHT="32"
                         WIDTH="592"
                         VPOS="748"
                         HPOS="847">
                  <String HEIGHT="32"
                          WIDTH="123"
                          VPOS="748"
                          HPOS="835"
                          CONTENT="luntas"/>
                  <SP HEIGHT="32" WIDTH="12" VPOS="748" HPOS="958"/>
                  <String HEIGHT="32" WIDTH="74" VPOS="748" HPOS="921" CONTENT="se"/>
                  <SP HEIGHT="32" WIDTH="12" VPOS="748" HPOS="995"/>
                  <String HEIGHT="32"
                          WIDTH="173"
                          VPOS="748"
                          HPOS="958"
                          CONTENT="conformare"/>
                  <SP HEIGHT="32" WIDTH="12" VPOS="748" HPOS="1131"/>
                  <String HEIGHT="32"
                          WIDTH="99"
                          VPOS="748"
                          HPOS="1094"
                          CONTENT="tali"/>
                  <SP HEIGHT="32" WIDTH="12" VPOS="748" HPOS="1192"/>
                  <String HEIGHT="32"
                          WIDTH="136"
                          VPOS="748"
                          HPOS="1155"
                          CONTENT="iudicio"/>
                  <SP HEIGHT="32" WIDTH="12" VPOS="748" HPOS="1291"/>
                  <String HEIGHT="32"
                          WIDTH="160"
                          VPOS="748"
                          HPOS="1254"
                          CONTENT="immediate"/>
                  <SP HEIGHT="32" WIDTH="12" VPOS="748" HPOS="1414"/>
                  <String HEIGHT="32"
                          WIDTH="74"
                          VPOS="748"
                          HPOS="1365"
                          CONTENT="prim"/>
               </TextLine>
               <TextLine ID="r2l42"
                         BASELINE="815"
                         HEIGHT="38"
                         WIDTH="590"
                         VPOS="777"
                         HPOS="849">
                  <String HEIGHT="38"
                          WIDTH="142"
                          VPOS="777"
                          HPOS="837"
                          CONTENT="cipiando"/>
                  <SP HEIGHT="38" WIDTH="12" VPOS="777" HPOS="979"/>
                  <String HEIGHT="38"
                          WIDTH="118"
                          VPOS="777"
                          HPOS="943"
                          CONTENT="libere"/>
                  <SP HEIGHT="38" WIDTH="12" VPOS="777" HPOS="1061"/>
                  <String HEIGHT="38"
                          WIDTH="106"
                          VPOS="777"
                          HPOS="1026"
                          CONTENT="talem"/>
                  <SP HEIGHT="38" WIDTH="12" VPOS="777" HPOS="1132"/>
                  <String HEIGHT="38"
                          WIDTH="165"
                          VPOS="777"
                          HPOS="1097"
                          CONTENT="electionem"/>
                  <SP HEIGHT="38" WIDTH="12" VPOS="777" HPOS="1262"/>
                  <String HEIGHT="38"
                          WIDTH="153"
                          VPOS="777"
                          HPOS="1227"
                          CONTENT="conformen"/>
                  <SP HEIGHT="38" WIDTH="12" VPOS="777" HPOS="1380"/>
                  <String HEIGHT="38" WIDTH="83" VPOS="777" HPOS="1345" CONTENT="vel"/>
                  <SP HEIGHT="38" WIDTH="12" VPOS="777" HPOS="1427"/>
                  <String HEIGHT="38" WIDTH="59" VPOS="777" HPOS="1380" CONTENT="non"/>
               </TextLine>
               <TextLine ID="r2l44"
                         BASELINE="840"
                         HEIGHT="34"
                         WIDTH="589"
                         VPOS="806"
                         HPOS="847">
                  <String HEIGHT="34"
                          WIDTH="172"
                          VPOS="806"
                          HPOS="835"
                          CONTENT="conformare"/>
                  <SP HEIGHT="34" WIDTH="12" VPOS="806" HPOS="1007"/>
                  <String HEIGHT="34" WIDTH="74" VPOS="806" HPOS="970" CONTENT="se"/>
                  <SP HEIGHT="34" WIDTH="12" VPOS="806" HPOS="1043"/>
                  <String HEIGHT="34" WIDTH="74" VPOS="806" HPOS="1007" CONTENT="si"/>
                  <SP HEIGHT="34" WIDTH="12" VPOS="806" HPOS="1080"/>
                  <String HEIGHT="34"
                          WIDTH="147"
                          VPOS="806"
                          HPOS="1043"
                          CONTENT="occurrat"/>
                  <SP HEIGHT="34" WIDTH="12" VPOS="806" HPOS="1191"/>
                  <String HEIGHT="34"
                          WIDTH="110"
                          VPOS="806"
                          HPOS="1154"
                          CONTENT="aliud"/>
                  <SP HEIGHT="34" WIDTH="12" VPOS="806" HPOS="1264"/>
                  <String HEIGHT="34"
                          WIDTH="147"
                          VPOS="806"
                          HPOS="1227"
                          CONTENT="eliciens"/>
                  <SP HEIGHT="34" WIDTH="12" VPOS="806" HPOS="1375"/>
                  <String HEIGHT="34" WIDTH="86" VPOS="806" HPOS="1338" CONTENT="vel"/>
                  <SP HEIGHT="34" WIDTH="12" VPOS="806" HPOS="1424"/>
                  <String HEIGHT="34"
                          WIDTH="61"
                          VPOS="806"
                          HPOS="1375"
                          CONTENT="mo"
                          SUBS_TYPE="HypPart1"
                          SUBS_CONTENT="mouens"/>
                  <HYP CONTENT="-"/>
               </TextLine>
               <TextLine ID="r2l46"
                         BASELINE="872"
                         HEIGHT="39"
                         WIDTH="600"
                         VPOS="833"
                         HPOS="846">
                  <String HEIGHT="39"
                          WIDTH="100"
                          VPOS="833"
                          HPOS="834"
                          CONTENT="uens"
                          SUBS_TYPE="HypPart2"
                          SUBS_CONTENT="mouens"/>
                  <SP HEIGHT="39" WIDTH="13" VPOS="833" HPOS="934"/>
                  <String HEIGHT="39" WIDTH="75" VPOS="833" HPOS="896" CONTENT="ad"/>
                  <SP HEIGHT="39" WIDTH="13" VPOS="833" HPOS="971"/>
                  <String HEIGHT="39"
                          WIDTH="163"
                          VPOS="833"
                          HPOS="934"
                          CONTENT="oppositum"/>
                  <SP HEIGHT="39" WIDTH="13" VPOS="833" HPOS="1096"/>
                  <String HEIGHT="39" WIDTH="88" VPOS="833" HPOS="1059" CONTENT="sed"/>
                  <SP HEIGHT="39" WIDTH="13" VPOS="833" HPOS="1146"/>
                  <String HEIGHT="39" WIDTH="75" VPOS="833" HPOS="1109" CONTENT="de"/>
                  <SP HEIGHT="39" WIDTH="13" VPOS="833" HPOS="1184"/>
                  <String HEIGHT="39"
                          WIDTH="213"
                          VPOS="833"
                          HPOS="1146"
                          CONTENT="executionibus"/>
                  <SP HEIGHT="39" WIDTH="13" VPOS="833" HPOS="1359"/>
                  <String HEIGHT="39" WIDTH="88" VPOS="833" HPOS="1321" CONTENT="est"/>
                  <SP HEIGHT="39" WIDTH="13" VPOS="833" HPOS="1409"/>
                  <String HEIGHT="39"
                          WIDTH="88"
                          VPOS="833"
                          HPOS="1359"
                          CONTENT="maior"/>
               </TextLine>
               <TextLine ID="r2l48"
                         BASELINE="902"
                         HEIGHT="40"
                         WIDTH="599"
                         VPOS="862"
                         HPOS="840">
                  <String HEIGHT="40"
                          WIDTH="208"
                          VPOS="862"
                          HPOS="827"
                          CONTENT="difficultas."/>
                  <SP HEIGHT="40" WIDTH="13" VPOS="862" HPOS="1035"/>
                  <String HEIGHT="40" WIDTH="65" VPOS="862" HPOS="996" CONTENT="⁋"/>
                  <SP HEIGHT="40" WIDTH="13" VPOS="862" HPOS="1061"/>
                  <String HEIGHT="40" WIDTH="78" VPOS="862" HPOS="1022" CONTENT="Ad"/>
                  <SP HEIGHT="40" WIDTH="13" VPOS="862" HPOS="1100"/>
                  <String HEIGHT="40"
                          WIDTH="130"
                          VPOS="862"
                          HPOS="1061"
                          CONTENT="primam"/>
                  <SP HEIGHT="40" WIDTH="13" VPOS="862" HPOS="1192"/>
                  <String HEIGHT="40"
                          WIDTH="156"
                          VPOS="862"
                          HPOS="1153"
                          CONTENT="rationem"/>
                  <SP HEIGHT="40" WIDTH="13" VPOS="862" HPOS="1309"/>
                  <String HEIGHT="40" WIDTH="78" VPOS="862" HPOS="1270" CONTENT="in"/>
                  <SP HEIGHT="40" WIDTH="13" VPOS="862" HPOS="1348"/>
                  <String HEIGHT="40"
                          WIDTH="143"
                          VPOS="862"
                          HPOS="1296"
                          CONTENT="oppositum"/>
               </TextLine>
               <TextLine ID="r2l50"
                         BASELINE="926"
                         HEIGHT="34"
                         WIDTH="603"
                         VPOS="892"
                         HPOS="839">
                  <String HEIGHT="34"
                          WIDTH="114"
                          VPOS="892"
                          HPOS="829"
                          CONTENT="dicitur"/>
                  <SP HEIGHT="34" WIDTH="10" VPOS="892" HPOS="943"/>
                  <String HEIGHT="34" WIDTH="83" VPOS="892" HPOS="912" CONTENT="quod"/>
                  <SP HEIGHT="34" WIDTH="10" VPOS="892" HPOS="995"/>
                  <String HEIGHT="34" WIDTH="73" VPOS="892" HPOS="964" CONTENT="non"/>
                  <SP HEIGHT="34" WIDTH="10" VPOS="892" HPOS="1037"/>
                  <String HEIGHT="34" WIDTH="73" VPOS="892" HPOS="1005" CONTENT="est"/>
                  <SP HEIGHT="34" WIDTH="10" VPOS="892" HPOS="1078"/>
                  <String HEIGHT="34" WIDTH="62" VPOS="892" HPOS="1047" CONTENT="in"/>
                  <SP HEIGHT="34" WIDTH="10" VPOS="892" HPOS="1109"/>
                  <String HEIGHT="34"
                          WIDTH="135"
                          VPOS="892"
                          HPOS="1078"
                          CONTENT="potestate"/>
                  <SP HEIGHT="34" WIDTH="10" VPOS="892" HPOS="1213"/>
                  <String HEIGHT="34"
                          WIDTH="146"
                          VPOS="892"
                          HPOS="1182"
                          CONTENT="voluntatis"/>
                  <SP HEIGHT="34" WIDTH="10" VPOS="892" HPOS="1328"/>
                  <String HEIGHT="34" WIDTH="62" VPOS="892" HPOS="1296" CONTENT="in"/>
                  <SP HEIGHT="34" WIDTH="10" VPOS="892" HPOS="1359"/>
                  <String HEIGHT="34" WIDTH="73" VPOS="892" HPOS="1328" CONTENT="hoc"/>
                  <SP HEIGHT="34" WIDTH="10" VPOS="892" HPOS="1400"/>
                  <String HEIGHT="34"
                          WIDTH="83"
                          VPOS="892"
                          HPOS="1359"
                          CONTENT="instam"/>
               </TextLine>
               <TextLine ID="r2l52"
                         BASELINE="954"
                         HEIGHT="36"
                         WIDTH="592"
                         VPOS="918"
                         HPOS="847">
                  <String HEIGHT="36" WIDTH="74" VPOS="918" HPOS="835" CONTENT="ti"/>
                  <SP HEIGHT="36" WIDTH="12" VPOS="918" HPOS="909"/>
                  <String HEIGHT="36"
                          WIDTH="160"
                          VPOS="918"
                          HPOS="872"
                          CONTENT="causantis"/>
                  <SP HEIGHT="36" WIDTH="12" VPOS="918" HPOS="1032"/>
                  <String HEIGHT="36"
                          WIDTH="111"
                          VPOS="918"
                          HPOS="995"
                          CONTENT="actum"/>
                  <SP HEIGHT="36" WIDTH="12" VPOS="918" HPOS="1106"/>
                  <String HEIGHT="36"
                          WIDTH="136"
                          VPOS="918"
                          HPOS="1069"
                          CONTENT="aliquem"/>
                  <SP HEIGHT="36" WIDTH="12" VPOS="918" HPOS="1205"/>
                  <String HEIGHT="36"
                          WIDTH="99"
                          VPOS="918"
                          HPOS="1168"
                          CONTENT="quin"/>
                  <SP HEIGHT="36" WIDTH="12" VPOS="918" HPOS="1266"/>
                  <String HEIGHT="36"
                          WIDTH="111"
                          VPOS="918"
                          HPOS="1229"
                          CONTENT="ipsum"/>
                  <SP HEIGHT="36" WIDTH="12" VPOS="918" HPOS="1340"/>
                  <String HEIGHT="36" WIDTH="86" VPOS="918" HPOS="1303" CONTENT="vel"/>
                  <SP HEIGHT="36" WIDTH="12" VPOS="918" HPOS="1390"/>
                  <String HEIGHT="36"
                          WIDTH="99"
                          VPOS="918"
                          HPOS="1340"
                          CONTENT="partem"/>
               </TextLine>
               <TextLine ID="r2l54"
                         BASELINE="981"
                         HEIGHT="31"
                         WIDTH="601"
                         VPOS="950"
                         HPOS="844">
                  <String HEIGHT="31"
                          WIDTH="138"
                          VPOS="950"
                          HPOS="831"
                          CONTENT="aliquam"/>
                  <SP HEIGHT="31" WIDTH="13" VPOS="950" HPOS="969"/>
                  <String HEIGHT="31"
                          WIDTH="100"
                          VPOS="950"
                          HPOS="932"
                          CONTENT="eius"/>
                  <SP HEIGHT="31" WIDTH="13" VPOS="950" HPOS="1032"/>
                  <String HEIGHT="31"
                          WIDTH="150"
                          VPOS="950"
                          HPOS="994"
                          CONTENT="retineat"/>
                  <SP HEIGHT="31" WIDTH="13" VPOS="950" HPOS="1145"/>
                  <String HEIGHT="31" WIDTH="88" VPOS="950" HPOS="1107" CONTENT="per"/>
                  <SP HEIGHT="31" WIDTH="13" VPOS="950" HPOS="1195"/>
                  <String HEIGHT="31"
                          WIDTH="125"
                          VPOS="950"
                          HPOS="1157"
                          CONTENT="tempus"/>
                  <SP HEIGHT="31" WIDTH="13" VPOS="950" HPOS="1282"/>
                  <String HEIGHT="31"
                          WIDTH="100"
                          VPOS="950"
                          HPOS="1245"
                          CONTENT="ideo"/>
                  <SP HEIGHT="31" WIDTH="13" VPOS="950" HPOS="1345"/>
                  <String HEIGHT="31" WIDTH="88" VPOS="950" HPOS="1307" CONTENT="quo"/>
                  <SP HEIGHT="31" WIDTH="13" VPOS="950" HPOS="1395"/>
                  <String HEIGHT="31" WIDTH="75" VPOS="950" HPOS="1357" CONTENT="ad"/>
                  <SP HEIGHT="31" WIDTH="13" VPOS="950" HPOS="1432"/>
                  <String HEIGHT="31" WIDTH="75" VPOS="950" HPOS="1395" CONTENT="in"/>
                  <SP HEIGHT="31" WIDTH="13" VPOS="950" HPOS="1470"/>
                  <String HEIGHT="31" WIDTH="25" VPOS="950" HPOS="1420" CONTENT=""/>
               </TextLine>
               <TextLine ID="r2l56"
                         BASELINE="1010"
                         HEIGHT="35"
                         WIDTH="588"
                         VPOS="975"
                         HPOS="850">
                  <String HEIGHT="35"
                          WIDTH="163"
                          VPOS="975"
                          HPOS="837"
                          CONTENT="tellectum"/>
                  <SP HEIGHT="35" WIDTH="13" VPOS="975" HPOS="1000"/>
                  <String HEIGHT="35"
                          WIDTH="113"
                          VPOS="975"
                          HPOS="963"
                          CONTENT="prime"/>
                  <SP HEIGHT="35" WIDTH="13" VPOS="975" HPOS="1075"/>
                  <String HEIGHT="35"
                          WIDTH="200"
                          VPOS="975"
                          HPOS="1038"
                          CONTENT="conclusionis"/>
                  <SP HEIGHT="35" WIDTH="13" VPOS="975" HPOS="1238"/>
                  <String HEIGHT="35" WIDTH="75" VPOS="975" HPOS="1200" CONTENT="et"/>
                  <SP HEIGHT="35" WIDTH="13" VPOS="975" HPOS="1275"/>
                  <String HEIGHT="35"
                          WIDTH="100"
                          VPOS="975"
                          HPOS="1238"
                          CONTENT="eius"/>
                  <SP HEIGHT="35" WIDTH="13" VPOS="975" HPOS="1338"/>
                  <String HEIGHT="35"
                          WIDTH="150"
                          VPOS="975"
                          HPOS="1288"
                          CONTENT="correlarim"/>
               </TextLine>
               <TextLine ID="r2l58"
                         BASELINE="1037"
                         HEIGHT="36"
                         WIDTH="604"
                         VPOS="1001"
                         HPOS="843">
                  <String HEIGHT="36"
                          WIDTH="144"
                          VPOS="1001"
                          HPOS="830"
                          CONTENT="negatur"/>
                  <SP HEIGHT="36" WIDTH="13" VPOS="1001" HPOS="974"/>
                  <String HEIGHT="36"
                          WIDTH="223"
                          VPOS="1001"
                          HPOS="935"
                          CONTENT="consequentia."/>
                  <SP HEIGHT="36" WIDTH="13" VPOS="1001" HPOS="1158"/>
                  <String HEIGHT="36" WIDTH="66" VPOS="1001" HPOS="1119" CONTENT="⁋"/>
                  <SP HEIGHT="36" WIDTH="13" VPOS="1001" HPOS="1184"/>
                  <String HEIGHT="36" WIDTH="79" VPOS="1001" HPOS="1145" CONTENT="Et"/>
                  <SP HEIGHT="36" WIDTH="13" VPOS="1001" HPOS="1224"/>
                  <String HEIGHT="36" WIDTH="79" VPOS="1001" HPOS="1184" CONTENT="ad"/>
                  <SP HEIGHT="36" WIDTH="13" VPOS="1001" HPOS="1263"/>
                  <String HEIGHT="36"
                          WIDTH="197"
                          VPOS="1001"
                          HPOS="1224"
                          CONTENT="probationem"/>
                  <SP HEIGHT="36" WIDTH="13" VPOS="1001" HPOS="1421"/>
                  <String HEIGHT="36"
                          WIDTH="79"
                          VPOS="1001"
                          HPOS="1368"
                          CONTENT="dici"/>
               </TextLine>
               <TextLine ID="r2l60"
                         BASELINE="1064"
                         HEIGHT="33"
                         WIDTH="596"
                         VPOS="1031"
                         HPOS="846">
                  <String HEIGHT="33" WIDTH="77" VPOS="1031" HPOS="835" CONTENT="tur"/>
                  <SP HEIGHT="33" WIDTH="11" VPOS="1031" HPOS="912"/>
                  <String HEIGHT="33"
                          WIDTH="88"
                          VPOS="1031"
                          HPOS="879"
                          CONTENT="quod"/>
                  <SP HEIGHT="33" WIDTH="11" VPOS="1031" HPOS="967"/>
                  <String HEIGHT="33"
                          WIDTH="132"
                          VPOS="1031"
                          HPOS="934"
                          CONTENT="voluntas"/>
                  <SP HEIGHT="33" WIDTH="11" VPOS="1031" HPOS="1067"/>
                  <String HEIGHT="33"
                          WIDTH="77"
                          VPOS="1031"
                          HPOS="1034"
                          CONTENT="non"/>
                  <SP HEIGHT="33" WIDTH="11" VPOS="1031" HPOS="1111"/>
                  <String HEIGHT="33"
                          WIDTH="110"
                          VPOS="1031"
                          HPOS="1078"
                          CONTENT="potest"/>
                  <SP HEIGHT="33" WIDTH="11" VPOS="1031" HPOS="1188"/>
                  <String HEIGHT="33"
                          WIDTH="132"
                          VPOS="1031"
                          HPOS="1155"
                          CONTENT="vtrumque"/>
                  <SP HEIGHT="33" WIDTH="11" VPOS="1031" HPOS="1287"/>
                  <String HEIGHT="33"
                          WIDTH="77"
                          VPOS="1031"
                          HPOS="1254"
                          CONTENT="quo"/>
                  <SP HEIGHT="33" WIDTH="11" VPOS="1031" HPOS="1332"/>
                  <String HEIGHT="33" WIDTH="66" VPOS="1031" HPOS="1299" CONTENT="ad"/>
                  <SP HEIGHT="33" WIDTH="11" VPOS="1031" HPOS="1365"/>
                  <String HEIGHT="33"
                          WIDTH="99"
                          VPOS="1031"
                          HPOS="1332"
                          CONTENT="illum"/>
                  <SP HEIGHT="33" WIDTH="11" VPOS="1031" HPOS="1431"/>
                  <String HEIGHT="33"
                          WIDTH="55"
                          VPOS="1031"
                          HPOS="1387"
                          CONTENT="sen"/>
               </TextLine>
               <TextLine ID="r2l62"
                         BASELINE="1092"
                         HEIGHT="31"
                         WIDTH="597"
                         VPOS="1061"
                         HPOS="845">
                  <String HEIGHT="31" WIDTH="79" VPOS="1061" HPOS="834" CONTENT="sum"/>
                  <SP HEIGHT="31" WIDTH="11" VPOS="1061" HPOS="913"/>
                  <String HEIGHT="31" WIDTH="79" VPOS="1061" HPOS="879" CONTENT="sic"/>
                  <SP HEIGHT="31" WIDTH="11" VPOS="1061" HPOS="958"/>
                  <String HEIGHT="31"
                          WIDTH="146"
                          VPOS="1061"
                          HPOS="924"
                          CONTENT="coartatum"/>
                  <SP HEIGHT="31" WIDTH="11" VPOS="1061" HPOS="1070"/>
                  <String HEIGHT="31"
                          WIDTH="79"
                          VPOS="1061"
                          HPOS="1036"
                          CONTENT="sed"/>
                  <SP HEIGHT="31" WIDTH="11" VPOS="1061" HPOS="1115"/>
                  <String HEIGHT="31"
                          WIDTH="90"
                          VPOS="1061"
                          HPOS="1082"
                          CONTENT="bene"/>
                  <SP HEIGHT="31" WIDTH="11" VPOS="1061" HPOS="1172"/>
                  <String HEIGHT="31"
                          WIDTH="101"
                          VPOS="1061"
                          HPOS="1138"
                          CONTENT="habet"/>
                  <SP HEIGHT="31" WIDTH="11" VPOS="1061" HPOS="1239"/>
                  <String HEIGHT="31"
                          WIDTH="135"
                          VPOS="1061"
                          HPOS="1205"
                          CONTENT="vtrumque"/>
                  <SP HEIGHT="31" WIDTH="11" VPOS="1061" HPOS="1341"/>
                  <String HEIGHT="31"
                          WIDTH="101"
                          VPOS="1061"
                          HPOS="1307"
                          CONTENT="iuxta"/>
                  <SP HEIGHT="31" WIDTH="11" VPOS="1061" HPOS="1408"/>
                  <String HEIGHT="31"
                          WIDTH="79"
                          VPOS="1061"
                          HPOS="1363"
                          CONTENT="intel"/>
               </TextLine>
               <TextLine ID="r2l64"
                         BASELINE="1126"
                         HEIGHT="37"
                         WIDTH="607"
                         VPOS="1089"
                         HPOS="842">
                  <String HEIGHT="37"
                          WIDTH="119"
                          VPOS="1089"
                          HPOS="830"
                          CONTENT="lectum"/>
                  <SP HEIGHT="37" WIDTH="12" VPOS="1089" HPOS="949"/>
                  <String HEIGHT="37"
                          WIDTH="190"
                          VPOS="1089"
                          HPOS="913"
                          CONTENT="conclusionis"/>
                  <SP HEIGHT="37" WIDTH="12" VPOS="1089" HPOS="1104"/>
                  <String HEIGHT="37"
                          WIDTH="131"
                          VPOS="1089"
                          HPOS="1068"
                          CONTENT="secunde"/>
                  <SP HEIGHT="37" WIDTH="12" VPOS="1089" HPOS="1199"/>
                  <String HEIGHT="37" WIDTH="71" VPOS="1089" HPOS="1163" CONTENT="et"/>
                  <SP HEIGHT="37" WIDTH="12" VPOS="1089" HPOS="1235"/>
                  <String HEIGHT="37"
                          WIDTH="83"
                          VPOS="1089"
                          HPOS="1199"
                          CONTENT="sic"/>
                  <SP HEIGHT="37" WIDTH="12" VPOS="1089" HPOS="1282"/>
                  <String HEIGHT="37"
                          WIDTH="107"
                          VPOS="1089"
                          HPOS="1247"
                          CONTENT="etiam"/>
                  <SP HEIGHT="37" WIDTH="12" VPOS="1089" HPOS="1354"/>
                  <String HEIGHT="37"
                          WIDTH="143"
                          VPOS="1089"
                          HPOS="1306"
                          CONTENT="conceditur"/>
               </TextLine>
               <TextLine ID="r2l66"
                         BASELINE="1152"
                         HEIGHT="36"
                         WIDTH="591"
                         VPOS="1116"
                         HPOS="851">
                  <String HEIGHT="36"
                          WIDTH="193"
                          VPOS="1116"
                          HPOS="839"
                          CONTENT="consequentia"/>
                  <SP HEIGHT="36" WIDTH="12" VPOS="1116" HPOS="1032"/>
                  <String HEIGHT="36"
                          WIDTH="109"
                          VPOS="1116"
                          HPOS="996"
                          CONTENT="sicut"/>
                  <SP HEIGHT="36" WIDTH="12" VPOS="1116" HPOS="1104"/>
                  <String HEIGHT="36" WIDTH="72" VPOS="1116" HPOS="1068" CONTENT="et"/>
                  <SP HEIGHT="36" WIDTH="12" VPOS="1116" HPOS="1140"/>
                  <String HEIGHT="36"
                          WIDTH="145"
                          VPOS="1116"
                          HPOS="1104"
                          CONTENT="questio."/>
                  <SP HEIGHT="36" WIDTH="12" VPOS="1116" HPOS="1249"/>
                  <String HEIGHT="36" WIDTH="60" VPOS="1116" HPOS="1213" CONTENT="⁋"/>
                  <SP HEIGHT="36" WIDTH="12" VPOS="1116" HPOS="1273"/>
                  <String HEIGHT="36" WIDTH="72" VPOS="1116" HPOS="1237" CONTENT="Ad"/>
                  <SP HEIGHT="36" WIDTH="12" VPOS="1116" HPOS="1309"/>
                  <String HEIGHT="36"
                          WIDTH="145"
                          VPOS="1116"
                          HPOS="1273"
                          CONTENT="secundum"/>
                  <SP HEIGHT="36" WIDTH="12" VPOS="1116" HPOS="1418"/>
                  <String HEIGHT="36"
                          WIDTH="72"
                          VPOS="1116"
                          HPOS="1370"
                          CONTENT="nega"/>
               </TextLine>
               <TextLine ID="r2l68"
                         BASELINE="1178"
                         HEIGHT="32"
                         WIDTH="599"
                         VPOS="1146"
                         HPOS="848">
                  <String HEIGHT="32" WIDTH="72" VPOS="1146" HPOS="838" CONTENT="tur"/>
                  <SP HEIGHT="32" WIDTH="10" VPOS="1146" HPOS="910"/>
                  <String HEIGHT="32"
                          WIDTH="165"
                          VPOS="1146"
                          HPOS="879"
                          CONTENT="consequentia"/>
                  <SP HEIGHT="32" WIDTH="10" VPOS="1146" HPOS="1044"/>
                  <String HEIGHT="32"
                          WIDTH="124"
                          VPOS="1146"
                          HPOS="1013"
                          CONTENT="scilicet"/>
                  <SP HEIGHT="32" WIDTH="10" VPOS="1146" HPOS="1137"/>
                  <String HEIGHT="32"
                          WIDTH="83"
                          VPOS="1146"
                          HPOS="1106"
                          CONTENT="quod"/>
                  <SP HEIGHT="32" WIDTH="10" VPOS="1146" HPOS="1189"/>
                  <String HEIGHT="32"
                          WIDTH="103"
                          VPOS="1146"
                          HPOS="1158"
                          CONTENT="inuite"/>
                  <SP HEIGHT="32" WIDTH="10" VPOS="1146" HPOS="1261"/>
                  <String HEIGHT="32"
                          WIDTH="103"
                          VPOS="1146"
                          HPOS="1230"
                          CONTENT="vellet"/>
                  <SP HEIGHT="32" WIDTH="10" VPOS="1146" HPOS="1333"/>
                  <String HEIGHT="32"
                          WIDTH="93"
                          VPOS="1146"
                          HPOS="1302"
                          CONTENT="licet"/>
                  <SP HEIGHT="32" WIDTH="10" VPOS="1146" HPOS="1395"/>
                  <String HEIGHT="32" WIDTH="62" VPOS="1146" HPOS="1364" CONTENT="in"/>
                  <SP HEIGHT="32" WIDTH="10" VPOS="1146" HPOS="1426"/>
                  <String HEIGHT="32"
                          WIDTH="62"
                          VPOS="1146"
                          HPOS="1385"
                          CONTENT="casu"/>
               </TextLine>
               <TextLine ID="r2l70"
                         BASELINE="1209"
                         HEIGHT="38"
                         WIDTH="604"
                         VPOS="1171"
                         HPOS="845">
                  <String HEIGHT="38"
                          WIDTH="138"
                          VPOS="1171"
                          HPOS="834"
                          CONTENT="argumenti"/>
                  <SP HEIGHT="38" WIDTH="11" VPOS="1171" HPOS="972"/>
                  <String HEIGHT="38"
                          WIDTH="85"
                          VPOS="1171"
                          HPOS="940"
                          CONTENT="bene"/>
                  <SP HEIGHT="38" WIDTH="11" VPOS="1171" HPOS="1025"/>
                  <String HEIGHT="38"
                          WIDTH="127"
                          VPOS="1171"
                          HPOS="993"
                          CONTENT="sequatur"/>
                  <SP HEIGHT="38" WIDTH="11" VPOS="1171" HPOS="1121"/>
                  <String HEIGHT="38"
                          WIDTH="85"
                          VPOS="1171"
                          HPOS="1089"
                          CONTENT="quod"/>
                  <SP HEIGHT="38" WIDTH="11" VPOS="1171" HPOS="1173"/>
                  <String HEIGHT="38"
                          WIDTH="106"
                          VPOS="1171"
                          HPOS="1142"
                          CONTENT="aliter"/>
                  <SP HEIGHT="38" WIDTH="11" VPOS="1171" HPOS="1248"/>
                  <String HEIGHT="38"
                          WIDTH="85"
                          VPOS="1171"
                          HPOS="1216"
                          CONTENT="erit"/>
                  <SP HEIGHT="38" WIDTH="11" VPOS="1171" HPOS="1301"/>
                  <String HEIGHT="38"
                          WIDTH="85"
                          VPOS="1171"
                          HPOS="1269"
                          CONTENT="quam"/>
                  <SP HEIGHT="38" WIDTH="11" VPOS="1171" HPOS="1354"/>
                  <String HEIGHT="38"
                          WIDTH="85"
                          VPOS="1171"
                          HPOS="1322"
                          CONTENT="nunc"/>
                  <SP HEIGHT="38" WIDTH="11" VPOS="1171" HPOS="1407"/>
                  <String HEIGHT="38"
                          WIDTH="85"
                          VPOS="1171"
                          HPOS="1364"
                          CONTENT="vellet"/>
               </TextLine>
               <TextLine ID="r2l72"
                         BASELINE="1236"
                         HEIGHT="32"
                         WIDTH="600"
                         VPOS="1204"
                         HPOS="845">
                  <String HEIGHT="32"
                          WIDTH="79"
                          VPOS="1204"
                          HPOS="835"
                          CONTENT="quod"/>
                  <SP HEIGHT="32" WIDTH="10" VPOS="1204" HPOS="914"/>
                  <String HEIGHT="32"
                          WIDTH="89"
                          VPOS="1204"
                          HPOS="884"
                          CONTENT="foret"/>
                  <SP HEIGHT="32" WIDTH="10" VPOS="1204" HPOS="973"/>
                  <String HEIGHT="32" WIDTH="59" VPOS="1204" HPOS="943" CONTENT="in"/>
                  <SP HEIGHT="32" WIDTH="10" VPOS="1204" HPOS="1002"/>
                  <String HEIGHT="32"
                          WIDTH="98"
                          VPOS="1204"
                          HPOS="973"
                          CONTENT="futuro"/>
                  <SP HEIGHT="32" WIDTH="10" VPOS="1204" HPOS="1071"/>
                  <String HEIGHT="32"
                          WIDTH="69"
                          VPOS="1204"
                          HPOS="1042"
                          CONTENT="non"/>
                  <SP HEIGHT="32" WIDTH="10" VPOS="1204" HPOS="1111"/>
                  <String HEIGHT="32"
                          WIDTH="89"
                          VPOS="1204"
                          HPOS="1081"
                          CONTENT="autem"/>
                  <SP HEIGHT="32" WIDTH="10" VPOS="1204" HPOS="1170"/>
                  <String HEIGHT="32"
                          WIDTH="98"
                          VPOS="1204"
                          HPOS="1140"
                          CONTENT="aliter"/>
                  <SP HEIGHT="32" WIDTH="10" VPOS="1204" HPOS="1238"/>
                  <String HEIGHT="32"
                          WIDTH="79"
                          VPOS="1204"
                          HPOS="1209"
                          CONTENT="quam"/>
                  <SP HEIGHT="32" WIDTH="10" VPOS="1204" HPOS="1288"/>
                  <String HEIGHT="32"
                          WIDTH="79"
                          VPOS="1204"
                          HPOS="1258"
                          CONTENT="vult"/>
                  <SP HEIGHT="32" WIDTH="10" VPOS="1204" HPOS="1337"/>
                  <String HEIGHT="32"
                          WIDTH="79"
                          VPOS="1204"
                          HPOS="1307"
                          CONTENT="quod"/>
                  <SP HEIGHT="32" WIDTH="10" VPOS="1204" HPOS="1386"/>
                  <String HEIGHT="32"
                          WIDTH="69"
                          VPOS="1204"
                          HPOS="1356"
                          CONTENT="sit"/>
                  <SP HEIGHT="32" WIDTH="10" VPOS="1204" HPOS="1425"/>
                  <String HEIGHT="32"
                          WIDTH="69"
                          VPOS="1204"
                          HPOS="1396"
                          CONTENT="quo"/>
                  <SP HEIGHT="32" WIDTH="10" VPOS="1204" HPOS="1465"/>
                  <String HEIGHT="32" WIDTH="20" VPOS="1204" HPOS="1425" CONTENT=""/>
               </TextLine>
               <TextLine ID="r2l74"
                         BASELINE="1268"
                         HEIGHT="36"
                         WIDTH="600"
                         VPOS="1232"
                         HPOS="851">
                  <String HEIGHT="36" WIDTH="69" VPOS="1232" HPOS="839" CONTENT="ad"/>
                  <SP HEIGHT="36" WIDTH="12" VPOS="1232" HPOS="909"/>
                  <String HEIGHT="36" WIDTH="81" VPOS="1232" HPOS="874" CONTENT="hoc"/>
                  <SP HEIGHT="36" WIDTH="12" VPOS="1232" HPOS="955"/>
                  <String HEIGHT="36"
                          WIDTH="92"
                          VPOS="1232"
                          HPOS="920"
                          CONTENT="quod"/>
                  <SP HEIGHT="36" WIDTH="12" VPOS="1232" HPOS="1013"/>
                  <String HEIGHT="36"
                          WIDTH="92"
                          VPOS="1232"
                          HPOS="978"
                          CONTENT="nunc"/>
                  <SP HEIGHT="36" WIDTH="12" VPOS="1232" HPOS="1070"/>
                  <String HEIGHT="36"
                          WIDTH="92"
                          VPOS="1232"
                          HPOS="1036"
                          CONTENT="vult"/>
                  <SP HEIGHT="36" WIDTH="12" VPOS="1232" HPOS="1128"/>
                  <String HEIGHT="36"
                          WIDTH="104"
                          VPOS="1232"
                          HPOS="1093"
                          CONTENT="ipsum"/>
                  <SP HEIGHT="36" WIDTH="12" VPOS="1232" HPOS="1197"/>
                  <String HEIGHT="36"
                          WIDTH="92"
                          VPOS="1232"
                          HPOS="1163"
                          CONTENT="esse"/>
                  <SP HEIGHT="36" WIDTH="12" VPOS="1232" HPOS="1255"/>
                  <String HEIGHT="36" WIDTH="69" VPOS="1232" HPOS="1220" CONTENT="ne"/>
                  <SP HEIGHT="36" WIDTH="12" VPOS="1232" HPOS="1289"/>
                  <String HEIGHT="36"
                          WIDTH="115"
                          VPOS="1232"
                          HPOS="1255"
                          CONTENT="aliter"/>
                  <SP HEIGHT="36" WIDTH="12" VPOS="1232" HPOS="1370"/>
                  <String HEIGHT="36"
                          WIDTH="92"
                          VPOS="1232"
                          HPOS="1336"
                          CONTENT="quam"/>
                  <SP HEIGHT="36" WIDTH="12" VPOS="1232" HPOS="1428"/>
                  <String HEIGHT="36"
                          WIDTH="69"
                          VPOS="1232"
                          HPOS="1382"
                          CONTENT="vult"/>
               </TextLine>
               <TextLine ID="r2l76"
                         BASELINE="1291"
                         HEIGHT="32"
                         WIDTH="552"
                         VPOS="1259"
                         HPOS="853">
                  <String HEIGHT="32" WIDTH="81" VPOS="1259" HPOS="842" CONTENT="quo"/>
                  <SP HEIGHT="32" WIDTH="12" VPOS="1259" HPOS="922"/>
                  <String HEIGHT="32" WIDTH="69" VPOS="1259" HPOS="888" CONTENT="ad"/>
                  <SP HEIGHT="32" WIDTH="12" VPOS="1259" HPOS="957"/>
                  <String HEIGHT="32" WIDTH="81" VPOS="1259" HPOS="922" CONTENT="hoc"/>
                  <SP HEIGHT="32" WIDTH="12" VPOS="1259" HPOS="1003"/>
                  <String HEIGHT="32"
                          WIDTH="92"
                          VPOS="1259"
                          HPOS="968"
                          CONTENT="quod"/>
                  <SP HEIGHT="32" WIDTH="12" VPOS="1259" HPOS="1060"/>
                  <String HEIGHT="32"
                          WIDTH="104"
                          VPOS="1259"
                          HPOS="1026"
                          CONTENT="velit"/>
                  <SP HEIGHT="32" WIDTH="12" VPOS="1259" HPOS="1129"/>
                  <String HEIGHT="32"
                          WIDTH="104"
                          VPOS="1259"
                          HPOS="1095"
                          CONTENT="ipsum"/>
                  <SP HEIGHT="32" WIDTH="12" VPOS="1259" HPOS="1198"/>
                  <String HEIGHT="32"
                          WIDTH="92"
                          VPOS="1259"
                          HPOS="1164"
                          CONTENT="esse"/>
                  <SP HEIGHT="32" WIDTH="12" VPOS="1259" HPOS="1256"/>
                  <String HEIGHT="32"
                          WIDTH="115"
                          VPOS="1259"
                          HPOS="1221"
                          CONTENT="quando"/>
                  <SP HEIGHT="32" WIDTH="12" VPOS="1259" HPOS="1336"/>
                  <String HEIGHT="32"
                          WIDTH="115"
                          VPOS="1259"
                          HPOS="1290"
                          CONTENT="eliciet."/>
               </TextLine>
               <TextLine ID="r2l78"
                         BASELINE="1316"
                         HEIGHT="31"
                         WIDTH="568"
                         VPOS="1285"
                         HPOS="872">
                  <String HEIGHT="31" WIDTH="54" VPOS="1285" HPOS="861" CONTENT="⁋"/>
                  <SP HEIGHT="31" WIDTH="11" VPOS="1285" HPOS="915"/>
                  <String HEIGHT="31" WIDTH="64" VPOS="1285" HPOS="883" CONTENT="Ad"/>
                  <SP HEIGHT="31" WIDTH="11" VPOS="1285" HPOS="947"/>
                  <String HEIGHT="31"
                          WIDTH="118"
                          VPOS="1285"
                          HPOS="915"
                          CONTENT="tertium"/>
                  <SP HEIGHT="31" WIDTH="11" VPOS="1285" HPOS="1033"/>
                  <String HEIGHT="31"
                          WIDTH="129"
                          VPOS="1285"
                          HPOS="1001"
                          CONTENT="dicendum"/>
                  <SP HEIGHT="31" WIDTH="11" VPOS="1285" HPOS="1129"/>
                  <String HEIGHT="31"
                          WIDTH="86"
                          VPOS="1285"
                          HPOS="1097"
                          CONTENT="quod"/>
                  <SP HEIGHT="31" WIDTH="11" VPOS="1285" HPOS="1183"/>
                  <String HEIGHT="31"
                          WIDTH="150"
                          VPOS="1285"
                          HPOS="1151"
                          CONTENT="consequens"/>
                  <SP HEIGHT="31" WIDTH="11" VPOS="1285" HPOS="1301"/>
                  <String HEIGHT="31"
                          WIDTH="118"
                          VPOS="1285"
                          HPOS="1269"
                          CONTENT="illatum"/>
                  <SP HEIGHT="31" WIDTH="11" VPOS="1285" HPOS="1386"/>
                  <String HEIGHT="31"
                          WIDTH="75"
                          VPOS="1285"
                          HPOS="1354"
                          CONTENT="est"/>
                  <SP HEIGHT="31" WIDTH="11" VPOS="1285" HPOS="1429"/>
                  <String HEIGHT="31"
                          WIDTH="54"
                          VPOS="1285"
                          HPOS="1386"
                          CONTENT="ve"
                          SUBS_TYPE="HypPart1"
                          SUBS_CONTENT="verum"/>
                  <HYP CONTENT="-"/>
               </TextLine>
               <TextLine ID="r2l80"
                         BASELINE="1346"
                         HEIGHT="30"
                         WIDTH="591"
                         VPOS="1316"
                         HPOS="847">
                  <String HEIGHT="30"
                          WIDTH="71"
                          VPOS="1316"
                          HPOS="837"
                          CONTENT="rum"
                          SUBS_TYPE="HypPart2"
                          SUBS_CONTENT="verum"/>
                  <SP HEIGHT="30" WIDTH="10" VPOS="1316" HPOS="908"/>
                  <String HEIGHT="30" WIDTH="61" VPOS="1316" HPOS="878" CONTENT="de"/>
                  <SP HEIGHT="30" WIDTH="10" VPOS="1316" HPOS="939"/>
                  <String HEIGHT="30"
                          WIDTH="122"
                          VPOS="1316"
                          HPOS="908"
                          CONTENT="damnatis"/>
                  <SP HEIGHT="30" WIDTH="10" VPOS="1316" HPOS="1030"/>
                  <String HEIGHT="30"
                          WIDTH="71"
                          VPOS="1316"
                          HPOS="1000"
                          CONTENT="qui"/>
                  <SP HEIGHT="30" WIDTH="10" VPOS="1316" HPOS="1071"/>
                  <String HEIGHT="30"
                          WIDTH="102"
                          VPOS="1316"
                          HPOS="1041"
                          CONTENT="sciunt"/>
                  <SP HEIGHT="30" WIDTH="10" VPOS="1316" HPOS="1143"/>
                  <String HEIGHT="30"
                          WIDTH="82"
                          VPOS="1316"
                          HPOS="1112"
                          CONTENT="deum"/>
                  <SP HEIGHT="30" WIDTH="10" VPOS="1316" HPOS="1193"/>
                  <String HEIGHT="30"
                          WIDTH="71"
                          VPOS="1316"
                          HPOS="1163"
                          CONTENT="non"/>
                  <SP HEIGHT="30" WIDTH="10" VPOS="1316" HPOS="1234"/>
                  <String HEIGHT="30"
                          WIDTH="82"
                          VPOS="1316"
                          HPOS="1204"
                          CONTENT="esse"/>
                  <SP HEIGHT="30" WIDTH="10" VPOS="1316" HPOS="1285"/>
                  <String HEIGHT="30"
                          WIDTH="122"
                          VPOS="1316"
                          HPOS="1255"
                          CONTENT="odiendum"/>
                  <SP HEIGHT="30" WIDTH="10" VPOS="1316" HPOS="1377"/>
                  <String HEIGHT="30" WIDTH="61" VPOS="1316" HPOS="1346" CONTENT="et"/>
                  <SP HEIGHT="30" WIDTH="10" VPOS="1316" HPOS="1407"/>
                  <String HEIGHT="30"
                          WIDTH="71"
                          VPOS="1316"
                          HPOS="1367"
                          CONTENT="tamen"/>
               </TextLine>
               <TextLine ID="r2l82"
                         BASELINE="1378"
                         HEIGHT="34"
                         WIDTH="604"
                         VPOS="1344"
                         HPOS="845">
                  <String HEIGHT="34" WIDTH="71" VPOS="1344" HPOS="833" CONTENT="ab"/>
                  <SP HEIGHT="34" WIDTH="12" VPOS="1344" HPOS="904"/>
                  <String HEIGHT="34"
                          WIDTH="95"
                          VPOS="1344"
                          HPOS="869"
                          CONTENT="eius"/>
                  <SP HEIGHT="34" WIDTH="12" VPOS="1344" HPOS="963"/>
                  <String HEIGHT="34"
                          WIDTH="95"
                          VPOS="1344"
                          HPOS="928"
                          CONTENT="odio"/>
                  <SP HEIGHT="34" WIDTH="12" VPOS="1344" HPOS="1023"/>
                  <String HEIGHT="34"
                          WIDTH="130"
                          VPOS="1344"
                          HPOS="987"
                          CONTENT="cessare"/>
                  <SP HEIGHT="34" WIDTH="12" VPOS="1344" HPOS="1117"/>
                  <String HEIGHT="34"
                          WIDTH="83"
                          VPOS="1344"
                          HPOS="1082"
                          CONTENT="non"/>
                  <SP HEIGHT="34" WIDTH="12" VPOS="1344" HPOS="1165"/>
                  <String HEIGHT="34"
                          WIDTH="130"
                          VPOS="1344"
                          HPOS="1129"
                          CONTENT="possunt"/>
                  <SP HEIGHT="34" WIDTH="12" VPOS="1344" HPOS="1260"/>
                  <String HEIGHT="34" WIDTH="71" VPOS="1344" HPOS="1224" CONTENT="oe"/>
                  <SP HEIGHT="34" WIDTH="12" VPOS="1344" HPOS="1295"/>
                  <String HEIGHT="34"
                          WIDTH="154"
                          VPOS="1344"
                          HPOS="1260"
                          CONTENT="voluntate"/>
                  <SP HEIGHT="34" WIDTH="12" VPOS="1344" HPOS="1413"/>
                  <String HEIGHT="34"
                          WIDTH="83"
                          VPOS="1344"
                          HPOS="1366"
                          CONTENT="tamen"/>
               </TextLine>
               <TextLine ID="r2l84"
                         BASELINE="1407"
                         HEIGHT="33"
                         WIDTH="599"
                         VPOS="1374"
                         HPOS="851">
                  <String HEIGHT="33"
                          WIDTH="141"
                          VPOS="1374"
                          HPOS="839"
                          CONTENT="viatoris"/>
                  <SP HEIGHT="33" WIDTH="12" VPOS="1374" HPOS="980"/>
                  <String HEIGHT="33" WIDTH="82" VPOS="1374" HPOS="945" CONTENT="non"/>
                  <SP HEIGHT="33" WIDTH="12" VPOS="1374" HPOS="1027"/>
                  <String HEIGHT="33" WIDTH="82" VPOS="1374" HPOS="992" CONTENT="est"/>
                  <SP HEIGHT="33" WIDTH="12" VPOS="1374" HPOS="1074"/>
                  <String HEIGHT="33"
                          WIDTH="82"
                          VPOS="1374"
                          HPOS="1039"
                          CONTENT="hoc"/>
                  <SP HEIGHT="33" WIDTH="12" VPOS="1374" HPOS="1121"/>
                  <String HEIGHT="33"
                          WIDTH="141"
                          VPOS="1374"
                          HPOS="1086"
                          CONTENT="absolute"/>
                  <SP HEIGHT="33" WIDTH="12" VPOS="1374" HPOS="1227"/>
                  <String HEIGHT="33"
                          WIDTH="176"
                          VPOS="1374"
                          HPOS="1192"
                          CONTENT="concedendum"/>
                  <SP HEIGHT="33" WIDTH="12" VPOS="1374" HPOS="1368"/>
                  <String HEIGHT="33" WIDTH="59" VPOS="1374" HPOS="1333" CONTENT="⁋"/>
                  <SP HEIGHT="33" WIDTH="12" VPOS="1374" HPOS="1391"/>
                  <String HEIGHT="33" WIDTH="70" VPOS="1374" HPOS="1356" CONTENT="Et"/>
                  <SP HEIGHT="33" WIDTH="12" VPOS="1374" HPOS="1427"/>
                  <String HEIGHT="33"
                          WIDTH="70"
                          VPOS="1374"
                          HPOS="1380"
                          CONTENT="tunc"/>
               </TextLine>
               <TextLine ID="r2l86"
                         BASELINE="1434"
                         HEIGHT="38"
                         WIDTH="592"
                         VPOS="1396"
                         HPOS="846">
                  <String HEIGHT="38"
                          WIDTH="95"
                          VPOS="1396"
                          HPOS="835"
                          CONTENT="vltra"/>
                  <SP HEIGHT="38" WIDTH="11" VPOS="1396" HPOS="931"/>
                  <String HEIGHT="38"
                          WIDTH="116"
                          VPOS="1396"
                          HPOS="899"
                          CONTENT="dicitur"/>
                  <SP HEIGHT="38" WIDTH="11" VPOS="1396" HPOS="1015"/>
                  <String HEIGHT="38"
                          WIDTH="85"
                          VPOS="1396"
                          HPOS="983"
                          CONTENT="quod"/>
                  <SP HEIGHT="38" WIDTH="11" VPOS="1396" HPOS="1068"/>
                  <String HEIGHT="38"
                          WIDTH="85"
                          VPOS="1396"
                          HPOS="1036"
                          CONTENT="ante"/>
                  <SP HEIGHT="38" WIDTH="11" VPOS="1396" HPOS="1121"/>
                  <String HEIGHT="38"
                          WIDTH="95"
                          VPOS="1396"
                          HPOS="1089"
                          CONTENT="finem"/>
                  <SP HEIGHT="38" WIDTH="11" VPOS="1396" HPOS="1184"/>
                  <String HEIGHT="38"
                          WIDTH="95"
                          VPOS="1396"
                          HPOS="1153"
                          CONTENT="talis"/>
                  <SP HEIGHT="38" WIDTH="11" VPOS="1396" HPOS="1248"/>
                  <String HEIGHT="38"
                          WIDTH="127"
                          VPOS="1396"
                          HPOS="1216"
                          CONTENT="temporis"/>
                  <SP HEIGHT="38" WIDTH="11" VPOS="1396" HPOS="1343"/>
                  <String HEIGHT="38"
                          WIDTH="137"
                          VPOS="1396"
                          HPOS="1301"
                          CONTENT="intellectus"/>
               </TextLine>
               <TextLine ID="r2l88"
                         BASELINE="1460"
                         HEIGHT="32"
                         WIDTH="600"
                         VPOS="1428"
                         HPOS="846">
                  <String HEIGHT="32" WIDTH="84" VPOS="1428" HPOS="834" CONTENT="non"/>
                  <SP HEIGHT="32" WIDTH="12" VPOS="1428" HPOS="918"/>
                  <String HEIGHT="32"
                          WIDTH="120"
                          VPOS="1428"
                          HPOS="882"
                          CONTENT="potest"/>
                  <SP HEIGHT="32" WIDTH="12" VPOS="1428" HPOS="1002"/>
                  <String HEIGHT="32"
                          WIDTH="120"
                          VPOS="1428"
                          HPOS="966"
                          CONTENT="habere"/>
                  <SP HEIGHT="32" WIDTH="12" VPOS="1428" HPOS="1086"/>
                  <String HEIGHT="32"
                          WIDTH="96"
                          VPOS="1428"
                          HPOS="1050"
                          CONTENT="tale"/>
                  <SP HEIGHT="32" WIDTH="12" VPOS="1428" HPOS="1146"/>
                  <String HEIGHT="32"
                          WIDTH="144"
                          VPOS="1428"
                          HPOS="1110"
                          CONTENT="iudicium"/>
                  <SP HEIGHT="32" WIDTH="12" VPOS="1428" HPOS="1254"/>
                  <String HEIGHT="32"
                          WIDTH="96"
                          VPOS="1428"
                          HPOS="1218"
                          CONTENT="nisi"/>
                  <SP HEIGHT="32" WIDTH="12" VPOS="1428" HPOS="1314"/>
                  <String HEIGHT="32"
                          WIDTH="96"
                          VPOS="1428"
                          HPOS="1278"
                          CONTENT="sibi"/>
                  <SP HEIGHT="32" WIDTH="12" VPOS="1428" HPOS="1374"/>
                  <String HEIGHT="32" WIDTH="60" VPOS="1428" HPOS="1338" CONTENT="a"/>
                  <SP HEIGHT="32" WIDTH="12" VPOS="1428" HPOS="1398"/>
                  <String HEIGHT="32"
                          WIDTH="84"
                          VPOS="1428"
                          HPOS="1362"
                          CONTENT="deo"/>
                  <SP HEIGHT="32" WIDTH="12" VPOS="1428" HPOS="1446"/>
                  <String HEIGHT="32" WIDTH="48" VPOS="1428" HPOS="1398" CONTENT="im"/>
               </TextLine>
               <TextLine ID="r2l90"
                         BASELINE="1493"
                         HEIGHT="34"
                         WIDTH="598"
                         VPOS="1459"
                         HPOS="848">
                  <String HEIGHT="34"
                          WIDTH="171"
                          VPOS="1459"
                          HPOS="836"
                          CONTENT="mitteretur"/>
                  <SP HEIGHT="34" WIDTH="12" VPOS="1459" HPOS="1007"/>
                  <String HEIGHT="34" WIDTH="85" VPOS="1459" HPOS="970" CONTENT="vel"/>
                  <SP HEIGHT="34" WIDTH="12" VPOS="1459" HPOS="1055"/>
                  <String HEIGHT="34" WIDTH="73" VPOS="1459" HPOS="1019" CONTENT="ab"/>
                  <SP HEIGHT="34" WIDTH="12" VPOS="1459" HPOS="1092"/>
                  <String HEIGHT="34"
                          WIDTH="171"
                          VPOS="1459"
                          HPOS="1055"
                          CONTENT="extrinseco"/>
                  <SP HEIGHT="34" WIDTH="12" VPOS="1459" HPOS="1226"/>
                  <String HEIGHT="34"
                          WIDTH="171"
                          VPOS="1459"
                          HPOS="1190"
                          CONTENT="proueniret"/>
                  <SP HEIGHT="34" WIDTH="12" VPOS="1459" HPOS="1361"/>
                  <String HEIGHT="34" WIDTH="73" VPOS="1459" HPOS="1324" CONTENT="et"/>
                  <SP HEIGHT="34" WIDTH="12" VPOS="1459" HPOS="1397"/>
                  <String HEIGHT="34" WIDTH="73" VPOS="1459" HPOS="1361" CONTENT="in"/>
                  <SP HEIGHT="34" WIDTH="12" VPOS="1459" HPOS="1434"/>
                  <String HEIGHT="34"
                          WIDTH="61"
                          VPOS="1459"
                          HPOS="1385"
                          CONTENT="ta"
                          SUBS_TYPE="HypPart1"
                          SUBS_CONTENT="tali"/>
                  <HYP CONTENT="-"/>
               </TextLine>
               <TextLine ID="r2l92"
                         BASELINE="1518"
                         HEIGHT="34"
                         WIDTH="594"
                         VPOS="1484"
                         HPOS="846">
                  <String HEIGHT="34"
                          WIDTH="63"
                          VPOS="1484"
                          HPOS="836"
                          CONTENT="li"
                          SUBS_TYPE="HypPart2"
                          SUBS_CONTENT="tali"/>
                  <SP HEIGHT="34" WIDTH="10" VPOS="1484" HPOS="898"/>
                  <String HEIGHT="34"
                          WIDTH="83"
                          VPOS="1484"
                          HPOS="867"
                          CONTENT="casu"/>
                  <SP HEIGHT="34" WIDTH="10" VPOS="1484" HPOS="950"/>
                  <String HEIGHT="34"
                          WIDTH="115"
                          VPOS="1484"
                          HPOS="919"
                          CONTENT="poterit"/>
                  <SP HEIGHT="34" WIDTH="10" VPOS="1484" HPOS="1034"/>
                  <String HEIGHT="34" WIDTH="63" VPOS="1484" HPOS="1002" CONTENT="ab"/>
                  <SP HEIGHT="34" WIDTH="10" VPOS="1484" HPOS="1065"/>
                  <String HEIGHT="34"
                          WIDTH="83"
                          VPOS="1484"
                          HPOS="1034"
                          CONTENT="actu"/>
                  <SP HEIGHT="34" WIDTH="10" VPOS="1484" HPOS="1117"/>
                  <String HEIGHT="34"
                          WIDTH="115"
                          VPOS="1484"
                          HPOS="1086"
                          CONTENT="volendi"/>
                  <SP HEIGHT="34" WIDTH="10" VPOS="1484" HPOS="1200"/>
                  <String HEIGHT="34"
                          WIDTH="115"
                          VPOS="1484"
                          HPOS="1169"
                          CONTENT="cessare"/>
                  <SP HEIGHT="34" WIDTH="10" VPOS="1484" HPOS="1284"/>
                  <String HEIGHT="34"
                          WIDTH="94"
                          VPOS="1484"
                          HPOS="1252"
                          CONTENT="infra"/>
                  <SP HEIGHT="34" WIDTH="10" VPOS="1484" HPOS="1346"/>
                  <String HEIGHT="34"
                          WIDTH="115"
                          VPOS="1484"
                          HPOS="1315"
                          CONTENT="tempous"/>
                  <SP HEIGHT="34" WIDTH="10" VPOS="1484" HPOS="1430"/>
                  <String HEIGHT="34"
                          WIDTH="52"
                          VPOS="1484"
                          HPOS="1388"
                          CONTENT="da"
                          SUBS_TYPE="HypPart1"
                          SUBS_CONTENT="datum"/>
                  <HYP CONTENT="-"/>
               </TextLine>
               <TextLine ID="r2l94"
                         BASELINE="1545"
                         HEIGHT="30"
                         WIDTH="589"
                         VPOS="1515"
                         HPOS="849">
                  <String HEIGHT="30"
                          WIDTH="71"
                          VPOS="1515"
                          HPOS="839"
                          CONTENT="tum"
                          SUBS_TYPE="HypPart2"
                          SUBS_CONTENT="datum"/>
                  <SP HEIGHT="30" WIDTH="10" VPOS="1515" HPOS="910"/>
                  <String HEIGHT="30"
                          WIDTH="91"
                          VPOS="1515"
                          HPOS="879"
                          CONTENT="infra"/>
                  <SP HEIGHT="30" WIDTH="10" VPOS="1515" HPOS="971"/>
                  <String HEIGHT="30"
                          WIDTH="81"
                          VPOS="1515"
                          HPOS="940"
                          CONTENT="quod"/>
                  <SP HEIGHT="30" WIDTH="10" VPOS="1515" HPOS="1022"/>
                  <String HEIGHT="30" WIDTH="71" VPOS="1515" HPOS="991" CONTENT="non"/>
                  <SP HEIGHT="30" WIDTH="10" VPOS="1515" HPOS="1062"/>
                  <String HEIGHT="30"
                          WIDTH="102"
                          VPOS="1515"
                          HPOS="1032"
                          CONTENT="potest"/>
                  <SP HEIGHT="30" WIDTH="10" VPOS="1515" HPOS="1133"/>
                  <String HEIGHT="30" WIDTH="61" VPOS="1515" HPOS="1103" CONTENT="si"/>
                  <SP HEIGHT="30" WIDTH="10" VPOS="1515" HPOS="1164"/>
                  <String HEIGHT="30"
                          WIDTH="112"
                          VPOS="1515"
                          HPOS="1133"
                          CONTENT="precise"/>
                  <SP HEIGHT="30" WIDTH="10" VPOS="1515" HPOS="1245"/>
                  <String HEIGHT="30"
                          WIDTH="142"
                          VPOS="1515"
                          HPOS="1215"
                          CONTENT="mansissent"/>
                  <SP HEIGHT="30" WIDTH="10" VPOS="1515" HPOS="1357"/>
                  <String HEIGHT="30"
                          WIDTH="91"
                          VPOS="1515"
                          HPOS="1326"
                          CONTENT="omnes"/>
                  <SP HEIGHT="30" WIDTH="10" VPOS="1515" HPOS="1418"/>
                  <String HEIGHT="30"
                          WIDTH="61"
                          VPOS="1515"
                          HPOS="1377"
                          CONTENT="prio"/>
               </TextLine>
               <TextLine ID="r2l96"
                         BASELINE="1575"
                         HEIGHT="33"
                         WIDTH="591"
                         VPOS="1542"
                         HPOS="847">
                  <String HEIGHT="33" WIDTH="88" VPOS="1542" HPOS="834" CONTENT="res"/>
                  <SP HEIGHT="33" WIDTH="13" VPOS="1542" HPOS="922"/>
                  <String HEIGHT="33"
                          WIDTH="214"
                          VPOS="1542"
                          HPOS="885"
                          CONTENT="dispositiones"/>
                  <SP HEIGHT="33" WIDTH="13" VPOS="1542" HPOS="1098"/>
                  <String HEIGHT="33"
                          WIDTH="126"
                          VPOS="1542"
                          HPOS="1061"
                          CONTENT="preter"/>
                  <SP HEIGHT="33" WIDTH="13" VPOS="1542" HPOS="1187"/>
                  <String HEIGHT="33"
                          WIDTH="138"
                          VPOS="1542"
                          HPOS="1149"
                          CONTENT="tempus."/>
                  <SP HEIGHT="33" WIDTH="13" VPOS="1542" HPOS="1287"/>
                  <String HEIGHT="33" WIDTH="63" VPOS="1542" HPOS="1249" CONTENT="⁋"/>
                  <SP HEIGHT="33" WIDTH="13" VPOS="1542" HPOS="1312"/>
                  <String HEIGHT="33" WIDTH="75" VPOS="1542" HPOS="1275" CONTENT="Si"/>
                  <SP HEIGHT="33" WIDTH="13" VPOS="1542" HPOS="1350"/>
                  <String HEIGHT="33"
                          WIDTH="113"
                          VPOS="1542"
                          HPOS="1312"
                          CONTENT="autem"/>
                  <SP HEIGHT="33" WIDTH="13" VPOS="1542" HPOS="1425"/>
                  <String HEIGHT="33"
                          WIDTH="63"
                          VPOS="1542"
                          HPOS="1375"
                          CONTENT="di"
                          SUBS_TYPE="HypPart1"
                          SUBS_CONTENT="dicatur"/>
                  <HYP CONTENT="-"/>
               </TextLine>
               <TextLine ID="r2l98"
                         BASELINE="1608"
                         HEIGHT="38"
                         WIDTH="603"
                         VPOS="1570"
                         HPOS="844">
                  <String HEIGHT="38"
                          WIDTH="99"
                          VPOS="1570"
                          HPOS="833"
                          CONTENT="catur"
                          SUBS_TYPE="HypPart2"
                          SUBS_CONTENT="dicatur"/>
                  <SP HEIGHT="38" WIDTH="11" VPOS="1570" HPOS="932"/>
                  <String HEIGHT="38"
                          WIDTH="88"
                          VPOS="1570"
                          HPOS="899"
                          CONTENT="quod"/>
                  <SP HEIGHT="38" WIDTH="11" VPOS="1570" HPOS="987"/>
                  <String HEIGHT="38"
                          WIDTH="164"
                          VPOS="1570"
                          HPOS="954"
                          CONTENT="intellectus"/>
                  <SP HEIGHT="38" WIDTH="11" VPOS="1570" HPOS="1118"/>
                  <String HEIGHT="38"
                          WIDTH="110"
                          VPOS="1570"
                          HPOS="1085"
                          CONTENT="habuit"/>
                  <SP HEIGHT="38" WIDTH="11" VPOS="1570" HPOS="1195"/>
                  <String HEIGHT="38"
                          WIDTH="88"
                          VPOS="1570"
                          HPOS="1162"
                          CONTENT="tale"/>
                  <SP HEIGHT="38" WIDTH="11" VPOS="1570" HPOS="1250"/>
                  <String HEIGHT="38"
                          WIDTH="132"
                          VPOS="1570"
                          HPOS="1217"
                          CONTENT="iilicium"/>
                  <SP HEIGHT="38" WIDTH="11" VPOS="1570" HPOS="1348"/>
                  <String HEIGHT="38" WIDTH="55" VPOS="1570" HPOS="1315" CONTENT="a"/>
                  <SP HEIGHT="38" WIDTH="11" VPOS="1570" HPOS="1370"/>
                  <String HEIGHT="38"
                          WIDTH="121"
                          VPOS="1570"
                          HPOS="1326"
                          CONTENT="principio"/>
               </TextLine>
               <TextLine ID="r2l100"
                         BASELINE="1634"
                         HEIGHT="36"
                         WIDTH="596"
                         VPOS="1598"
                         HPOS="844">
                  <String HEIGHT="36"
                          WIDTH="119"
                          VPOS="1598"
                          HPOS="832"
                          CONTENT="illius"/>
                  <SP HEIGHT="36" WIDTH="12" VPOS="1598" HPOS="951"/>
                  <String HEIGHT="36"
                          WIDTH="167"
                          VPOS="1598"
                          HPOS="916"
                          CONTENT="electionis"/>
                  <SP HEIGHT="36" WIDTH="12" VPOS="1598" HPOS="1082"/>
                  <String HEIGHT="36"
                          WIDTH="119"
                          VPOS="1598"
                          HPOS="1047"
                          CONTENT="illius"/>
                  <SP HEIGHT="36" WIDTH="12" VPOS="1598" HPOS="1166"/>
                  <String HEIGHT="36"
                          WIDTH="107"
                          VPOS="1598"
                          HPOS="1130"
                          CONTENT="actus"/>
                  <SP HEIGHT="36" WIDTH="12" VPOS="1598" HPOS="1237"/>
                  <String HEIGHT="36" WIDTH="72" VPOS="1598" HPOS="1202" CONTENT="de"/>
                  <SP HEIGHT="36" WIDTH="12" VPOS="1598" HPOS="1273"/>
                  <String HEIGHT="36"
                          WIDTH="83"
                          VPOS="1598"
                          HPOS="1237"
                          CONTENT="quo"/>
                  <SP HEIGHT="36" WIDTH="12" VPOS="1598" HPOS="1321"/>
                  <String HEIGHT="36"
                          WIDTH="95"
                          VPOS="1598"
                          HPOS="1285"
                          CONTENT="nunc"/>
                  <SP HEIGHT="36" WIDTH="12" VPOS="1598" HPOS="1380"/>
                  <String HEIGHT="36"
                          WIDTH="83"
                          VPOS="1598"
                          HPOS="1345"
                          CONTENT="est"/>
                  <SP HEIGHT="36" WIDTH="12" VPOS="1598" HPOS="1428"/>
                  <String HEIGHT="36"
                          WIDTH="60"
                          VPOS="1598"
                          HPOS="1380"
                          CONTENT="ser"/>
               </TextLine>
               <TextLine ID="r2l102"
                         BASELINE="1658"
                         HEIGHT="34"
                         WIDTH="588"
                         VPOS="1624"
                         HPOS="851">
                  <String HEIGHT="34" WIDTH="75" VPOS="1624" HPOS="838" CONTENT="mo"/>
                  <SP HEIGHT="34" WIDTH="13" VPOS="1624" HPOS="914"/>
                  <String HEIGHT="34"
                          WIDTH="100"
                          VPOS="1624"
                          HPOS="876"
                          CONTENT="tunc"/>
                  <SP HEIGHT="34" WIDTH="13" VPOS="1624" HPOS="976"/>
                  <String HEIGHT="34"
                          WIDTH="125"
                          VPOS="1624"
                          HPOS="939"
                          CONTENT="tempus"/>
                  <SP HEIGHT="34" WIDTH="13" VPOS="1624" HPOS="1064"/>
                  <String HEIGHT="34"
                          WIDTH="113"
                          VPOS="1624"
                          HPOS="1026"
                          CONTENT="minus"/>
                  <SP HEIGHT="34" WIDTH="13" VPOS="1624" HPOS="1139"/>
                  <String HEIGHT="34"
                          WIDTH="138"
                          VPOS="1624"
                          HPOS="1101"
                          CONTENT="tempore"/>
                  <SP HEIGHT="34" WIDTH="13" VPOS="1624" HPOS="1239"/>
                  <String HEIGHT="34"
                          WIDTH="100"
                          VPOS="1624"
                          HPOS="1201"
                          CONTENT="dato"/>
                  <SP HEIGHT="34" WIDTH="13" VPOS="1624" HPOS="1301"/>
                  <String HEIGHT="34"
                          WIDTH="113"
                          VPOS="1624"
                          HPOS="1264"
                          CONTENT="esset"/>
                  <SP HEIGHT="34" WIDTH="13" VPOS="1624" HPOS="1376"/>
                  <String HEIGHT="34" WIDTH="75" VPOS="1624" HPOS="1339" CONTENT="ab"/>
                  <SP HEIGHT="34" WIDTH="13" VPOS="1624" HPOS="1414"/>
                  <String HEIGHT="34"
                          WIDTH="75"
                          VPOS="1624"
                          HPOS="1364"
                          CONTENT="ipso"/>
               </TextLine>
               <TextLine ID="r2l104"
                         BASELINE="1690"
                         HEIGHT="37"
                         WIDTH="588"
                         VPOS="1653"
                         HPOS="848">
                  <String HEIGHT="37"
                          WIDTH="196"
                          VPOS="1653"
                          HPOS="836"
                          CONTENT="perceptibile"/>
                  <SP HEIGHT="37" WIDTH="12" VPOS="1653" HPOS="1032"/>
                  <String HEIGHT="37"
                          WIDTH="147"
                          VPOS="1653"
                          HPOS="995"
                          CONTENT="secundum"/>
                  <SP HEIGHT="37" WIDTH="12" VPOS="1653" HPOS="1142"/>
                  <String HEIGHT="37"
                          WIDTH="208"
                          VPOS="1653"
                          HPOS="1105"
                          CONTENT="dispositiones"/>
                  <SP HEIGHT="37" WIDTH="12" VPOS="1653" HPOS="1314"/>
                  <String HEIGHT="37"
                          WIDTH="98"
                          VPOS="1653"
                          HPOS="1277"
                          CONTENT="tunc"/>
                  <SP HEIGHT="37" WIDTH="12" VPOS="1653" HPOS="1375"/>
                  <String HEIGHT="37"
                          WIDTH="110"
                          VPOS="1653"
                          HPOS="1326"
                          CONTENT="habitas"/>
               </TextLine>
               <TextLine ID="r2l106"
                         BASELINE="1722"
                         HEIGHT="34"
                         WIDTH="598"
                         VPOS="1688"
                         HPOS="840">
                  <String HEIGHT="34"
                          WIDTH="104"
                          VPOS="1688"
                          HPOS="827"
                          CONTENT="quod"/>
                  <SP HEIGHT="34" WIDTH="13" VPOS="1688" HPOS="931"/>
                  <String HEIGHT="34" WIDTH="91" VPOS="1688" HPOS="892" CONTENT="est"/>
                  <SP HEIGHT="34" WIDTH="13" VPOS="1688" HPOS="983"/>
                  <String HEIGHT="34"
                          WIDTH="130"
                          VPOS="1688"
                          HPOS="944"
                          CONTENT="contra"/>
                  <SP HEIGHT="34" WIDTH="13" VPOS="1688" HPOS="1074"/>
                  <String HEIGHT="34"
                          WIDTH="156"
                          VPOS="1688"
                          HPOS="1035"
                          CONTENT="superius"/>
                  <SP HEIGHT="34" WIDTH="13" VPOS="1688" HPOS="1191"/>
                  <String HEIGHT="34"
                          WIDTH="143"
                          VPOS="1688"
                          HPOS="1152"
                          CONTENT="probata"/>
                  <SP HEIGHT="34" WIDTH="13" VPOS="1688" HPOS="1295"/>
                  <String HEIGHT="34" WIDTH="78" VPOS="1688" HPOS="1256" CONTENT="et"/>
                  <SP HEIGHT="34" WIDTH="13" VPOS="1688" HPOS="1334"/>
                  <String HEIGHT="34"
                          WIDTH="91"
                          VPOS="1688"
                          HPOS="1295"
                          CONTENT="hic"/>
                  <SP HEIGHT="34" WIDTH="13" VPOS="1688" HPOS="1386"/>
                  <String HEIGHT="34"
                          WIDTH="104"
                          VPOS="1688"
                          HPOS="1334"
                          CONTENT="suppo"
                          SUBS_TYPE="HypPart1"
                          SUBS_CONTENT="supposita."/>
                  <HYP CONTENT="-"/>
               </TextLine>
               <TextLine ID="r2l108"
                         BASELINE="1753"
                         HEIGHT="41"
                         WIDTH="598"
                         VPOS="1712"
                         HPOS="841">
                  <String HEIGHT="41"
                          WIDTH="108"
                          VPOS="1712"
                          HPOS="829"
                          CONTENT="sita."
                          SUBS_TYPE="HypPart2"
                          SUBS_CONTENT="supposita."/>
                  <SP HEIGHT="41" WIDTH="12" VPOS="1712" HPOS="937"/>
                  <String HEIGHT="41" WIDTH="60" VPOS="1712" HPOS="901" CONTENT="⁋"/>
                  <SP HEIGHT="41" WIDTH="12" VPOS="1712" HPOS="961"/>
                  <String HEIGHT="41" WIDTH="72" VPOS="1712" HPOS="925" CONTENT="Ad"/>
                  <SP HEIGHT="41" WIDTH="12" VPOS="1712" HPOS="996"/>
                  <String HEIGHT="41"
                          WIDTH="132"
                          VPOS="1712"
                          HPOS="961"
                          CONTENT="quartum"/>
                  <SP HEIGHT="41" WIDTH="12" VPOS="1712" HPOS="1092"/>
                  <String HEIGHT="41"
                          WIDTH="132"
                          VPOS="1712"
                          HPOS="1056"
                          CONTENT="concedo"/>
                  <SP HEIGHT="41" WIDTH="12" VPOS="1712" HPOS="1188"/>
                  <String HEIGHT="41"
                          WIDTH="96"
                          VPOS="1712"
                          HPOS="1152"
                          CONTENT="quod"/>
                  <SP HEIGHT="41" WIDTH="12" VPOS="1712" HPOS="1248"/>
                  <String HEIGHT="41"
                          WIDTH="108"
                          VPOS="1712"
                          HPOS="1212"
                          CONTENT="infra"/>
                  <SP HEIGHT="41" WIDTH="12" VPOS="1712" HPOS="1319"/>
                  <String HEIGHT="41"
                          WIDTH="108"
                          VPOS="1712"
                          HPOS="1284"
                          CONTENT="illud"/>
                  <SP HEIGHT="41" WIDTH="12" VPOS="1712" HPOS="1391"/>
                  <String HEIGHT="41"
                          WIDTH="96"
                          VPOS="1712"
                          HPOS="1343"
                          CONTENT="tempus"/>
               </TextLine>
               <TextLine ID="r2l110"
                         BASELINE="1777"
                         HEIGHT="38"
                         WIDTH="591"
                         VPOS="1739"
                         HPOS="851">
                  <String HEIGHT="38" WIDTH="68" VPOS="1739" HPOS="840" CONTENT="si"/>
                  <SP HEIGHT="38" WIDTH="11" VPOS="1739" HPOS="908"/>
                  <String HEIGHT="38"
                          WIDTH="91"
                          VPOS="1739"
                          HPOS="874"
                          CONTENT="sibi"/>
                  <SP HEIGHT="38" WIDTH="11" VPOS="1739" HPOS="965"/>
                  <String HEIGHT="38"
                          WIDTH="170"
                          VPOS="1739"
                          HPOS="931"
                          CONTENT="relinquatur"/>
                  <SP HEIGHT="38" WIDTH="11" VPOS="1739" HPOS="1101"/>
                  <String HEIGHT="38"
                          WIDTH="80"
                          VPOS="1739"
                          HPOS="1067"
                          CONTENT="cum"/>
                  <SP HEIGHT="38" WIDTH="11" VPOS="1739" HPOS="1147"/>
                  <String HEIGHT="38"
                          WIDTH="125"
                          VPOS="1739"
                          HPOS="1112"
                          CONTENT="communi"/>
                  <SP HEIGHT="38" WIDTH="11" VPOS="1739" HPOS="1237"/>
                  <String HEIGHT="38"
                          WIDTH="80"
                          VPOS="1739"
                          HPOS="1203"
                          CONTENT="dei"/>
                  <SP HEIGHT="38" WIDTH="11" VPOS="1739" HPOS="1283"/>
                  <String HEIGHT="38"
                          WIDTH="148"
                          VPOS="1739"
                          HPOS="1249"
                          CONTENT="adiutorio"/>
                  <SP HEIGHT="38" WIDTH="11" VPOS="1739" HPOS="1397"/>
                  <String HEIGHT="38"
                          WIDTH="91"
                          VPOS="1739"
                          HPOS="1351"
                          CONTENT="neces"
                          SUBS_TYPE="HypPart1"
                          SUBS_CONTENT="necessario"/>
                  <HYP CONTENT="-"/>
               </TextLine>
               <TextLine ID="r2l112"
                         BASELINE="1806"
                         HEIGHT="39"
                         WIDTH="588"
                         VPOS="1767"
                         HPOS="852">
                  <String HEIGHT="39"
                          WIDTH="115"
                          VPOS="1767"
                          HPOS="839"
                          CONTENT="sario"
                          SUBS_TYPE="HypPart2"
                          SUBS_CONTENT="necessario"/>
                  <SP HEIGHT="39" WIDTH="13" VPOS="1767" HPOS="954"/>
                  <String HEIGHT="39"
                          WIDTH="141"
                          VPOS="1767"
                          HPOS="916"
                          CONTENT="meretur"/>
                  <SP HEIGHT="39" WIDTH="13" VPOS="1767" HPOS="1057"/>
                  <String HEIGHT="39"
                          WIDTH="89"
                          VPOS="1767"
                          HPOS="1018"
                          CONTENT="non"/>
                  <SP HEIGHT="39" WIDTH="13" VPOS="1767" HPOS="1108"/>
                  <String HEIGHT="39"
                          WIDTH="115"
                          VPOS="1767"
                          HPOS="1069"
                          CONTENT="tamen"/>
                  <SP HEIGHT="39" WIDTH="13" VPOS="1767" HPOS="1184"/>
                  <String HEIGHT="39"
                          WIDTH="102"
                          VPOS="1767"
                          HPOS="1146"
                          CONTENT="nouo"/>
                  <SP HEIGHT="39" WIDTH="13" VPOS="1767" HPOS="1248"/>
                  <String HEIGHT="39"
                          WIDTH="128"
                          VPOS="1767"
                          HPOS="1210"
                          CONTENT="merito"/>
                  <SP HEIGHT="39" WIDTH="13" VPOS="1767" HPOS="1338"/>
                  <String HEIGHT="39"
                          WIDTH="115"
                          VPOS="1767"
                          HPOS="1299"
                          CONTENT="licet"/>
                  <SP HEIGHT="39" WIDTH="13" VPOS="1767" HPOS="1414"/>
                  <String HEIGHT="39"
                          WIDTH="77"
                          VPOS="1767"
                          HPOS="1363"
                          CONTENT="deus"/>
               </TextLine>
               <TextLine ID="line_1611772767105_276"
                         BASELINE="1835"
                         HEIGHT="35"
                         WIDTH="609"
                         VPOS="1800"
                         HPOS="849">
                  <String HEIGHT="35"
                          WIDTH="124"
                          VPOS="1800"
                          HPOS="837"
                          CONTENT="posset"/>
                  <SP HEIGHT="35" WIDTH="12" VPOS="1800" HPOS="961"/>
                  <String HEIGHT="35"
                          WIDTH="112"
                          VPOS="1800"
                          HPOS="924"
                          CONTENT="illud"/>
                  <SP HEIGHT="35" WIDTH="12" VPOS="1800" HPOS="1035"/>
                  <String HEIGHT="35"
                          WIDTH="124"
                          VPOS="1800"
                          HPOS="998"
                          CONTENT="tempus"/>
                  <SP HEIGHT="35" WIDTH="12" VPOS="1800" HPOS="1122"/>
                  <String HEIGHT="35"
                          WIDTH="149"
                          VPOS="1800"
                          HPOS="1085"
                          CONTENT="breuiare"/>
                  <SP HEIGHT="35" WIDTH="12" VPOS="1800" HPOS="1234"/>
                  <String HEIGHT="35"
                          WIDTH="87"
                          VPOS="1800"
                          HPOS="1197"
                          CONTENT="pro"/>
                  <SP HEIGHT="35" WIDTH="12" VPOS="1800" HPOS="1284"/>
                  <String HEIGHT="35"
                          WIDTH="87"
                          VPOS="1800"
                          HPOS="1247"
                          CONTENT="suo"/>
                  <SP HEIGHT="35" WIDTH="12" VPOS="1800" HPOS="1334"/>
                  <String HEIGHT="35"
                          WIDTH="137"
                          VPOS="1800"
                          HPOS="1296"
                          CONTENT="libito."/>
                  <SP HEIGHT="35" WIDTH="12" VPOS="1800" HPOS="1433"/>
                  <String HEIGHT="35" WIDTH="62" VPOS="1800" HPOS="1396" CONTENT="⁋"/>
                  <SP HEIGHT="35" WIDTH="12" VPOS="1800" HPOS="1458"/>
                  <String HEIGHT="35" WIDTH="50" VPOS="1800" HPOS="1408" CONTENT="Ex"/>
               </TextLine>
               <TextLine ID="line_1611772767106_278"
                         BASELINE="1860"
                         HEIGHT="32"
                         WIDTH="606"
                         VPOS="1828"
                         HPOS="851">
                  <String HEIGHT="32" WIDTH="90" VPOS="1828" HPOS="838" CONTENT="his"/>
                  <SP HEIGHT="32" WIDTH="13" VPOS="1828" HPOS="928"/>
                  <String HEIGHT="32"
                          WIDTH="129"
                          VPOS="1828"
                          HPOS="890"
                          CONTENT="duabus"/>
                  <SP HEIGHT="32" WIDTH="13" VPOS="1828" HPOS="1019"/>
                  <String HEIGHT="32"
                          WIDTH="232"
                          VPOS="1828"
                          HPOS="980"
                          CONTENT="responsionibus"/>
                  <SP HEIGHT="32" WIDTH="13" VPOS="1828" HPOS="1212"/>
                  <String HEIGHT="32"
                          WIDTH="116"
                          VPOS="1828"
                          HPOS="1173"
                          CONTENT="patet"/>
                  <SP HEIGHT="32" WIDTH="13" VPOS="1828" HPOS="1289"/>
                  <String HEIGHT="32" WIDTH="77" VPOS="1828" HPOS="1251" CONTENT="ad"/>
                  <SP HEIGHT="32" WIDTH="13" VPOS="1828" HPOS="1328"/>
                  <String HEIGHT="32"
                          WIDTH="155"
                          VPOS="1828"
                          HPOS="1289"
                          CONTENT="rationes"/>
                  <SP HEIGHT="32" WIDTH="13" VPOS="1828" HPOS="1444"/>
                  <String HEIGHT="32"
                          WIDTH="64"
                          VPOS="1828"
                          HPOS="1393"
                          CONTENT="mul"/>
               </TextLine>
               <TextLine ID="line_1611772767106_280"
                         BASELINE="1886"
                         HEIGHT="30"
                         WIDTH="612"
                         VPOS="1856"
                         HPOS="845">
                  <String HEIGHT="30" WIDTH="87" VPOS="1856" HPOS="833" CONTENT="tas"/>
                  <SP HEIGHT="30" WIDTH="12" VPOS="1856" HPOS="920"/>
                  <String HEIGHT="30"
                          WIDTH="162"
                          VPOS="1856"
                          HPOS="882"
                          CONTENT="campsalis"/>
                  <SP HEIGHT="30" WIDTH="12" VPOS="1856" HPOS="1045"/>
                  <String HEIGHT="30"
                          WIDTH="87"
                          VPOS="1856"
                          HPOS="1007"
                          CONTENT="per"/>
                  <SP HEIGHT="30" WIDTH="12" VPOS="1856" HPOS="1095"/>
                  <String HEIGHT="30"
                          WIDTH="100"
                          VPOS="1856"
                          HPOS="1057"
                          CONTENT="quas"/>
                  <SP HEIGHT="30" WIDTH="12" VPOS="1856" HPOS="1157"/>
                  <String HEIGHT="30"
                          WIDTH="162"
                          VPOS="1856"
                          HPOS="1120"
                          CONTENT="intebatur"/>
                  <SP HEIGHT="30" WIDTH="12" VPOS="1856" HPOS="1282"/>
                  <String HEIGHT="30"
                          WIDTH="137"
                          VPOS="1856"
                          HPOS="1245"
                          CONTENT="probare"/>
                  <SP HEIGHT="30" WIDTH="12" VPOS="1856" HPOS="1382"/>
                  <String HEIGHT="30"
                          WIDTH="100"
                          VPOS="1856"
                          HPOS="1345"
                          CONTENT="quod"/>
                  <SP HEIGHT="30" WIDTH="12" VPOS="1856" HPOS="1445"/>
                  <String HEIGHT="30"
                          WIDTH="62"
                          VPOS="1856"
                          HPOS="1395"
                          CONTENT="vo"
                          SUBS_TYPE="HypPart1"
                          SUBS_CONTENT="voluntas"/>
                  <HYP CONTENT="-"/>
               </TextLine>
               <TextLine ID="r2l120"
                         BASELINE="1919"
                         HEIGHT="37"
                         WIDTH="598"
                         VPOS="1882"
                         HPOS="851">
                  <String HEIGHT="37"
                          WIDTH="115"
                          VPOS="1882"
                          HPOS="840"
                          CONTENT="luntas"
                          SUBS_TYPE="HypPart2"
                          SUBS_CONTENT="voluntas"/>
                  <SP HEIGHT="37" WIDTH="12" VPOS="1882" HPOS="955"/>
                  <String HEIGHT="37"
                          WIDTH="115"
                          VPOS="1882"
                          HPOS="920"
                          CONTENT="libere"/>
                  <SP HEIGHT="37" WIDTH="12" VPOS="1882" HPOS="1035"/>
                  <String HEIGHT="37"
                          WIDTH="115"
                          VPOS="1882"
                          HPOS="1001"
                          CONTENT="potest"/>
                  <SP HEIGHT="37" WIDTH="12" VPOS="1882" HPOS="1116"/>
                  <String HEIGHT="37"
                          WIDTH="127"
                          VPOS="1882"
                          HPOS="1081"
                          CONTENT="precise"/>
                  <SP HEIGHT="37" WIDTH="12" VPOS="1882" HPOS="1208"/>
                  <String HEIGHT="37"
                          WIDTH="81"
                          VPOS="1882"
                          HPOS="1173"
                          CONTENT="per"/>
                  <SP HEIGHT="37" WIDTH="12" VPOS="1882" HPOS="1254"/>
                  <String HEIGHT="37"
                          WIDTH="127"
                          VPOS="1882"
                          HPOS="1219"
                          CONTENT="instans"/>
                  <SP HEIGHT="37" WIDTH="12" VPOS="1882" HPOS="1346"/>
                  <String HEIGHT="37"
                          WIDTH="92"
                          VPOS="1882"
                          HPOS="1311"
                          CONTENT="quia"/>
                  <SP HEIGHT="37" WIDTH="12" VPOS="1882" HPOS="1403"/>
                  <String HEIGHT="37" WIDTH="69" VPOS="1882" HPOS="1369" CONTENT="si"/>
                  <SP HEIGHT="37" WIDTH="12" VPOS="1882" HPOS="1438"/>
                  <String HEIGHT="37"
                          WIDTH="58"
                          VPOS="1882"
                          HPOS="1392"
                          CONTENT="non"/>
               </TextLine>
               <TextLine ID="line_1611772767107_282"
                         BASELINE="1951"
                         HEIGHT="39"
                         WIDTH="607"
                         VPOS="1912"
                         HPOS="850">
                  <String HEIGHT="39"
                          WIDTH="103"
                          VPOS="1912"
                          HPOS="837"
                          CONTENT="tunc"/>
                  <SP HEIGHT="39" WIDTH="13" VPOS="1912" HPOS="940"/>
                  <String HEIGHT="39"
                          WIDTH="155"
                          VPOS="1912"
                          HPOS="902"
                          CONTENT="cogentur"/>
                  <SP HEIGHT="39" WIDTH="13" VPOS="1912" HPOS="1057"/>
                  <String HEIGHT="39" WIDTH="77" VPOS="1912" HPOS="1018" CONTENT="ad"/>
                  <SP HEIGHT="39" WIDTH="13" VPOS="1912" HPOS="1095"/>
                  <String HEIGHT="39"
                          WIDTH="168"
                          VPOS="1912"
                          HPOS="1057"
                          CONTENT="peccandum"/>
                  <SP HEIGHT="39" WIDTH="13" VPOS="1912" HPOS="1225"/>
                  <String HEIGHT="39"
                          WIDTH="103"
                          VPOS="1912"
                          HPOS="1186"
                          CONTENT="quia"/>
                  <SP HEIGHT="39" WIDTH="13" VPOS="1912" HPOS="1289"/>
                  <String HEIGHT="39"
                          WIDTH="103"
                          VPOS="1912"
                          HPOS="1250"
                          CONTENT="dato"/>
                  <SP HEIGHT="39" WIDTH="13" VPOS="1912" HPOS="1354"/>
                  <String HEIGHT="39"
                          WIDTH="142"
                          VPOS="1912"
                          HPOS="1315"
                          CONTENT="tempore"/>
                  <SP HEIGHT="39" WIDTH="13" VPOS="1912" HPOS="1457"/>
                  <String HEIGHT="39" WIDTH="52" VPOS="1912" HPOS="1405" CONTENT="an"/>
               </TextLine>
               <TextLine ID="r2l125"
                         BASELINE="1977"
                         HEIGHT="36"
                         WIDTH="600"
                         VPOS="1941"
                         HPOS="842">
                  <String HEIGHT="36" WIDTH="72" VPOS="1941" HPOS="830" CONTENT="te"/>
                  <SP HEIGHT="36" WIDTH="12" VPOS="1941" HPOS="902"/>
                  <String HEIGHT="36"
                          WIDTH="108"
                          VPOS="1941"
                          HPOS="866"
                          CONTENT="cuius"/>
                  <SP HEIGHT="36" WIDTH="12" VPOS="1941" HPOS="974"/>
                  <String HEIGHT="36"
                          WIDTH="108"
                          VPOS="1941"
                          HPOS="938"
                          CONTENT="finem"/>
                  <SP HEIGHT="36" WIDTH="12" VPOS="1941" HPOS="1046"/>
                  <String HEIGHT="36"
                          WIDTH="84"
                          VPOS="1941"
                          HPOS="1010"
                          CONTENT="non"/>
                  <SP HEIGHT="36" WIDTH="12" VPOS="1941" HPOS="1094"/>
                  <String HEIGHT="36"
                          WIDTH="120"
                          VPOS="1941"
                          HPOS="1058"
                          CONTENT="potest"/>
                  <SP HEIGHT="36" WIDTH="12" VPOS="1941" HPOS="1178"/>
                  <String HEIGHT="36"
                          WIDTH="132"
                          VPOS="1941"
                          HPOS="1142"
                          CONTENT="cessare"/>
                  <SP HEIGHT="36" WIDTH="12" VPOS="1941" HPOS="1274"/>
                  <String HEIGHT="36" WIDTH="72" VPOS="1941" HPOS="1238" CONTENT="ab"/>
                  <SP HEIGHT="36" WIDTH="12" VPOS="1941" HPOS="1310"/>
                  <String HEIGHT="36"
                          WIDTH="96"
                          VPOS="1941"
                          HPOS="1274"
                          CONTENT="actu"/>
                  <SP HEIGHT="36" WIDTH="12" VPOS="1941" HPOS="1370"/>
                  <String HEIGHT="36"
                          WIDTH="120"
                          VPOS="1941"
                          HPOS="1322"
                          CONTENT="secundum"/>
               </TextLine>
               <TextLine ID="r2l128"
                         BASELINE="1999"
                         HEIGHT="28"
                         WIDTH="592"
                         VPOS="1971"
                         HPOS="845">
                  <String HEIGHT="28" WIDTH="70" VPOS="1971" HPOS="833" CONTENT="te"/>
                  <SP HEIGHT="28" WIDTH="12" VPOS="1971" HPOS="903"/>
                  <String HEIGHT="28"
                          WIDTH="128"
                          VPOS="1971"
                          HPOS="868"
                          CONTENT="iudicet"/>
                  <SP HEIGHT="28" WIDTH="12" VPOS="1971" HPOS="996"/>
                  <String HEIGHT="28"
                          WIDTH="174"
                          VPOS="1971"
                          HPOS="961"
                          CONTENT="intellectus"/>
                  <SP HEIGHT="28" WIDTH="12" VPOS="1971" HPOS="1135"/>
                  <String HEIGHT="28"
                          WIDTH="81"
                          VPOS="1971"
                          HPOS="1100"
                          CONTENT="non"/>
                  <SP HEIGHT="28" WIDTH="12" VPOS="1971" HPOS="1182"/>
                  <String HEIGHT="28"
                          WIDTH="93"
                          VPOS="1971"
                          HPOS="1147"
                          CONTENT="esse"/>
                  <SP HEIGHT="28" WIDTH="12" VPOS="1971" HPOS="1240"/>
                  <String HEIGHT="28"
                          WIDTH="104"
                          VPOS="1971"
                          HPOS="1205"
                          CONTENT="bonum"/>
                  <SP HEIGHT="28" WIDTH="12" VPOS="1971" HPOS="1309"/>
                  <String HEIGHT="28"
                          WIDTH="81"
                          VPOS="1971"
                          HPOS="1274"
                          CONTENT="ymo"/>
                  <SP HEIGHT="28" WIDTH="12" VPOS="1971" HPOS="1356"/>
                  <String HEIGHT="28"
                          WIDTH="104"
                          VPOS="1971"
                          HPOS="1321"
                          CONTENT="malum"/>
                  <SP HEIGHT="28" WIDTH="12" VPOS="1971" HPOS="1425"/>
                  <String HEIGHT="28"
                          WIDTH="58"
                          VPOS="1971"
                          HPOS="1379"
                          CONTENT="ta"
                          SUBS_TYPE="HypPart1"
                          SUBS_CONTENT="tale"/>
                  <HYP CONTENT="-"/>
               </TextLine>
               <TextLine ID="r2l130"
                         BASELINE="2027"
                         HEIGHT="31"
                         WIDTH="594"
                         VPOS="1996"
                         HPOS="845">
                  <String HEIGHT="31"
                          WIDTH="71"
                          VPOS="1996"
                          HPOS="833"
                          CONTENT="le"
                          SUBS_TYPE="HypPart2"
                          SUBS_CONTENT="tale"/>
                  <SP HEIGHT="31" WIDTH="12" VPOS="1996" HPOS="904"/>
                  <String HEIGHT="31"
                          WIDTH="143"
                          VPOS="1996"
                          HPOS="869"
                          CONTENT="obiectum"/>
                  <SP HEIGHT="31" WIDTH="12" VPOS="1996" HPOS="1011"/>
                  <String HEIGHT="31" WIDTH="83" VPOS="1996" HPOS="976" CONTENT="vel"/>
                  <SP HEIGHT="31" WIDTH="12" VPOS="1996" HPOS="1059"/>
                  <String HEIGHT="31"
                          WIDTH="107"
                          VPOS="1996"
                          HPOS="1023"
                          CONTENT="actum"/>
                  <SP HEIGHT="31" WIDTH="12" VPOS="1996" HPOS="1130"/>
                  <String HEIGHT="31" WIDTH="71" VPOS="1996" HPOS="1094" CONTENT="in"/>
                  <SP HEIGHT="31" WIDTH="12" VPOS="1996" HPOS="1166"/>
                  <String HEIGHT="31"
                          WIDTH="143"
                          VPOS="1996"
                          HPOS="1130"
                          CONTENT="respectu"/>
                  <SP HEIGHT="31" WIDTH="12" VPOS="1996" HPOS="1273"/>
                  <String HEIGHT="31"
                          WIDTH="154"
                          VPOS="1996"
                          HPOS="1237"
                          CONTENT="medietate"/>
                  <SP HEIGHT="31" WIDTH="12" VPOS="1996" HPOS="1391"/>
                  <String HEIGHT="31"
                          WIDTH="95"
                          VPOS="1996"
                          HPOS="1344"
                          CONTENT="illius"/>
               </TextLine>
               <TextLine ID="r2l132"
                         BASELINE="2055"
                         HEIGHT="29"
                         WIDTH="596"
                         VPOS="2026"
                         HPOS="845">
                  <String HEIGHT="29"
                          WIDTH="135"
                          VPOS="2026"
                          HPOS="834"
                          CONTENT="temporis"/>
                  <SP HEIGHT="29" WIDTH="11" VPOS="2026" HPOS="969"/>
                  <String HEIGHT="29" WIDTH="67" VPOS="2026" HPOS="935" CONTENT="et"/>
                  <SP HEIGHT="29" WIDTH="11" VPOS="2026" HPOS="1002"/>
                  <String HEIGHT="29" WIDTH="79" VPOS="2026" HPOS="969" CONTENT="hoc"/>
                  <SP HEIGHT="29" WIDTH="11" VPOS="2026" HPOS="1047"/>
                  <String HEIGHT="29"
                          WIDTH="79"
                          VPOS="2026"
                          HPOS="1014"
                          CONTENT="est"/>
                  <SP HEIGHT="29" WIDTH="11" VPOS="2026" HPOS="1092"/>
                  <String HEIGHT="29"
                          WIDTH="135"
                          VPOS="2026"
                          HPOS="1059"
                          CONTENT="contrate"/>
                  <SP HEIGHT="29" WIDTH="11" VPOS="2026" HPOS="1194"/>
                  <String HEIGHT="29"
                          WIDTH="79"
                          VPOS="2026"
                          HPOS="1160"
                          CONTENT="vel"/>
                  <SP HEIGHT="29" WIDTH="11" VPOS="2026" HPOS="1239"/>
                  <String HEIGHT="29"
                          WIDTH="79"
                          VPOS="2026"
                          HPOS="1205"
                          CONTENT="non"/>
                  <SP HEIGHT="29" WIDTH="11" VPOS="2026" HPOS="1284"/>
                  <String HEIGHT="29" WIDTH="67" VPOS="2026" HPOS="1250" CONTENT="et"/>
                  <SP HEIGHT="29" WIDTH="11" VPOS="2026" HPOS="1317"/>
                  <String HEIGHT="29"
                          WIDTH="124"
                          VPOS="2026"
                          HPOS="1284"
                          CONTENT="habetur"/>
                  <SP HEIGHT="29" WIDTH="11" VPOS="2026" HPOS="1407"/>
                  <String HEIGHT="29"
                          WIDTH="79"
                          VPOS="2026"
                          HPOS="1362"
                          CONTENT="intem"/>
               </TextLine>
               <TextLine ID="r2l134"
                         BASELINE="2085"
                         HEIGHT="31"
                         WIDTH="596"
                         VPOS="2054"
                         HPOS="845">
                  <String HEIGHT="31"
                          WIDTH="79"
                          VPOS="2054"
                          HPOS="835"
                          CONTENT="tum."/>
                  <SP HEIGHT="31" WIDTH="10" VPOS="2054" HPOS="915"/>
                  <String HEIGHT="31" WIDTH="50" VPOS="2054" HPOS="885" CONTENT="⁋"/>
                  <SP HEIGHT="31" WIDTH="10" VPOS="2054" HPOS="934"/>
                  <String HEIGHT="31"
                          WIDTH="119"
                          VPOS="2054"
                          HPOS="905"
                          CONTENT="Dicendum"/>
                  <SP HEIGHT="31" WIDTH="10" VPOS="2054" HPOS="1024"/>
                  <String HEIGHT="31" WIDTH="60" VPOS="2054" HPOS="994" CONTENT="vt"/>
                  <SP HEIGHT="31" WIDTH="10" VPOS="2054" HPOS="1054"/>
                  <String HEIGHT="31"
                          WIDTH="89"
                          VPOS="2054"
                          HPOS="1024"
                          CONTENT="prius"/>
                  <SP HEIGHT="31" WIDTH="10" VPOS="2054" HPOS="1113"/>
                  <String HEIGHT="31"
                          WIDTH="79"
                          VPOS="2054"
                          HPOS="1083"
                          CONTENT="quia"/>
                  <SP HEIGHT="31" WIDTH="10" VPOS="2054" HPOS="1163"/>
                  <String HEIGHT="31"
                          WIDTH="119"
                          VPOS="2054"
                          HPOS="1133"
                          CONTENT="temponis"/>
                  <SP HEIGHT="31" WIDTH="10" VPOS="2054" HPOS="1252"/>
                  <String HEIGHT="31" WIDTH="60" VPOS="2054" HPOS="1222" CONTENT="si"/>
                  <SP HEIGHT="31" WIDTH="10" VPOS="2054" HPOS="1282"/>
                  <String HEIGHT="31" WIDTH="50" VPOS="2054" HPOS="1252" CONTENT="a"/>
                  <SP HEIGHT="31" WIDTH="10" VPOS="2054" HPOS="1302"/>
                  <String HEIGHT="31"
                          WIDTH="129"
                          VPOS="2054"
                          HPOS="1272"
                          CONTENT="principio"/>
                  <SP HEIGHT="31" WIDTH="10" VPOS="2054" HPOS="1401"/>
                  <String HEIGHT="31"
                          WIDTH="79"
                          VPOS="2054"
                          HPOS="1362"
                          CONTENT="istius"/>
               </TextLine>
               <TextLine ID="r2l136"
                         BASELINE="2130"
                         HEIGHT="47"
                         WIDTH="589"
                         VPOS="2083"
                         HPOS="845">
                  <String HEIGHT="47" WIDTH="84" VPOS="2083" HPOS="833" CONTENT="sic"/>
                  <SP HEIGHT="47" WIDTH="12" VPOS="2083" HPOS="917"/>
                  <String HEIGHT="47"
                          WIDTH="132"
                          VPOS="2083"
                          HPOS="881"
                          CONTENT="iudicat"/>
                  <SP HEIGHT="47" WIDTH="12" VPOS="2083" HPOS="1013"/>
                  <String HEIGHT="47"
                          WIDTH="156"
                          VPOS="2083"
                          HPOS="977"
                          CONTENT="distincte"/>
                  <SP HEIGHT="47" WIDTH="12" VPOS="2083" HPOS="1133"/>
                  <String HEIGHT="47"
                          WIDTH="180"
                          VPOS="2083"
                          HPOS="1097"
                          CONTENT="discernendo"/>
                  <SP HEIGHT="47" WIDTH="12" VPOS="2083" HPOS="1278"/>
                  <String HEIGHT="47"
                          WIDTH="96"
                          VPOS="2083"
                          HPOS="1242"
                          CONTENT="vnam"/>
                  <SP HEIGHT="47" WIDTH="12" VPOS="2083" HPOS="1338"/>
                  <String HEIGHT="47"
                          WIDTH="144"
                          VPOS="2083"
                          HPOS="1290"
                          CONTENT="medietatem"/>
               </TextLine>
            </TextBlock>
         </PrintSpace>
      </Page>
   </Layout>
</alto>
