1789 2500
320 211 117 46 temonis
406 211 64 46 ab
437 211 85 46 alia
491 211 85 46 tunc
544 211 96 46 illud
608 211 106 46 tempus
682 211 75 46 est
725 211 96 46 maius
789 211 117 46 tempore
863 211 64 46 per-

318 247 72 34 me
354 247 96 34 dato
414 247 72 34 et
450 247 108 34 eodem
523 247 96 34 modo
583 247 132 34 dicitur
679 247 72 34 si
715 247 132 34 nouiter
812 247 96 34 post
860 247 72 34 prim

322 282 119 29 cipium
406 282 143 29 temporis
513 282 83 29 sic
560 282 155 29 iudicatur
680 282 95 29 nisi
739 282 95 29 tunc
799 282 131 29 aliunde
882 282 48 29 et

335 306 63 31 ab
367 306 95 31 extra
430 306 137 31 proueniat
536 306 74 31 hoc
578 306 63 31 et
610 306 84 31 tunc
662 306 158 31 recedicitur
789 306 53 31 a
810 306 95 31 pacto
863 306 63 31 quia

322 333 98 31 tunc
383 333 134 31 habetur
480 333 98 31 alia
541 333 171 31 dispositio
676 333 146 31 secundum
786 333 134 31 naturam
871 333 61 31 pri

327 362 67 31 ma
360 362 168 31 cessationem
495 362 67 31 ab
528 362 90 31 actu
584 362 90 31 illo
640 362 90 31 quam
696 362 112 31 prius.
774 362 56 31 ⁋
797 362 90 31 Idem
841 362 90 31 arguit

326 387 80 36 sic
371 387 69 36 in
406 387 149 36 quocumque
520 387 137 36 instanti
623 387 80 36 vel
668 387 126 36 tempore
760 387 137 36 obiectum
851 387 80 36 appa-

319 410 88 44 ret
370 410 113 44 bonum
445 410 126 44 potest
533 410 151 44 voluntas
647 410 76 44 se
684 410 176 44 conuertere
823 410 76 44 ad
848 410 88 44 illud

328 447 71 29 si
364 447 107 29 malum
435 447 143 29 auertere
542 447 119 29 aliter
626 447 155 29 oporteret
745 447 155 29 expectare
852 447 83 29 ante-

324 473 86 34 quam
378 473 107 34 vellet
453 473 64 34 in
485 473 86 34 casu
538 473 75 34 vbi
581 473 96 34 nihil
645 473 139 34 deficeret
752 473 86 34 sibi
806 473 107 34 igitur
870 473 64 34 etc.

326 505 62 31 ⁋
350 505 149 31 Dicendum
462 505 99 31 quod
524 505 149 31 absolute
636 505 149 31 loquendo
748 505 87 31 per
797 505 124 31 nullum
872 505 62 31 tem

324 531 83 36 pus
372 531 166 36 necessario
502 531 154 36 continuat
621 531 107 36 datum
692 531 107 36 actum
764 531 107 36 tamen
823 531 107 36 preciso

327 563 130 31 positis
422 563 224 31 dispositionibus
610 563 106 31 illis
681 563 71 31 de
717 563 118 31 quibus
799 563 83 31 est
835 563 94 31 dictum

324 583 79 40 non
369 583 79 40 est
414 583 68 40 in
448 583 90 40 eius
504 583 113 40 libera
583 583 146 40 potestate
695 583 79 40 non
741 583 158 40 continuare
853 583 79 40 ipsum

329 615 86 34 per
378 615 123 34 certum
464 615 135 34 tempus.
562 615 61 34 ⁋
586 615 135 34 Secundo
684 615 123 34 arguit
770 615 98 34 quia
831 615 98 34 tunc
880 615 49 34 vo

329 644 116 35 luntas
411 644 151 35 cogeretur
527 644 70 35 in
562 644 93 35 casu
621 644 70 35 ad
655 644 140 35 merendum
760 644 70 35 et
795 644 70 35 in
830 644 93 35 casu
888 644 70 35 ad

320 672 164 35 demerendum
449 672 141 35 dicendum
555 672 94 35 quod
614 672 82 35 non
661 672 129 35 cogitur
755 672 70 35 ad
778 672 153 35 causationem

326 701 123 34 primam
412 701 86 34 sed
461 701 74 34 ad
498 701 222 34 continuationem
683 701 135 34 cogitur
781 701 111 34 idest
843 701 98 34 neces-

323 729 125 33 sitatur
413 729 68 33 si
447 729 113 33 causet
526 729 91 33 nisi
583 729 102 33 aliud
651 729 125 33 nouiter
742 729 147 33 occurrens
855 729 79 33 vel
889 729 45 33 in

324 759 137 33 pediens
423 759 137 33 obstet.
523 759 62 33 ⁋
548 759 87 33 Per
598 759 87 33 hoc
648 759 112 33 patet
723 759 75 33 ad
760 759 150 33 tertium.
873 759 62 33 ⁋
885 759 50 33 Et

325 787 107 34 auiter
400 787 75 34 sic
443 787 85 34 tunc
496 787 96 34 totum
560 787 117 34 residuu
645 787 53 34 a
666 787 96 34 primo
730 787 128 34 instanti
826 787 75 34 non
858 787 75 34 esset

328 813 89 32 sibi
384 813 156 32 imputandum
506 813 100 32 sicut
573 813 78 32 nec
618 813 145 32 proiectio
729 813 123 32 lapidis
818 813 123 32 Dicitur
896 813 45 32 ne

322 845 108 33 gando
394 845 204 33 consequentiam
562 845 132 33 propter
658 845 132 33 liberam
754 845 180 33 causationem
886 845 48 33 li

323 870 85 29 cet
372 870 85 29 non
420 870 98 29 noua
481 870 232 29 imputabilitate.
677 870 61 29 ⁋
701 870 98 29 Item
762 870 122 29 arguit
847 870 85 29 cum
884 870 61 29 ni-

327 899 81 34 hil
374 899 81 34 sit
420 899 81 34 tam
466 899 69 34 in
501 899 150 34 potestate
616 899 162 34 voluntatis
743 899 104 34 sicut
812 899 92 34 ipsa
858 899 81 34 volun

330 930 81 29 tas
377 930 70 29 et
412 930 81 29 per
458 930 174 29 impedimenta
597 930 162 29 extrinseca
724 930 116 29 potest
806 930 93 29 eius
852 930 81 29 actus

327 955 150 39 incurtari
442 955 127 39 videtur
534 955 104 39 multo
603 955 127 39 fortius
695 955 92 39 quod
752 955 58 39 a
775 955 127 39 seipsa.
867 955 58 39 ⁋
879 955 58 39 Di-

331 981 165 38 cendumquoed
463 981 154 38 augustinus
584 981 154 38 intelligit
704 981 88 38 quod
759 981 110 38 nullus
836 981 99 38 actus
891 981 44 38 ex

323 1013 115 31 terior
403 1013 80 31 ita
449 1013 80 31 est
495 1013 69 31 in
529 1013 149 31 potestare
644 1013 161 31 voluntatis
771 1013 103 31 sicut
828 1013 115 31 interior

328 1042 62 32 et
359 1042 62 32 ex
390 1042 72 32 hoc
431 1042 83 32 bene
483 1042 165 32 conoedicitur
617 1042 83 32 quod
668 1042 83 32 ipsa
720 1042 72 32 pot
761 1042 72 32 est
803 1042 83 32 bene
844 1042 93 32 incurta

327 1069 73 34 re
363 1069 109 34 actum
436 1069 97 34 suum
497 1069 218 34 concurrentibus
678 1069 182 34 extrinsecis
824 1069 97 34 quae
872 1069 73 34 sibi

324 1094 72 37 ad
360 1094 83 37 hoc
408 1094 155 37 expediunt
527 1094 83 37 non
574 1094 107 37 tamen
646 1094 143 37 sequitur
753 1094 95 37 quod
813 1094 95 37 sine
861 1094 83 37 illis

323 1123 78 34 hoc
368 1123 112 34 possit
446 1123 112 34 facere
524 1123 101 34 infra
591 1123 101 34 illud
658 1123 112 34 paruum
737 1123 123 34 tempus.
826 1123 56 34 ⁋
849 1123 67 34 Ad
871 1123 67 34 quin

327 1154 80 31 tum
372 1154 160 31 principale
498 1154 172 31 concedcitur
635 1154 183 31 consequentia
784 1154 91 31 quia
841 1154 91 31 ipse
887 1154 57 31 se-

324 1181 109 38 ipsum
397 1181 218 38 impossibilitat
578 1181 73 38 ne
614 1181 109 38 infra
687 1181 121 38 dictum
772 1181 121 38 tempus
844 1181 97 38 possit

327 1211 146 33 penitere.
439 1211 56 33 ⁋
462 1211 112 33 Contra
540 1211 112 33 sancti
619 1211 112 33 dicunt
698 1211 90 33 quod
754 1211 67 33 de
788 1211 101 33 nullo
855 1211 79 33 dum
889 1211 56 33 est

333 1242 65 30 in
366 1242 86 30 vita
419 1242 86 30 ista
473 1242 162 30 desperandum
602 1242 86 30 est.
656 1242 54 30 ⁋
678 1242 129 30 Dicendum
775 1242 86 30 quod
829 1242 75 30 hoc
861 1242 86 30 intel-

326 1267 128 36 ligitur
419 1267 128 36 quandiu
513 1267 140 36 superest
617 1267 93 36 sibi
675 1267 186 36 possibilitas
827 1267 70 36 ad
850 1267 93 36 delibe

325 1295 130 33 randum
416 1295 78 33 et
455 1295 157 33 scienter
573 1295 157 33 volendum
690 1295 196 33 conformiter
834 1295 104 33 delibe

326 1325 130 32 rationi
421 1325 95 32 quod
480 1325 83 32 non
527 1325 83 32 est
575 1325 71 32 in
610 1325 154 32 proposito
729 1325 130 32 quamuis
824 1325 95 32 illa
871 1325 71 32 moru

327 1351 68 34 la
361 1351 79 34 sit
406 1351 169 34 instantanca
541 1351 68 34 et
575 1351 113 34 breuis
654 1351 79 34 nec
699 1351 102 34 credo
767 1351 68 34 de
801 1351 102 34 cursu
857 1351 79 34 commu

327 1379 78 36 ni
366 1379 143 36 hominem
470 1379 91 36 ita
522 1379 117 36 tarde
600 1379 104 36 ante
666 1379 130 36 mortem
757 1379 143 36 aliquem
848 1379 91 36 actum

324 1407 163 35 deliberare
453 1407 70 35 et
488 1407 70 35 ex
522 1407 105 35 certa
592 1407 140 35 scientia
697 1407 105 35 posse
767 1407 117 35 elicem
849 1407 82 35 ymo
884 1407 58 35 iu-

327 1434 115 33 dicio
404 1434 141 33 hominum
507 1434 64 33 a
532 1434 141 33 mortuis
635 1434 167 33 distingui
763 1434 90 33 non
801 1434 103 33 posse-

334 1457 62 42 ⁋
358 1457 74 42 Ad
396 1457 124 42 sextum
482 1457 136 42 negatur
581 1457 198 42 consequentia
742 1457 99 42 quia
804 1457 124 42 dictum
878 1457 62 42 pri

330 1491 77 34 us
369 1491 155 34 loquitur
485 1491 77 34 oe
524 1491 168 34 voluntate
652 1491 155 34 causante
768 1491 116 34 actum
846 1491 103 34 suum
897 1491 52 34 et

327 1520 139 34 manente
428 1520 88 34 per
479 1520 126 34 tantum
567 1520 126 34 tempus
655 1520 63 34 ⁋
681 1520 76 34 Ad
719 1520 151 34 septimum
819 1520 114 34 dicitur

325 1549 89 31 quod
380 1549 66 31 in
414 1549 89 31 illo
469 1549 89 31 casu
524 1549 78 31 non
569 1549 111 31 manent
646 1549 100 31 prime
713 1549 155 31 constantie
834 1549 66 31 et
856 1549 78 31 dispo

325 1573 155 36 sitiones
442 1573 117 36 eedem
519 1573 91 36 hue
571 1573 220 36 supponebantur
753 1573 117 36 manem
830 1573 78 36 in
856 1573 78 36 illo

329 1600 143 37 tempore
433 1600 130 37 paruo.
524 1600 65 37 ⁋
550 1600 169 37 Dubitatur
680 1600 117 37 vtrum
758 1600 156 37 sequatur
862 1600 78 37 sor.

332 1634 112 35 inhoc
406 1634 150 35 instanti
518 1634 137 35 meretur
618 1634 125 35 igitur
705 1634 87 35 sor
755 1634 162 35 immediate
867 1634 75 35 post

329 1661 71 34 hoc
369 1661 132 34 merebitur
471 1661 112 34 Uidetur
552 1661 81 34 quod
603 1661 71 34 non
644 1661 81 34 quia
694 1661 81 34 tunc
745 1661 71 34 non
786 1661 91 34 minus
847 1661 91 34 esset
897 1661 41 34 in

334 1693 154 33 potestate
452 1693 83 33 mea
500 1693 154 33 retrahere
618 1693 130 33 digitum
713 1693 95 33 quam
772 1693 142 33 retinere
866 1693 83 33 actum

324 1722 100 36 meum
387 1722 138 36 volendi
487 1722 100 36 quod
550 1722 88 36 est
600 1722 125 36 contra
688 1722 175 36 augustinum
826 1722 88 36 qui
863 1722 88 36 dicit

334 1747 86 38 quod
388 1747 96 38 nihil
452 1747 75 38 est
495 1747 75 38 tam
538 1747 64 38 in
570 1747 139 38 potestate
677 1747 150 38 voluntatis
795 1747 96 38 sicut
859 1747 86 38 ipsa
902 1747 43 38 vo

329 1774 125 35 luntas.
419 1774 57 35 ⁋
442 1774 91 35 Item
498 1774 68 35 si
532 1774 79 35 sic
578 1774 91 35 tunc
634 1774 136 35 sequitur
736 1774 136 35 voluntas
838 1774 102 35 habet
895 1774 45 35 a.

329 1805 114 35 actum
405 1805 139 35 volendi
507 1805 127 35 igitur
596 1805 165 35 immediate
722 1805 101 35 post
786 1805 89 35 hoc
824 1805 114 35 habebit

332 1835 108 33 illum
404 1835 120 33 igitur
488 1835 72 33 in
524 1835 120 33 aliquo
608 1835 144 33 instanti
715 1835 156 33 immediate
835 1835 96 33 post
883 1835 60 33 hoc

326 1861 101 34 erit
390 1861 76 34 a.
428 1861 114 34 actus
503 1861 101 34 quod
567 1861 89 34 est
617 1861 139 34 falsum.
718 1861 63 34 ⁋
744 1861 152 34 Probatur
845 1861 101 34 immedi

325 1889 78 31 ate
369 1889 111 31 potest
447 1889 78 31 hoc
492 1889 89 31 erit
548 1889 67 31 a.
581 1889 100 31 actus
648 1889 111 31 igitur
726 1889 145 31 immediate
838 1889 89 31 post
882 1889 56 31 hoc

330 1919 93 37 erit
389 1919 70 37 a.
424 1919 105 37 actus
494 1919 70 37 et
529 1919 152 37 immediate
646 1919 93 37 post
704 1919 82 37 hoc
751 1919 117 37 potest
833 1919 82 37 non
868 1919 70 37 esse

324 1945 66 40 a.
357 1945 98 40 actus
422 1945 109 40 igitur
499 1945 98 40 simul
565 1945 120 40 poterit
652 1945 87 40 esse
707 1945 66 40 et
739 1945 77 40 non
783 1945 98 40 esse.
849 1945 55 40 ⁋
860 1945 87 40 Renmen

322 1977 118 28 detur
400 1977 183 28 concedendo
544 1977 144 28 dubium.
649 1977 65 28 ⁋
675 1977 78 28 Ad
714 1977 131 28 primum
805 1977 78 28 in
831 1977 105 28 contra

331 2002 106 34 rium
397 2002 146 34 negatur
503 2002 212 34 consequentia
675 2002 106 34 quia
741 2002 66 34 a
768 2002 119 34 primo
834 2002 106 34 possum

325 2031 77 30 ab
364 2031 179 30 extrinseco
504 2031 153 30 cohiberi
619 2031 128 30 contra
709 2031 166 30 volutatem
837 2031 102 30 meam
888 2031 51 30 et

325 2060 72 47 a.
361 2060 131 47 secundo
456 2060 95 47 non.
516 2060 60 47 ⁋
540 2060 107 47 Dices
611 2060 72 47 in
647 2060 143 47 quolibet
754 2060 143 47 instanti
850 2060 95 47 possum

949 204 109 53 motum
1022 204 121 53 digiti
1107 204 182 53 rescindere.
1252 204 61 53 ⁋
1277 204 146 53 Dicendum
1386 204 97 53 quod
1447 204 85 53 hoc
1495 204 85 53 non

951 251 89 36 est
1002 251 115 36 verum
1079 251 102 36 nisi
1142 251 64 36 a
1168 251 102 36 casu
1232 251 102 36 quia
1295 251 153 36 secundum
1410 251 140 36 impetum
1499 251 64 36 fa-

950 283 96 33 ctum
1010 283 60 33 a
1034 283 155 33 voluntate
1153 283 72 33 si
1189 283 108 33 nihil
1261 283 108 33 nouum
1333 283 120 33 obstet
1416 283 144 33 procedet
1512 283 48 33 mo

948 309 85 38 tus
996 309 73 38 et
1033 309 73 38 si
1069 309 170 38 voluntarie
1203 309 109 38 debet
1276 309 109 38 motus
1349 309 146 38 prescidi
1459 309 85 38 hoc
1495 309 73 38 erit

949 339 151 30 mediante
1063 339 101 30 actu
1126 339 176 30 voluntatis
1265 339 101 30 alio
1328 339 76 30 ab
1365 339 101 30 illo
1428 339 88 30 quo
1466 339 101 30 impera

954 366 106 35 batur
1025 366 106 35 motus
1096 366 71 35 et
1131 366 83 35 ita
1178 366 94 35 iste
1237 366 106 35 actus
1308 366 94 35 erit
1367 366 153 35 immediate
1485 366 71 35 in
1509 366 47 35 po

958 393 127 31 testate
1051 393 162 31 voluntatis
1178 393 104 31 sicut
1247 393 104 31 dicit
1316 393 162 31 auctoritas
1432 393 127 31 allegata.

959 420 63 34 ⁋
985 420 76 34 Ad
1023 420 152 34 secundum
1137 420 140 34 negatur
1239 420 203 34 consequentia
1404 420 89 34 sed
1454 420 102 34 bene
1505 420 51 34 se

958 451 115 33 quitur
1039 451 92 33 quod
1097 451 150 33 immediate
1213 451 92 33 post
1270 451 81 33 hoc
1316 451 58 33 a
1340 451 104 33 actus
1409 451 81 33 vel
1455 451 127 33 aliquid

955 481 92 31 eius
1013 481 92 31 erit
1071 481 127 31 negatur
1163 481 104 31 tamen
1232 481 92 31 quod
1290 481 69 31 in
1324 481 115 31 aliquo
1405 481 138 31 instanti
1497 481 69 31 imme

961 506 110 35 diate
1034 506 98 35 post
1096 506 86 35 hoc
1145 506 110 35 erit.
1218 506 61 35 ⁋
1243 506 74 35 Ad
1279 506 135 35 tertium
1377 506 135 35 negatur
1463 506 98 35 conse-

960 535 148 33 quentia
1067 535 148 33 vltima.
1174 535 67 33 ⁋
1201 535 161 33 Secundum
1322 535 134 33 dubium
1416 535 134 33 contra
1496 535 67 33 se-

956 564 116 31 cundam
1038 564 186 31 conclusionem
1189 564 70 31 si
1223 564 139 31 voluntas
1328 564 116 31 possit
1409 564 116 31 subito
1479 564 81 31 dimit

959 593 88 31 tere
1014 593 99 31 actum
1080 593 154 31 prehabitum
1201 593 99 31 sicut
1267 593 99 31 dicit
1333 593 88 31 ista
1388 593 143 31 conclusio
1487 593 77 31 prae-

967 618 124 37 cipiatur
1059 618 103 37 igitur
1131 618 93 37 sorti
1193 618 82 37 quod
1245 618 103 37 cesset
1317 618 103 37 subito
1389 618 62 37 ab
1420 618 82 37 illo
1471 618 82 37 actu
1513 618 51 37 vo-

967 648 90 31 endi
1023 648 113 31 habito
1102 648 113 31 citra.
1181 648 68 31 a.
1215 648 124 31 instans
1305 648 135 31 meridiei
1406 648 68 31 et
1440 648 101 31 tamen
1496 648 68 31 sor.

957 677 74 35 non
1000 677 106 35 cessat
1074 677 127 35 sequitur
1169 677 84 35 quod
1221 677 106 35 peccet
1295 677 95 35 primo
1358 677 63 35 in
1390 677 63 35 a.
1422 677 84 35 quia
1464 677 95 35 numquam

958 704 93 30 ante
1016 704 69 30 a.
1051 704 93 30 fuit
1109 704 104 30 verum
1178 704 116 30 dicere
1259 704 93 30 iste
1317 704 116 30 peccat
1398 704 116 30 contra
1467 704 93 30 prece-

966 732 84 37 ptum
1019 732 84 37 sibi
1072 732 95 37 datum
1135 732 63 37 eo
1167 732 84 37 quod
1219 732 63 37 in
1251 732 126 37 quolibet
1346 732 126 37 instanti
1441 732 84 37 ante
1493 732 63 37 a.
1525 732 63 37 ad

960 761 78 32 huc
1004 761 133 32 restabit
1104 761 89 32 sibi
1160 761 111 32 tempus
1238 761 67 32 in
1271 761 100 32 cuius
1338 761 133 32 quolibet
1438 761 133 32 instanti
1527 761 44 32 po

954 790 97 37 tuit
1015 790 134 37 implere
1112 790 171 37 preceptum.
1246 790 61 37 ⁋
1271 790 85 37 Sed
1319 790 122 37 contra
1405 790 134 37 videtur
1490 790 73 37 quod

962 819 68 30 in
996 819 68 30 a.
1030 819 79 30 non
1075 819 124 30 tenetur
1165 819 124 30 cessare
1256 819 68 30 ab
1290 819 90 30 actu
1346 819 79 30 sed
1391 819 90 30 ante
1448 819 68 30 a.
1471 819 90 30 igitur

967 849 93 31 etc.
1026 849 81 31 nec
1072 849 105 31 etiam
1142 849 140 31 peccauit
1247 849 93 31 post
1305 849 70 31 a.
1340 849 93 31 quia
1398 849 151 31 preceptum
1503 849 58 31 non

960 879 163 27 extendebat
1088 879 70 27 se
1123 879 105 27 post.
1193 879 70 27 a.
1228 879 58 27 ⁋
1251 879 70 27 Et
1286 879 151 27 similiter
1402 879 151 27 deducitur
1507 879 58 27 ar-

959 904 132 33 gumentum
1058 904 66 33 si
1091 904 165 33 precipiatur
1223 904 88 33 quod
1279 904 110 33 sortes
1356 904 110 33 faciat
1433 904 99 33 talem
1488 904 77 33 actum

963 927 167 35 fuccessiue
1094 927 83 35 hic
1142 927 95 35 pono
1201 927 95 35 tres
1261 927 202 35 conclusiones.
1427 927 60 35 ⁋
1451 927 107 35 Prima
1511 927 60 35 con

968 962 104 31 clusio
1040 962 83 31 quod
1093 962 62 31 in
1124 962 94 31 dicto
1186 962 83 31 casu
1238 962 73 31 sor
1280 962 73 31 non
1322 962 94 31 primo
1384 962 104 31 peccat
1457 962 62 31 in
1488 962 62 31 a.
1509 962 52 31 pro

967 989 105 30 batur
1038 989 94 30 quia
1096 989 82 30 non
1143 989 129 30 omittit
1236 989 105 30 primo
1307 989 70 30 in
1342 989 70 30 a.
1377 989 105 30 cotra
1435 989 129 30 preceptum

975 1017 58 33 ⁋
999 1017 128 33 Secundo
1092 1017 93 33 quia
1150 1017 93 33 tunc
1209 1017 105 33 primo
1279 1017 82 33 est
1325 1017 93 33 sibi
1383 1017 175 33 impossibile
1523 1017 70 33 in

961 1047 102 32 plere
1029 1047 90 32 quod
1085 1047 147 32 preciptr.
1198 1047 57 32 ⁋
1221 1047 113 32 Tertio
1300 1047 79 32 sor
1345 1047 113 32 potest
1424 1047 68 32 in
1458 1047 68 32 a.
1481 1047 90 32 conte-

965 1076 72 33 ri
1001 1076 72 33 de
1037 1076 84 33 hoc
1085 1076 96 33 quod
1145 1076 108 33 prius
1217 1076 132 33 omisit.
1314 1076 60 33 ⁋
1338 1076 120 33 Quarto
1422 1076 84 33 cum
1470 1076 96 33 toto
1518 1076 48 33 ca

961 1103 63 30 su
993 1103 105 30 staret
1067 1103 84 30 quod
1119 1103 84 30 sor.
1172 1103 137 30 moreretur
1277 1103 63 30 in
1309 1103 63 30 a.
1340 1103 105 30 habens
1414 1103 84 30 vsum
1467 1103 105 30 liberi
1530 1103 42 30 ar

960 1129 109 33 bitrii
1036 1129 98 33 vsque
1101 1129 65 33 ad
1134 1129 65 33 a.
1166 1129 65 33 et
1199 1129 87 33 tunc
1253 1129 76 33 non
1297 1129 130 33 peccaret
1394 1129 65 33 in
1427 1129 65 33 a.
1460 1129 87 33 quia
1503 1129 76 33 esset

969 1161 104 31 extra
1039 1161 115 31 statum
1119 1161 92 31 vie.
1177 1161 58 31 ⁋
1200 1161 81 31 Sed
1246 1161 104 31 illud
1315 1161 81 31 est
1361 1161 115 31 contra
1442 1161 161 31 antissiodo

967 1187 68 33 rum
1006 1187 59 33 in
1036 1187 88 33 summa
1094 1187 117 33 sualibro
1182 1187 107 33 secundo
1260 1187 117 33 capitulo
1348 1187 49 33 d
1367 1187 49 33 3
1387 1187 88 33 dicit
1445 1187 78 33 quod
1494 1187 59 33 si
1513 1187 59 33 pre-

970 1213 108 34 ceptum
1046 1213 97 34 esset
1111 1213 108 34 alicui
1187 1213 87 34 quod
1241 1213 141 34 cogitaret
1349 1213 65 34 de
1381 1213 76 34 deo
1425 1213 87 34 ante
1468 1213 108 34 terminum

959 1240 104 36 huius
1029 1240 92 36 diei
1087 1240 69 36 si
1121 1240 81 36 non
1167 1240 127 36 cogitat
1260 1240 81 36 non
1306 1240 81 36 est
1352 1240 162 36 culpabilis
1480 1240 92 36 ante
1526 1240 46 36 fi

972 1273 79 33 nem
1017 1273 91 33 diei
1074 1273 68 33 in
1108 1273 113 33 aliquo
1187 1273 136 33 instanti
1289 1273 91 33 quia
1346 1273 102 33 inter
1414 1273 102 33 illud
1471 1273 102 33 instans

965 1302 73 37 et
1001 1302 109 37 finem
1074 1302 97 37 diei
1135 1302 85 37 est
1183 1302 133 37 aliquod
1280 1302 121 37 tempus
1365 1302 73 37 in
1401 1302 85 37 quo
1450 1302 121 37 potest
1523 1302 48 37 im

964 1330 106 32 plere
1035 1330 153 32 preceptum
1153 1330 71 32 et
1188 1330 94 32 ideo
1247 1330 82 32 non
1294 1330 141 32 sequitur
1400 1330 118 32 sortes
1471 1330 106 32 teneba-

964 1360 88 32 tur
1015 1360 151 32 cogitare
1128 1360 76 32 de
1166 1360 88 32 deo
1217 1360 101 32 ante
1280 1360 151 32 terminum
1393 1360 114 32 huius
1469 1360 101 32 diei
1520 1360 50 32 et

969 1385 92 30 non
1022 1385 145 30 cogitat
1127 1385 132 30 igitur
1220 1385 198 30 omittitante
1378 1385 158 30 terminum
1484 1385 92 30 huius

962 1414 101 32 diei
1026 1414 114 32 debet
1101 1414 101 32 enim
1165 1414 101 32 addi
1228 1414 88 32 vel
1278 1414 164 32 contraxit
1405 1414 139 32 maculam
1493 1414 76 32 omit

967 1440 115 32 sionis
1047 1440 69 32 in
1081 1440 126 32 termino
1173 1440 103 32 huius
1242 1440 92 32 diei
1299 1440 69 32 et
1333 1440 69 32 in
1368 1440 80 32 hoc
1414 1440 160 32 concordant
1528 1440 46 32 se

970 1472 80 29 cum
1015 1472 114 29 plures
1095 1472 136 29 moderni.
1197 1472 57 29 ⁋
1220 1472 91 29 Huic
1277 1472 125 29 rationi
1367 1472 125 29 dicitur
1458 1472 102 29 sicut
1527 1472 68 29 ad

967 1497 145 35 septimum
1076 1497 182 35 precedentis
1221 1497 170 35 questionis
1355 1497 97 35 quod
1415 1497 145 35 supponit
1512 1497 61 35 fal

965 1527 81 28 sum
1012 1527 139 28 scilicet
1116 1527 92 28 quod
1173 1527 116 28 libere
1254 1527 104 28 vltra
1324 1527 150 28 quodlibet
1439 1527 127 28 instans
1520 1527 58 28 ci-

963 1554 86 32 tra.
1017 1554 65 32 a.
1050 1554 108 32 possit
1125 1554 129 32 differre
1222 1554 65 32 et
1254 1554 108 32 libere
1330 1554 129 32 differre
1427 1554 151 32 canetionem
1535 1554 43 32 ta

968 1582 83 37 lis
1016 1582 107 37 actus
1087 1582 119 37 subito
1171 1582 167 37 causabilis
1302 1582 95 37 sibi
1361 1582 143 37 precepti
1469 1582 95 37 quod
1516 1582 60 37 non

970 1612 86 34 est
1019 1612 111 34 verum
1093 1612 98 34 quia
1154 1612 135 34 dabitur
1252 1612 123 34 tempus
1338 1612 86 34 ita
1388 1612 123 34 paruum
1474 1612 98 34 ante
1523 1612 49 34 a.

974 1642 78 31 quod
1023 1642 78 31 post
1072 1642 78 31 eius
1121 1642 108 31 initium
1199 1642 68 31 non
1238 1642 117 31 sufficit
1326 1642 98 31 sortes
1395 1642 137 31 deliberare
1503 1642 59 31 et
1522 1642 49 31 ad-

976 1670 154 30 uertentur
1095 1670 119 30 exequi
1178 1670 107 30 actum
1249 1670 95 30 sibi
1308 1670 154 30 preceptum
1427 1670 71 30 vt
1450 1670 119 30 tenetur.

986 1699 81 29 Sed
1033 1699 81 29 hic
1079 1699 150 29 diceretur
1194 1699 92 29 quod
1251 1699 104 29 forte
1321 1699 104 29 stare
1390 1699 127 29 poterit
1470 1699 104 29 contive

973 1726 78 34 per
1018 1726 101 34 totum
1085 1726 145 34 huiusmodi
1197 1726 112 34 tempus
1275 1726 67 34 in
1308 1726 101 34 eadem
1376 1726 190 34 deliberatione
1521 1726 56 34 nol

975 1753 72 36 et
1011 1753 108 36 tamen
1083 1753 120 36 exequi
1167 1753 108 36 adhuc
1239 1753 72 36 si
1275 1753 120 36 vellet
1360 1753 144 36 vlterius
1456 1753 120 36 differre

985 1784 88 32 Sed
1036 1784 101 32 tunc
1099 1784 177 32 diligenter
1238 1784 139 32 oportet
1339 1784 152 32 cauerene
1453 1784 88 32 sic
1491 1784 88 32 diffe

965 1812 85 36 rat
1014 1812 110 36 vltra
1087 1812 171 36 principium
1221 1812 85 36 vel
1269 1812 110 36 vsque
1343 1812 73 36 ad
1379 1812 171 36 principium
1501 1812 73 36 mini

968 1840 177 31 mitemporis
1107 1840 88 31 vel
1158 1840 76 31 ab
1195 1840 76 31 eo
1233 1840 214 31 perceptibilis
1410 1840 114 31 citra
1486 1840 76 31 a.
1511 1840 63 31 vel

968 1866 114 33 maximi
1047 1866 91 33 quod
1104 1866 80 33 non
1150 1866 91 33 quia
1207 1866 68 33 ex
1241 1866 91 33 tunc
1298 1866 80 33 non
1344 1866 91 33 erit
1401 1866 68 33 in
1435 1866 80 33 sua
1469 1866 103 33 potesta

966 1895 66 36 te
999 1895 132 36 scienter
1098 1895 66 36 et
1132 1895 110 36 libere
1209 1895 110 36 facere
1286 1895 77 36 vel
1330 1895 99 36 velle
1396 1895 88 36 quod
1452 1895 88 36 sibi
1496 1895 77 36 prae-

961 1922 123 38 ciptur.
1050 1922 56 38 ⁋
1072 1922 67 38 Ad
1106 1922 178 38 antisiodorum
1251 1922 134 38 dicendum
1351 1922 89 38 quod
1396 1922 178 38 ipseymaginatur

965 1953 113 33 omnem
1040 1953 125 33 partem
1127 1953 150 33 temporis
1240 1953 75 33 in
1277 1953 163 33 infinitum
1402 1953 163 33 diuidendo
1515 1953 63 33 ver

962 1977 82 33 sus
1009 1977 105 33 minus
1079 1977 175 33 intellectum
1219 1977 129 33 creatum
1313 1977 105 33 posse
1383 1977 152 33 distincte
1488 1977 82 33 cogno

964 2008 108 31 scere
1036 2008 72 31 et
1072 2008 96 31 illo
1133 2008 157 31 supposito
1253 2008 84 31 non
1301 2008 132 31 viderem
1397 2008 108 31 fugam
1458 2008 120 31 meliorem

966 2034 97 35 quam
1027 2034 109 35 suam.
1099 2034 61 35 ⁋
1124 2034 85 35 Sed
1172 2034 109 35 adhuc
1245 2034 109 35 talis
1318 2034 146 35 peccaret
1427 2034 134 35 volendo
1512 2034 61 35 sic

959 2066 141 46 differre
1065 2066 94 46 quia
1124 2066 71 46 se
1160 2066 153 46 exponeret
1277 2066 141 46 periculo
1383 2066 106 46 sicut
1454 2066 82 46 rei
1490 2066 82 46 euen
