1773 2500
190 220 78 42 tus
235 220 90 42 tunc
291 220 135 42 edoceret
392 220 67 42 et
425 220 90 42 ideo
481 220 78 42 vel
526 220 202 42 interpretatiue
683 220 101 42 conten-

189 257 101 36 neret
256 257 78 36 vel
301 257 112 36 saltem
379 257 78 36 non
424 257 123 36 haberet
514 257 67 36 se
547 257 90 36 erga
603 257 168 36 impletionem
727 257 67 36 prae

191 284 93 34 cepti
252 284 93 34 sicut
314 284 134 34 teneretur
417 284 62 34 se
448 284 103 34 habere
520 284 62 34 et
551 284 72 34 per
592 284 144 34 consequens
706 284 62 34 ab
726 284 62 34 illo

194 314 139 33 instanti
299 314 70 33 et
334 314 139 33 deinceps
438 314 81 33 sic
485 314 198 33 praesumeretur
648 314 116 33 nolens
717 314 70 33 quia

189 338 66 35 si
222 338 110 35 postea
299 338 88 35 ante
354 338 66 35 a.
387 338 165 35 exequeretur
520 338 88 35 quod
575 338 88 35 sibi
630 338 154 35 precipitur
740 338 44 35 ad

186 373 79 34 huc
231 373 135 34 peccaret
332 373 68 34 et
366 373 79 34 hec
411 373 90 34 sua.
467 373 56 34 ⁋
490 373 147 34 Responsio
603 373 79 34 non
648 373 113 34 potest
715 373 68 34 eua-

180 399 110 35 dere
249 399 124 35 omnia
332 399 193 35 argumenta.
483 399 69 35 ⁋
511 399 96 35 Pro
566 399 96 35 mea
607 399 179 35 conclusione

191 433 119 34 posita
274 433 119 34 igitur
357 433 95 34 etc.
416 433 59 34 ⁋
440 433 130 34 Secundo
535 433 95 34 dico
594 433 71 34 ad
630 433 107 34 istum
689 433 95 34 docto-

189 462 73 29 rem
230 462 83 29 quod
282 462 73 29 non
323 462 124 29 absolute
417 462 114 29 inheret
500 462 83 29 illi
552 462 156 29 responsioni
676 462 83 29 quod
717 462 73 29 patet

190 488 77 29 ex
229 488 129 29 dictis
319 488 77 29 et
357 488 77 29 ex
396 488 103 29 eius
460 488 193 29 responsione
615 488 77 29 ad
641 488 154 29 argumentum

184 516 114 30 satis
260 516 114 30 bonum
336 516 76 30 in
374 516 89 30 hac
425 516 139 30 materia
526 516 114 30 iuxta
602 516 139 30 similem
691 516 101 30 formam

186 542 118 34 tertie
269 542 141 34 rationis
374 542 141 34 superius
480 542 118 34 posite
563 542 71 34 in
598 542 153 34 principio
704 542 82 34 dubil

180 568 139 36 secundi
281 568 126 36 huius.
370 568 63 36 ⁋
395 568 151 36 Quilibet
508 568 126 36 inquit
597 568 88 36 qui
635 568 151 36 mortaliter

179 595 110 41 peccat
256 595 121 41 tenetur
344 595 121 41 conteri
432 595 77 41 sit
476 595 110 41 igitur
552 595 66 41 a.
585 595 121 41 instans
673 595 66 41 in
706 595 77 41 quo
739 595 55 41 vel

180 628 106 38 prius
251 628 129 38 tenetur
345 628 118 38 habere
427 628 106 38 actum
498 628 165 38 conterendi
627 628 71 38 et
663 628 106 38 tamen
733 628 82 38 non

180 655 162 33 conteritur
307 655 69 33 in
342 655 69 33 a.
377 655 81 33 nec
423 655 104 33 prius
492 655 115 33 igitur
573 655 69 33 in
607 655 69 33 a.
642 655 81 33 est
677 655 115 33 peccator

180 687 73 36 si
216 687 184 36 conceditur.
363 687 61 36 ⁋
388 687 122 36 Contra
474 687 86 36 aut
523 687 135 36 tenetur
621 687 135 36 conteri
719 687 73 36 in
743 687 49 36 a.

181 709 71 35 aut
221 709 71 35 non
262 709 61 35 si
292 709 71 35 non
333 709 101 35 igitur
403 709 71 35 non
444 709 111 35 omittit
525 709 61 35 in
555 709 61 35 a.
586 709 61 35 ex
616 709 71 35 hoc
656 709 81 35 quod
707 709 71 35 non
737 709 51 35 con

184 744 113 30 teritur
266 744 61 30 si
296 744 72 30 sic
337 744 72 30 hoc
378 744 72 30 est
419 744 154 30 impossibile
542 744 82 30 sibi
593 744 82 30 cum.
644 744 61 30 a.
675 744 72 30 sit
716 744 61 30 et
747 744 72 30 non

180 766 168 35 conteritur
312 766 84 35 per
360 766 108 35 casum
432 766 96 35 tunc
493 766 96 35 enim
553 766 156 35 teneretur
673 766 72 35 ad
697 766 96 35 impos-

178 797 131 31 sibile.
273 797 59 31 ⁋
297 797 71 31 Ad
333 797 83 31 hoc
380 797 154 31 respondet
499 797 95 31 quod
558 797 131 31 aliquis
653 797 119 31 potest
725 797 71 31 omit

182 826 89 31 tere
237 826 67 31 ex
271 826 78 31 hoc
315 826 89 31 quod
370 826 78 31 non
415 826 155 31 conteritur
537 826 67 31 in
570 826 78 31 hoc
615 826 133 31 instanti
714 826 78 31 nec
748 826 44 31 ta

179 854 78 35 men
223 854 89 35 dico
279 854 111 35 inquit
356 854 89 35 quod
412 854 144 35 teneretur
523 854 122 35 conteri
612 854 67 35 in
645 854 78 35 hoc
678 854 111 35 instanti

183 879 99 37 quia
245 879 87 37 hoc
294 879 112 37 esset
369 879 186 37 impossibile
518 879 99 37 quia
580 879 112 37 sicut
654 879 99 37 omne
717 879 99 37 quod

183 908 71 38 est
224 908 81 38 etc.
274 908 71 38 ita
315 908 81 38 omne
366 908 81 38 quod
417 908 71 38 non
458 908 81 38 est.
509 908 71 38 sed
550 908 81 38 ideo
600 908 112 38 omittit
682 908 61 38 id
713 908 71 38 est
743 908 51 38 ma-

179 938 102 33 culam
246 938 158 33 omissionis
371 938 147 33 contrahit
483 938 90 33 quia
540 938 79 33 non
585 938 158 33 conteritur
709 938 68 33 in
732 938 56 33 hoc

185 965 124 34 instanti
277 965 72 34 vel
319 965 93 34 ante.
381 965 52 34 ⁋
401 965 82 34 Unde
453 965 124 34 notandum
546 965 124 34 secundum
638 965 93 34 ipsum
700 965 82 34 quod
741 965 52 34 cum

178 992 94 33 homo
237 992 118 33 peccat
320 992 82 33 non
367 992 118 33 statim
449 992 130 33 omittit
544 992 71 33 ex
579 992 82 33 hoc
626 992 94 33 quod
685 992 82 33 non
720 992 71 33 con-

187 1026 112 34 teritur
268 1026 132 34 quiandium
370 1026 153 34 impossibile
493 1026 92 34 esset
554 1026 82 34 quod
605 1026 102 34 statim
666 1026 122 34 conteretur

188 1047 84 39 quia
241 1047 63 39 ad
273 1047 74 39 hoc
315 1047 84 39 quod
367 1047 168 39 aliquaendodo
504 1047 147 39 conteratur
620 1047 116 39 oportet
704 1047 84 39 quod
746 1047 53 39 pri

185 1081 75 33 us
222 1081 163 33 deliberet
347 1081 163 33 cogitando
472 1081 75 33 de
510 1081 138 33 peccato
610 1081 88 33 suo
660 1081 75 33 et
697 1081 75 33 de
722 1081 75 33 pena

180 1105 105 36 eterna
254 1105 63 36 et
286 1105 84 36 mina
338 1105 63 36 et
370 1105 137 36 huiusmodi
475 1105 105 36 dantur
549 1105 84 36 enim
602 1105 116 36 inducie
686 1105 53 36 a
707 1105 74 36 deo
738 1105 53 36 tem

185 1137 72 33 pus
226 1137 185 33 deliberationis
380 1137 72 33 sed
421 1137 82 33 quam
472 1137 113 33 tempons
555 1137 113 33 precise
637 1137 82 33 deus
688 1137 82 33 scit
729 1137 62 33 tene

178 1161 82 31 tur
225 1161 117 31 igitur
307 1161 129 31 conteri
401 1161 70 31 in
437 1161 129 31 tempore
531 1161 164 31 indutiarum
660 1161 82 31 vel
707 1161 70 31 in
730 1161 59 31 ter

178 1189 97 36 mino
238 1189 121 36 illius
323 1189 145 36 temporis
432 1189 72 36 et
468 1189 72 36 si
504 1189 85 36 non
552 1189 169 36 conteratur
685 1189 72 36 in
722 1189 97 36 illo

178 1219 128 37 tempone
271 1219 81 37 vel
318 1219 70 37 in
353 1219 128 37 termino
446 1219 116 37 illius
527 1219 128 37 omnttit
620 1219 105 37 idest
678 1219 116 37 peccatum

178 1247 174 35 omissionis
314 1247 87 35 seu
364 1247 137 35 maculam
464 1247 162 35 contrahit
588 1247 100 35 tunc
650 1247 100 35 enim
700 1247 87 35 primo

179 1271 82 36 est
226 1271 198 36 vituperabilis
389 1271 70 36 et
424 1271 128 36 omittit
518 1271 70 36 ex
553 1271 82 36 hoc
600 1271 93 36 quod
658 1271 82 36 non
693 1271 105 36 conteri

180 1302 82 34 tur
227 1302 82 34 cum
274 1302 82 34 non
321 1302 117 34 fuerit
403 1302 105 34 prius
473 1302 152 34 contritus
590 1302 70 34 et
625 1302 152 34 tenebatur
730 1302 59 34 pri

178 1329 69 33 us
212 1329 126 33 conteri
304 1329 69 33 in
338 1329 80 33 hoc
384 1329 138 33 instanti
487 1329 80 33 vel
533 1329 126 33 anteret
625 1329 92 33 tunc
682 1329 103 33 addit
751 1329 69 33 ad

182 1357 76 39 huc
226 1357 87 39 quod
280 1357 76 39 est
324 1357 142 39 directius
433 1357 65 39 ad
466 1357 153 39 propositum
586 1357 98 39 dcens
651 1357 65 39 si
684 1357 98 39 tamen
738 1357 55 39 fue

180 1390 72 32 rit
221 1390 72 32 vis
262 1390 62 32 in
293 1390 72 32 hoc
334 1390 82 32 quod
385 1390 134 32 contritio
488 1390 103 32 exigit
560 1390 103 32 tempus
632 1390 113 32 quandom
714 1390 62 32 ad
735 1390 51 32 hoc

182 1414 103 39 quod
246 1414 141 39 aliquis
349 1414 180 39 conteratur
491 1414 141 39 oportet
593 1414 116 39 multa
658 1414 141 39 precedere

187 1447 68 32 vt
221 1447 113 32 dictum
300 1447 90 32 est.
356 1447 57 32 ⁋
379 1447 136 32 Secundum
481 1447 79 32 hoc
526 1447 136 32 dicendum
628 1447 79 32 est
673 1447 90 32 quod
718 1447 68 32 ista

186 1471 81 32 non
233 1471 128 32 omittit
326 1471 70 32 in
361 1471 128 32 termino
454 1471 140 32 temporis
558 1471 163 32 indutiarum
686 1471 81 32 est
721 1471 70 32 enim

180 1500 116 34 inquit
261 1500 150 34 generalis
377 1500 139 34 doctrina
481 1500 92 34 quod
539 1500 69 34 si
573 1500 208 34 aliquistenetur
747 1500 69 34 ad

180 1531 127 32 aliquam
273 1531 138 32 actionem
377 1531 69 32 in
411 1531 81 32 hac
457 1531 81 32 die
504 1531 69 32 si
538 1531 92 32 ista
596 1531 104 32 actio
665 1531 115 32 exigit
734 1531 58 32 tem

181 1557 80 36 pus
226 1557 68 36 ad
260 1557 80 36 sui
306 1557 183 36 complexionem
455 1557 80 36 nec
500 1557 114 36 potest
580 1557 126 36 impleri
671 1557 68 36 in
694 1557 103 36 instan-

181 1583 70 35 ti
216 1583 93 35 tunc
274 1583 174 35 contraliter
413 1583 128 35 omissio
506 1583 81 35 non
552 1583 70 35 in
587 1583 128 35 termino
680 1583 81 35 sed
715 1583 81 35 citra

185 1613 142 31 terminum
292 1613 71 31 in
327 1613 142 31 instanti
434 1613 71 31 in
470 1613 83 31 quo
517 1613 154 31 efficitur
636 1613 142 31 impotens
743 1613 71 31 ad

177 1642 106 31 illam
248 1642 141 31 actionem
354 1642 71 31 in
389 1642 82 31 hac
436 1642 82 31 die
483 1642 82 31 hec
530 1642 94 31 ille
589 1642 71 31 in
612 1642 141 31 sententia.

190 1656 65 50 ⁋
216 1656 156 50 Notandum
333 1656 104 50 quod
398 1656 117 50 iuxta
476 1656 130 50 primam
567 1656 221 50 ymaginationem
736 1656 52 50 hu

183 1698 95 35 ius
238 1698 163 35 doctoris
360 1698 149 35 dicitur
468 1698 81 35 ad
509 1698 135 35 primum
603 1698 190 35 argumentum
739 1698 54 35 me

188 1724 66 35 um
221 1724 87 35 quod
275 1724 98 35 licet
341 1724 109 35 sortes
418 1724 98 35 nihil
483 1724 131 35 teneatur
581 1724 109 35 facere
658 1724 66 35 in
691 1724 66 35 a.
713 1724 76 35 tanim

176 1751 102 40 nunc
240 1751 115 40 primo
317 1751 102 40 sibi
380 1751 166 40 repuiatur
508 1751 77 40 ad
546 1751 115 40 penam
623 1751 77 40 et
661 1751 77 40 ad
687 1751 102 40 culpam

188 1781 82 37 quod
239 1781 82 37 ante
290 1781 61 37 a.
321 1781 72 37 non
362 1781 92 37 fecit
423 1781 82 37 quod
475 1781 82 37 ante
526 1781 51 37 a
546 1781 102 37 facere
618 1781 133 37 tenebatur
720 1781 61 37 et
741 1781 51 37 hoc

185 1807 110 37 debet
258 1807 160 37 intelligi
381 1807 86 37 per
430 1807 123 37 sortem
516 1807 98 37 modo
577 1807 110 37 primo
639 1807 147 37 contrahere

178 1839 142 32 maculam
281 1839 193 32 difformiter
436 1839 181 32 omissionis
578 1839 142 32 peccati
681 1839 77 32 ad
707 1839 90 32 modum

178 1866 141 31 loquendi
284 1866 141 31 doctoris
390 1866 59 31 2
413 1866 82 31 et.
460 1866 59 31 5
484 1866 153 31 fundantur
601 1866 106 31 super
660 1866 129 31 principia

179 1894 130 33 secunde
274 1894 201 33 ymaginationis
439 1894 94 33 vere
498 1894 71 33 in
533 1894 83 33 hac
581 1894 130 33 materia
675 1894 94 33 quae
722 1894 71 33 pri-

185 1927 109 30 cipia
258 1927 158 30 oporteret
379 1927 85 30 eum
428 1927 122 30 negare
513 1927 109 30 licet
586 1927 97 30 sint
647 1927 122 30 multum
720 1927 73 30 eui-

189 1947 119 36 dentia
272 1947 95 36 apud
332 1947 83 36 me.
379 1947 59 36 ⁋
403 1947 71 36 Ad
439 1947 131 36 tertium
534 1947 71 36 de
569 1947 178 36 contritione
700 1947 95 36 dicen-

177 1976 89 41 dum
228 1976 115 41 esset
305 1976 153 41 secundum
419 1976 217 41 ymaginationem
598 1976 115 41 istam
674 1976 102 41 quod
725 1976 64 41 non

184 2013 79 29 est
229 2013 68 29 in
263 2013 147 29 potestate
376 2013 79 29 sua
421 2013 136 29 naturali
523 2013 79 29 cum
569 2013 136 29 generali
670 2013 79 29 dei
704 2013 91 29 influ-

183 2038 76 33 tia
226 2038 87 33 tunc
281 2038 119 33 conteri
367 2038 65 33 ex
400 2038 76 33 hoc
443 2038 87 33 quod
497 2038 141 33 contritio
605 2038 97 33 plura
659 2038 130 33 supponitet

190 2062 81 51 ideo
241 2062 71 51 non
281 2062 102 51 potest
352 2062 112 51 conteri
434 2062 61 51 in
464 2062 122 51 instanti
555 2062 61 51 in
586 2062 71 51 quo
627 2062 102 51 peccat
698 2062 71 51 nec
728 2062 61 51 sta

817 209 80 51 tim
862 209 102 51 post.
930 209 57 51 ⁋
953 209 80 51 Sed
999 209 136 51 fortiter
1101 209 114 51 contra
1181 209 80 51 hoc
1226 209 91 51 stat
1283 209 114 51 quarta
1351 209 57 51 ra-

813 261 90 30 tior
869 261 90 30 quia
925 261 90 30 tunc
981 261 123 30 aliquis
1070 261 101 30 iuste
1137 261 112 30 posset
1216 261 123 30 damnari
1305 261 101 30 etiam
1361 261 56 30 se-

815 288 112 31 cundum
893 288 146 31 ordinatam
1005 288 78 31 dei
1050 288 146 31 iusticiam
1162 288 78 31 qui
1207 288 123 31 numquam
1286 288 123 31 peccasset

807 318 171 33 mortaliter
941 318 73 33 in
978 318 98 33 vita
1039 318 85 33 sua
1087 318 98 33 quia
1149 318 134 33 ponatur
1246 318 85 33 cum
1295 318 98 33 casu
1344 318 73 33 prio

812 344 68 31 ri
846 344 90 31 quod
902 344 102 31 talis
970 344 79 31 non
1015 344 158 31 peccauerit
1139 344 90 31 alio
1195 344 124 31 peccato
1286 344 124 31 mortali
1376 344 68 31 ab

809 372 96 30 illo
869 372 109 30 dequo
942 372 84 30 est
990 372 109 30 sermo
1062 372 84 30 ymo
1110 372 181 30 precipiatur
1255 372 96 30 sibi
1316 372 84 30 sub
1352 372 60 30 pe-

808 401 67 36 na
841 401 112 36 mortis
920 401 157 36 temporalis
1043 401 67 36 in
1077 401 56 36 a
1099 401 157 36 infligende
1222 401 90 36 nisi
1279 401 112 36 faciat
1346 401 67 36 quod

814 430 143 34 precipitr
924 430 88 34 sibi
979 430 110 34 citra.
1056 430 66 34 a.
1089 430 66 34 et
1122 430 99 34 etiam
1188 430 77 34 sub
1232 430 88 34 pena
1276 430 143 34 damnationis

808 459 111 32 eterne
885 459 122 32 ponatur
974 459 111 32 igitur
1052 459 100 32 iuxta
1118 459 100 32 talem
1184 459 188 32 comminationem
1328 459 89 32 factam

813 490 78 33 quod
862 490 68 33 sor
901 490 58 33 in
930 490 126 33 instanti.
1026 490 58 33 a.
1056 490 97 33 absque
1123 490 145 33 infirmitate
1240 490 136 33 precedente
1346 490 58 33 oe
1366 490 48 33 po-

809 513 96 39 tentia
876 513 67 39 dei
915 513 115 39 moriatur
1001 513 77 39 tunc
1049 513 134 39 damnabiter
1154 513 57 39 et
1183 513 86 39 tamen
1241 513 67 39 dum
1279 513 86 39 vixit
1327 513 86 39 numquam

806 541 166 34 mortaliter
936 541 71 34 pe
972 541 118 34 ccauit
1055 541 118 34 igitur
1138 541 118 34 melius
1221 541 130 34 videtur
1303 541 107 34 refuge-

813 572 79 29 re
852 572 79 29 ad
892 572 157 29 secundam
1010 572 223 29 ymaginationem
1193 572 131 29 tactam
1285 572 79 29 in
1311 572 105 29 quadam

806 601 127 32 ratione
899 601 115 32 contra
979 601 127 32 primam.
1071 601 58 32 ⁋
1094 601 92 32 Ista
1152 601 127 32 solutio
1244 601 104 32 inter
1313 601 104 32 alias
1371 601 46 32 vi

804 627 109 31 detur
876 627 121 31 verior
961 627 72 31 et
997 627 109 31 sequi
1070 627 72 31 ex
1106 627 97 31 casu
1166 627 85 31 qui
1215 627 85 31 non
1263 627 133 31 obligat
1360 627 72 31 ad
1384 627 36 31 a

806 653 130 34 liquid
897 653 117 34 cuius
975 653 143 34 omissio
1079 653 169 34 imputetur
1209 653 78 34 ad
1248 653 130 34 culpam
1326 653 91 34 ante.

812 687 64 31 a.
844 687 64 31 et
876 687 75 31 sic
919 687 64 31 in
951 687 85 31 casu
1004 687 171 31 concederetur
1143 687 85 31 quod
1196 687 96 31 talis
1260 687 128 31 decedens
1356 687 64 31 in
1377 687 43 31 a.

811 711 80 33 dam
856 711 125 33 naretur
947 711 80 33 pro
992 711 102 33 culpa
1061 711 91 33 quae
1117 711 91 33 sibi
1174 711 102 33 primo
1242 711 148 33 imputatur
1356 711 68 33 in
1379 711 45 33 a.

811 740 78 28 dum
855 740 78 28 est
900 740 100 28 extra
966 740 89 28 viam
1022 740 67 28 ex
1055 740 67 28 eo
1088 740 89 28 quod
1144 740 144 28 tenebatur
1255 740 166 28 aliqualiter
1377 740 44 28 se

807 764 117 35 habere
889 764 82 35 vel
936 764 105 35 agere
1006 764 93 35 ante
1064 764 70 35 a.
1099 764 140 35 qualiter
1204 764 128 35 numquam
1297 764 70 35 se
1321 764 93 35 habuit

814 800 79 30 vel
859 800 91 30 egit
916 800 91 30 ante
972 800 68 30 a.
1006 800 79 30 dum
1052 800 102 30 vixit
1120 800 102 30 licet
1187 800 113 30 igitur
1267 800 68 30 in
1301 800 91 30 illo
1346 800 68 30 casu

814 823 104 35 posset
887 823 115 35 concedi
970 823 63 35 in
1001 823 104 35 agiste
1075 823 84 35 quod
1127 823 84 35 ille
1179 823 136 35 tenebatur
1283 823 104 35 habere
1346 823 73 35 talem

809 852 93 36 actum
871 852 83 36 ante
923 852 62 36 a.
954 852 62 36 in
985 852 93 36 nullo
1047 852 93 36 tamen
1110 852 114 36 tempore
1193 852 73 36 vel
1234 852 125 36 instanti
1317 852 104 36 antecede

810 881 67 33 a.
843 881 145 33 tenebatur
955 881 111 33 habere
1032 881 100 33 illum
1099 881 100 33 actum
1166 881 67 33 et
1199 881 89 33 ideo
1255 881 122 33 ancedeo
1344 881 67 33 a.
1366 881 56 33 nun

808 908 87 32 quam
862 908 87 32 fuit
917 908 98 32 verum
982 908 109 32 dicere
1058 908 87 32 quod
1113 908 87 32 ille
1167 908 120 32 omittit
1254 908 141 32 omissione
1363 908 76 32 que

811 934 77 35 sit
855 934 132 35 carentia
954 934 99 35 actus
1020 934 176 35 debiticeodem
1164 934 88 35 modo
1219 934 176 35 intelligitur
1351 934 66 35 exem

806 967 98 32 plum
867 967 134 32 sequens
965 967 73 32 de
1001 967 208 32 reprehensione
1173 967 171 32 libidinis.
1307 967 61 32 ⁋
1319 967 98 32 Commu-

806 994 115 33 niter
883 994 115 33 tamen
960 994 141 33 videtur
1062 994 154 33 dicendum
1178 994 154 33 secundum
1293 994 115 33 istum
1357 994 64 33 do-

812 1020 105 37 ctorem
885 1020 84 37 quod
937 1020 63 37 in
969 1020 84 37 vita
1021 1020 73 37 sua
1063 1020 84 37 iste
1116 1020 105 37 omisit
1189 1020 84 37 sibi
1242 1020 105 37 facere
1305 1020 115 37 preceptum

808 1052 113 30 idest
884 1052 126 30 caruit
972 1052 101 30 actu
1035 1052 101 30 quem
1098 1052 164 30 tenebatur
1224 1052 126 30 aliquo
1300 1052 113 30 tempore

808 1076 152 35 habuisse
922 1076 88 35 quo
973 1076 114 35 vixit
1048 1076 88 35 sed
1099 1076 139 35 maculam
1200 1076 177 35 omissionis
1327 1076 88 35 primo

807 1104 148 36 contraxit
921 1104 68 36 in
955 1104 68 36 a.
989 1104 68 36 in
1023 1104 80 36 quo
1069 1104 80 36 non
1115 1104 103 36 vixit
1183 1104 91 36 tunc
1240 1104 91 36 enim
1297 1104 103 36 primo
1355 1104 68 36 impu

811 1133 105 29 tatur
881 1133 93 29 sibi
939 1133 70 29 ad
974 1133 116 29 culpam
1056 1133 70 29 et
1091 1133 105 29 penam
1161 1133 93 29 quod
1219 1133 93 29 actu
1277 1133 93 29 tali
1324 1133 93 29 caruit

814 1162 66 31 ad
847 1162 66 31 a.
880 1162 55 31 ⁋
902 1162 88 31 Unde
957 1162 132 31 sciendum
1057 1162 77 31 est
1101 1162 132 31 secundum
1200 1162 77 31 cum
1244 1162 88 31 quod
1300 1162 121 31 omissio
1377 1162 44 31 si

807 1187 147 35 gnificat
917 1187 160 35 carentiam
1040 1187 111 35 actus
1114 1187 123 35 debiti
1200 1187 61 35 ⁋
1224 1187 98 35 Item
1286 1187 123 35 signat
1360 1187 61 35 dif

812 1216 161 34 formitatem
938 1216 104 34 culpe
1007 1216 161 34 omissionis
1134 1216 69 34 et
1168 1216 150 34 quandoque
1283 1216 104 34 talis
1341 1216 81 34 caren

810 1244 83 33 tia
858 1244 107 33 actus
929 1244 119 33 debiti
1013 1244 72 33 et
1048 1244 179 33 difformitas
1192 1244 72 33 ex
1227 1244 95 33 inde
1275 1244 143 33 proueniens

813 1274 79 32 non
858 1274 181 32 compatiuntur
1005 1274 68 32 se
1038 1274 102 32 sicut
1106 1274 90 32 ipse
1162 1274 135 32 declarat
1264 1274 68 32 in
1298 1274 124 32 exemplo
1377 1274 45 32 de

816 1301 176 32 cogitatione
957 1301 129 32 habenda
1051 1301 71 32 de
1087 1301 82 32 deo
1134 1301 106 32 citra
1204 1301 71 32 a.
1240 1301 94 32 quia
1298 1301 82 32 nec
1345 1301 71 32 in
1369 1301 47 32 a.

806 1329 81 34 nec
853 1329 93 34 ante
911 1329 70 34 a.
946 1329 128 34 omittit
1039 1329 93 34 ille
1097 1329 151 34 omissione
1213 1329 81 34 que
1259 1329 81 34 sit
1294 1329 116 34 carentia

811 1355 107 35 actus
883 1355 119 35 debiti
966 1355 95 35 quia
1025 1355 83 35 pro
1073 1355 107 35 nullo
1144 1355 202 35 instanticitra
1311 1355 71 35 a.
1335 1355 83 35 tene-

810 1386 82 35 tur
857 1386 117 35 habere
939 1386 105 35 actum
1009 1386 105 35 illum
1079 1386 82 35 nec
1125 1386 70 35 in
1160 1386 70 35 a.
1195 1386 93 35 quia
1254 1386 70 35 in
1289 1386 70 35 a.
1324 1386 82 35 est
1359 1386 58 35 im-

822 1415 148 34 possibile
935 1415 91 34 sibi
992 1415 113 34 habere
1071 1415 102 34 illum
1139 1415 102 34 actum
1207 1415 68 34 ex
1241 1415 79 34 quo
1287 1415 91 34 tunc
1344 1415 79 34 non
1378 1415 45 34 ha

810 1443 91 33 bet
862 1443 91 33 eum
914 1443 91 33 ymo
966 1443 91 33 nec
1017 1443 65 33 a
1043 1443 168 33 principio
1173 1443 168 33 tenebatur
1302 1443 104 33 tunc
1354 1443 65 33 ha-

821 1468 98 36 bere
882 1468 98 36 eum.
943 1468 61 36 ⁋
967 1468 110 36 Aliud
1040 1468 146 36 exemplum
1150 1468 110 36 ponit
1223 1468 73 36 de
1260 1468 98 36 illo
1321 1468 85 36 qui
1357 1468 61 36 te-

813 1496 107 34 netur
884 1496 154 34 reprimere
1003 1496 107 34 motum
1074 1496 154 34 libidinis
1192 1496 142 34 antequam
1299 1496 83 34 sit
1334 1496 83 34 morta

815 1526 85 32 lis
863 1526 133 32 ponatur
960 1526 97 32 enim
1021 1526 97 32 quod
1082 1526 109 32 talis
1154 1526 109 32 motus
1227 1526 121 32 semper
1312 1526 109 32 citra
1373 1526 48 32 a.

817 1556 81 33 sit
864 1556 139 33 venialis
968 1556 69 33 et
1002 1556 69 33 in
1037 1556 69 33 a.
1072 1556 104 33 primo
1141 1556 139 33 mortalis
1245 1556 69 33 si
1279 1556 81 33 non
1314 1556 104 33 reprima

816 1583 79 32 tur
861 1583 113 32 citra.
940 1583 68 32 a.
975 1583 68 32 in
1009 1583 79 32 quo
1054 1583 91 32 casu
1111 1583 136 32 secundum
1213 1583 79 32 eum
1258 1583 79 32 non
1304 1583 102 32 valet
1360 1583 57 32 hec

813 1615 193 31 argumentatio
970 1615 96 31 iste
1030 1615 133 31 tenetur
1127 1615 157 31 reprimere
1247 1615 109 31 motum
1307 1615 109 31 libidi-

813 1638 79 35 nis
858 1638 135 35 antequam
959 1638 79 35 sit
1004 1638 135 35 mortalis
1105 1638 67 35 et
1138 1638 79 35 non
1183 1638 135 35 reprimit
1284 1638 112 35 igitur
1352 1638 67 35 omit

817 1670 73 29 tit
858 1670 125 29 antequam
952 1670 73 29 sit
994 1670 125 29 mortalis
1088 1670 125 29 scilicet
1182 1670 125 29 secundum
1275 1670 83 29 quod
1328 1670 73 29 hoc
1359 1670 52 29 ver

814 1695 85 37 bum
862 1695 133 37 omitrit
959 1695 145 37 importat
1068 1695 206 37 difformitatem
1226 1695 194 37 principialiter

812 1724 90 33 enim
868 1724 113 33 inquit
947 1724 113 33 signat
1026 1724 147 33 carentiam
1139 1724 102 33 actus
1207 1724 113 33 debiti
1286 1724 79 33 nec
1331 1724 68 33 in
1353 1724 68 33 pro-

810 1752 110 36 posito
887 1752 176 36 compatiuntur
1030 1752 66 36 se
1063 1752 132 36 carentia
1163 1752 99 36 actus
1229 1752 110 36 debiti
1306 1752 66 36 et
1328 1752 88 36 diffor

817 1784 109 34 mitas
889 1784 84 34 que
938 1784 96 34 inde
998 1784 145 34 prouenit
1106 1784 96 34 quia
1167 1784 181 34 impossibile
1311 1784 84 34 est
1348 1784 72 34 omit

812 1811 99 31 tere
874 1811 74 31 in
911 1811 161 31 proposito
1035 1811 149 31 secundum
1146 1811 99 31 hanc
1196 1811 223 31 significationem:

812 1838 92 34 sed
864 1838 79 34 si
904 1838 158 34 omnttere
1022 1838 158 34 importet
1141 1838 132 34 tantum
1220 1838 197 34 difformitatem

815 1869 149 33 omissionis
932 1869 128 33 dicendum
1028 1869 74 33 est
1071 1869 106 33 inquit
1145 1869 85 33 quod
1198 1869 85 33 ille
1251 1869 74 33 qui
1294 1869 74 33 non
1326 1869 85 33 repre-

816 1895 80 34 mit
861 1895 102 34 motum
929 1895 148 34 libidinis
1043 1895 125 34 omnttit
1134 1895 68 34 in
1168 1895 91 34 illo
1225 1895 136 34 instanti
1327 1895 68 34 in
1361 1895 80 34 quo

812 1924 95 30 iste
871 1924 107 30 motus
943 1924 130 30 incipit
1037 1924 95 30 esse
1097 1924 142 30 mortalis
1204 1924 107 30 idest
1263 1924 154 30 difformita-

806 1952 87 33 tem
855 1952 175 33 omissionis
993 1952 162 33 contrahit
1118 1952 87 33 hec
1167 1952 100 33 ille
1230 1952 62 33 ⁋
1242 1952 175 33 Consimiliter

809 1982 127 33 igitur
898 1982 76 33 vt
937 1982 140 33 videtur
1039 1982 140 33 haberet
1141 1982 127 33 dicere
1230 1982 76 33 ad
1268 1982 140 33 quartum
1357 1982 64 33 ar-

809 2009 144 31 gumentum
917 2009 96 31 meum
977 2009 96 31 quod
1037 2009 72 31 in
1073 2009 144 31 instanti
1181 2009 120 31 mortis
1265 2009 108 31 primo
1325 2009 96 31 contra

807 2036 90 35 hit
858 2036 217 35 difformitatem
1037 2036 90 35 sed
1089 2036 102 35 quia
1152 2036 90 35 hoc
1204 2036 90 35 non
1255 2036 102 35 mihi
1306 2036 115 35 videtur

815 2066 117 48 verum
893 2066 104 48 ideo
958 2066 117 48 teneo
1037 2066 209 48 conclusionem
1206 2066 117 48 prius
1272 2066 130 48 positam.
