1792 2500
364 202 56 52 ⁋
386 202 123 52 Secunda
476 202 145 52 conclusio
587 202 123 52 retento
677 202 89 52 casu
732 202 145 52 possibili
833 202 134 52 principali

364 250 66 32 hec
401 250 113 32 continua
486 250 66 32 non
524 250 66 32 est
561 250 75 32 vera
608 250 75 32 sor.
656 250 113 32 peccauit
740 250 94 32 anedeo
806 250 57 32 a.
835 250 57 32 et
863 250 85 32 tamen
910 250 47 32 num

365 278 63 36 quam
404 278 86 36 anenede
467 278 47 36 a.
491 278 55 36 vel
522 278 47 36 in
546 278 71 36 nullo
593 278 94 36 instanti
664 278 55 36 vel
695 278 86 36 tempone
758 278 86 36 anecede
821 278 47 36 a.
844 278 86 36 fuisset
899 278 55 36 verum

362 307 115 32 dicere
442 307 92 32 iste
499 307 115 32 peccat
579 307 69 32 et
614 307 103 32 huius
683 307 218 32 contradictionem
855 307 103 32 diuersi

368 339 118 32 diuersi
454 339 86 32 mode
508 339 140 32 tenuerunt
615 339 107 32 aliqui
690 339 129 32 tenentes
787 339 86 32 quod
841 339 86 32 sor.
884 339 75 32 pecca

368 361 64 34 uit
405 361 55 34 et
432 361 83 34 tamen
487 361 55 34 in
515 361 83 34 nullo
570 361 110 34 instanti
653 361 110 34 peccauit
735 361 46 34 :
754 361 110 34 peccauit
837 361 83 34 tamen
892 361 55 34 in
910 361 46 34 ali

362 392 70 34 quo
402 392 131 34 instanti⁋
503 392 101 34 Aliqui
573 392 81 34 vero
624 392 101 34 tenent
694 392 81 34 quod
745 392 60 34 in
775 392 91 34 nullo
835 392 121 34 instanti
916 392 50 34 pec

361 424 84 29 cauit
417 424 93 29 ancede
482 424 56 29 a.
510 424 65 29 nec
547 424 84 29 etiam
603 424 112 29 peccauit
687 424 56 29 in
715 424 93 29 aliquo
781 424 112 29 instanti
855 424 103 29 antncedeo

360 445 67 35 a.
393 445 79 35 sed
438 445 67 35 in
472 445 90 35 toto
528 445 90 35 ipse
584 445 157 35 continuato
708 445 67 35 ad
741 445 67 35 a.
775 445 123 35 sumendo
865 445 67 35 ly
887 445 79 35 totum

357 474 253 37 cathegoreumatice
573 474 127 37 contra
661 474 101 37 quos
724 474 152 37 probatur
826 474 139 37 conclusio

367 507 85 37 quia
421 507 96 37 talis
484 507 128 37 continue
580 507 74 37 per
623 507 96 37 istos
686 507 96 37 vsque
750 507 64 37 ad
782 507 53 37 a
803 507 85 37 fuit
857 507 64 37 in
878 507 85 37 gratia

360 530 149 36 supposito
474 530 91 36 quod
531 530 80 36 non
577 530 114 36 habuit
657 530 103 36 aliud
725 530 137 36 peccatum
828 530 126 36 mortale
908 530 57 36 igi

360 558 77 35 tur
404 558 77 35 non
448 558 132 35 peccauit
547 558 154 35 mortaliter
668 558 110 35 anmede
744 558 66 35 a.
777 558 55 35 ⁋
799 558 165 35 Confirmatur
920 558 44 35 si

359 587 94 33 anen
418 587 71 33 a.
453 587 141 33 peccauit
559 587 94 33 ergo
618 587 94 33 anen
677 587 71 33 a.
712 587 165 33 priuabatur
842 587 118 33 gratia
912 587 59 33 vel

361 615 108 36 igitur
437 615 65 36 in
469 615 108 36 aliquo
545 615 129 36 instanti
642 615 97 36 andeo
706 615 65 36 a.
739 615 108 36 vltimo
814 615 108 36 habuit
879 615 86 36 grati-

367 646 66 35 am
400 646 76 35 vel
444 646 66 35 in
476 646 109 35 aliquo
553 646 131 35 instanti
651 646 87 35 anme
706 646 66 35 a.
739 646 98 35 primo
804 646 76 35 non
848 646 109 35 habuit
913 646 55 35 gra

359 675 97 34 tiam
419 675 72 34 et
456 675 133 34 vtroque
552 675 97 34 modo
613 675 85 34 per
661 675 121 34 tempus
746 675 181 34 interceptum
878 675 85 34 inter

359 699 98 35 illud
425 699 120 35 instans
512 699 65 35 et
545 699 65 35 a.
577 699 109 35 caruit
654 699 109 35 gratia
730 699 109 35 igitur
806 699 76 35 per
850 699 98 35 illud
905 699 65 35 ten-

358 725 86 37 pus
407 725 98 37 fuit
468 725 74 37 in
505 725 111 37 culpa
579 725 74 37 et
616 725 147 37 peccauit
726 725 98 37 quia
788 725 123 37 gratia
874 725 86 37 non
911 725 61 37 au-

360 756 119 34 fertur
444 756 95 34 nisi
503 756 131 34 propter
598 756 155 34 peccatum.
718 756 60 34 ⁋
742 756 143 34 Probatur
849 756 72 34 si
873 756 95 34 sortes

369 784 91 33 fuit
426 784 137 33 peccator
528 784 68 33 in
562 784 68 33 a.
596 784 68 33 et
630 784 102 33 etiam
699 784 91 33 ante
756 784 68 33 a.
790 784 68 33 et
824 784 80 33 cum
870 784 91 33 suum
915 784 57 33 pec

366 815 97 35 catum
431 815 118 35 numquam
516 815 107 35 fuerit
592 815 161 35 interruptum
720 815 129 35 sequitur
817 815 86 35 quod
870 815 86 35 ipse
913 815 54 35 fue

363 841 84 33 rit
411 841 144 33 peccator
519 841 84 33 per
568 841 132 33 aliquod
664 841 120 33 certum
748 841 120 33 tempos
821 841 144 33 terminatum

368 870 71 33 ad
404 870 71 33 a.
439 870 83 33 deo
487 870 107 33 notum
558 870 71 33 et
594 870 119 33 nature
677 870 166 33 consequens
808 870 83 33 est
855 870 119 33 falsum
926 870 48 33 se

371 900 115 31 cundum
451 900 80 31 eos
497 900 92 31 quia
554 900 92 31 dato
611 900 149 31 quocumque
726 900 126 31 tempore
818 900 103 31 andeo
887 900 69 31 a.
921 900 69 31 in

372 926 153 32 principio
490 926 130 32 secunde
584 926 165 32 medietatis
714 926 118 32 illius
796 926 94 32 sor.
855 926 118 32 potuit
926 926 47 32 im

365 955 109 35 plere
438 955 157 35 preceptum
559 955 194 35 consequentia
716 955 109 35 patet
788 955 97 35 quia
849 955 97 35 omne
897 955 73 35 quod

367 989 88 30 nunc
422 989 77 30 est
466 989 132 30 aliquale
565 989 66 30 et
598 989 99 30 prius
664 989 88 30 fuit
719 989 88 30 tale
774 989 88 30 sine
818 989 154 30 interruptio-

360 1011 76 35 ne
398 1011 127 35 aliqua
488 1011 89 35 per
539 1011 127 35 tempus
628 1011 140 35 aliquod
730 1011 102 35 fuit
794 1011 102 35 tale
857 1011 64 35 ⁋
870 1011 102 35 Confir

371 1040 100 30 matur
437 1040 133 30 falsitas
537 1040 178 30 consequentis
682 1040 89 30 quia
737 1040 67 30 si
770 1040 89 30 sor.
826 1040 78 30 per
859 1040 111 30 taleten-

370 1066 84 39 pus
418 1066 144 39 continue
526 1066 144 39 peccauit
634 1066 168 39 mortaliter
766 1066 96 39 tunc
826 1066 72 39 in
850 1066 120 39 quolibet

372 1096 116 33 istanti
457 1096 137 33 intriseco
562 1096 105 33 illius
636 1096 126 33 temporis
731 1096 63 33 si
762 1096 126 33 morentur
847 1096 126 33 damnaretur

367 1125 90 35 tunc
423 1125 90 35 deus
480 1125 68 35 in
513 1125 135 35 puniendo
615 1125 169 35 praeueniret
750 1125 158 35 sententiam
863 1125 113 35 precepti

370 1149 75 37 sui
413 1149 86 37 quod
467 1149 75 37 non
510 1149 75 37 est
554 1149 108 37 dandum
629 1149 54 37 ⁋
651 1149 129 37 Probatur
748 1149 65 37 si
780 1149 75 37 hec
823 1149 75 37 non
866 1149 86 37 fuit
909 1149 65 37 vera

359 1178 89 33 aneo
414 1178 67 33 a.
448 1178 111 33 sortes
525 1178 111 33 peccat
603 1178 78 33 tuc
647 1178 111 33 stante
725 1178 100 33 dicto
792 1178 89 33 casu
847 1178 67 33 si
880 1178 89 33 sor.
925 1178 44 33 mo

372 1210 82 38 ritur
426 1210 54 38 in
454 1210 54 38 a.
481 1210 127 38 damnabitur
581 1210 64 38 qui
617 1210 82 38 tamen
671 1210 82 38 vsque
726 1210 54 38 ad
753 1210 45 38 a
771 1210 109 38 scilicet
853 1210 54 38 ad
880 1210 82 38 finem
926 1210 45 38 vi-

366 1240 74 32 te
403 1240 99 32 fuit
464 1240 123 32 gratus
550 1240 86 32 deo
600 1240 99 32 quod
661 1240 86 32 est
710 1240 209 32 inconueniens.
883 1240 62 32 ⁋
895 1240 74 32 Alia

370 1264 106 37 euasio
445 1264 85 37 quod
498 1264 74 37 sor
540 1264 117 37 anmeden
625 1264 64 37 a.
657 1264 127 37 peccauit
752 1264 74 37 vel
795 1264 117 37 gratiam
869 1264 106 37 perdidit

374 1294 66 28 in
407 1294 99 28 nullo
473 1294 99 28 tamen
539 1294 132 28 instanti
638 1294 88 28 ante
692 1294 66 28 a.
725 1294 77 28 sed
769 1294 143 28 immediate
879 1294 88 28 ante
923 1294 44 28 a.

372 1321 75 34 ita
415 1321 86 34 quod
469 1321 65 34 in
501 1321 129 34 quolibet
598 1321 129 34 instanti
695 1321 86 34 ante
749 1321 65 34 a.
781 1321 108 34 habuit
857 1321 118 34 gratiam
932 1321 43 34 et

366 1351 100 32 etiam
432 1351 122 32 econtra
521 1351 111 32 gratia
598 1351 78 32 sua
643 1351 89 32 fuit
698 1351 66 32 in
731 1351 133 32 quolibet
831 1351 133 32 instanti
920 1351 55 32 ane

367 1377 73 30 a.
403 1377 73 30 et
440 1377 109 30 tamen
512 1377 97 30 fine
573 1377 109 30 medio
646 1377 97 30 ante
706 1377 73 30 a.
743 1377 206 30 corrumpebatur
900 1377 73 30 gra-

366 1405 91 32 tia
418 1405 104 32 sor.
483 1405 183 32 ymaginatur
627 1405 117 32 quasi
705 1405 104 32 vnum
770 1405 130 32 medium
862 1405 117 32 inter
927 1405 52 32 om

373 1435 80 32 nia
418 1435 149 32 instantia
533 1435 149 32 preteriti
647 1435 137 32 temporis
750 1435 160 32 continuati
875 1435 69 32 ad
909 1435 69 32 a.
932 1435 46 32 et

376 1460 120 36 ipsum.
460 1460 72 36 a.
496 1460 60 36 ⁋
520 1460 120 36 Contra
604 1460 84 36 vel
652 1460 120 36 igitur
735 1460 144 36 charitas
843 1460 108 36 talis
903 1460 72 36 cor-

374 1493 158 31 rumpebatur
498 1493 158 31 successiue
622 1493 90 31 ante
678 1493 68 31 a.
712 1493 90 31 quod
768 1493 79 31 non
813 1493 79 31 est
858 1493 113 31 dandum
926 1493 45 31 de

378 1515 93 36 lege
437 1515 82 36 dei
483 1515 129 36 communi
577 1515 82 36 cum
624 1515 82 36 qua
670 1515 93 36 stat
729 1515 105 36 totus
799 1515 105 36 casus
869 1515 82 36 vel
904 1515 82 36 subi-

373 1546 61 33 to
403 1546 61 33 et
434 1546 61 33 si
465 1546 71 33 sic
505 1546 102 33 igitur
577 1546 61 33 in
608 1546 102 33 aliquo
679 1546 122 33 instanti
771 1546 82 33 ante
822 1546 61 33 a.
853 1546 61 33 et
883 1546 71 33 non
924 1546 71 33 in¬

371 1575 131 30 mediato
466 1575 119 30 igitur
549 1575 131 30 mediato
644 1575 71 30 et
680 1575 83 30 per
728 1575 166 30 consequens
858 1575 83 30 per
894 1575 83 30 totum

375 1603 112 32 tempus
453 1603 168 32 interceptum
587 1603 67 32 et
621 1603 67 32 in
655 1603 134 32 quolibet
755 1603 134 32 instanti
856 1603 112 32 illius
923 1603 56 32 tem

383 1636 107 31 ioris
454 1636 131 31 fuisset
549 1636 95 31 fine
609 1636 119 31 gratia
692 1636 95 31 ante
751 1636 71 31 a.
787 1636 107 31 cuius
846 1636 131 31 oppositum

368 1657 104 35 dicit
438 1657 104 35 dicta
507 1657 127 35 euasio.
600 1657 58 35 ⁋
623 1657 92 35 Item
681 1657 69 35 si
715 1657 139 35 charitas
819 1657 116 35 sortis
889 1657 92 35 corrum

377 1686 130 36 pebatur
472 1686 95 36 ante
531 1686 71 36 a.
566 1686 83 36 vel
614 1686 118 36 igitur
696 1686 83 36 sit
744 1686 95 36 quod
803 1686 118 36 habuit
874 1686 106 36 vltimum

376 1714 77 36 sui
420 1714 88 36 esse
475 1714 77 36 vel
520 1714 111 36 primum
597 1714 77 36 sui
641 1714 77 36 non
686 1714 88 36 esse
741 1714 66 36 et
774 1714 122 36 vtroque
862 1714 88 36 modo
918 1714 77 36 in¬

371 1742 85 36 ter
419 1742 109 36 illud
492 1742 73 36 et
529 1742 73 36 a.
565 1742 85 36 est
614 1742 121 36 tempus
698 1742 121 36 medium
783 1742 121 36 igitur
856 1742 73 36 etc.

399 1761 90 45 Item
455 1761 90 45 tunc
511 1761 101 45 talis
578 1761 134 45 charitas
679 1761 146 45 desinebat
791 1761 90 45 esse
847 1761 90 45 ante
903 1761 67 45 a.
925 1761 56 45 vel

377 1801 106 34 igitur
452 1801 74 34 sic
494 1801 85 34 quod
547 1801 85 34 tunc
600 1801 74 34 non
642 1801 85 34 fuit
695 1801 64 34 et
727 1801 138 34 immediate
833 1801 85 34 ante
886 1801 85 34 fuit
928 1801 53 34 vel

376 1828 77 34 sic
420 1828 88 34 quia
475 1828 88 34 tunc
530 1828 88 34 erat
586 1828 66 34 et
619 1828 143 34 immediate
729 1828 88 34 post
784 1828 77 34 non
829 1828 88 34 fuit
884 1828 66 34 et
906 1828 66 34 vtro

371 1858 92 32 que
424 1858 106 32 modo
490 1858 158 32 sequitur
608 1858 211 32 inconueniens
780 1858 158 32 Probatur
886 1858 92 32 totum

370 1883 123 35 tempus
456 1883 74 35 in
493 1883 86 35 quo
542 1883 123 35 sortes
629 1883 99 35 fuit
690 1883 74 35 in
727 1883 123 35 gratia
814 1883 74 35 et
851 1883 111 35 totum
912 1883 62 35 tem

366 1912 81 35 pus
413 1912 70 35 in
448 1912 81 35 quo
494 1912 93 35 fuit
552 1912 70 35 in
587 1912 104 35 culpa
657 1912 128 35 fuerunt
749 1912 151 35 immediata
854 1912 116 35 capiatur

376 1938 120 38 igitur
460 1938 132 38 instans
557 1938 144 38 copulans
665 1938 72 38 ea
701 1938 84 38 vel
749 1938 84 38 hoc
797 1938 96 38 fuit
858 1938 72 38 a.
894 1938 84 38 vel
930 1938 48 38 a-

368 1967 88 36 liud
423 1967 66 36 ab
456 1967 66 36 a.
489 1967 66 36 si
522 1967 88 36 fuit
576 1967 66 36 a.
609 1967 77 36 non
653 1967 110 36 igitur
730 1967 88 36 ante
785 1967 66 36 a.
807 1967 164 36 corrumpebatur

370 1996 93 36 eius
429 1996 116 36 gratia
510 1996 70 36 si
545 1996 105 36 aliud
615 1996 70 36 ab
649 1996 70 36 a.
684 1996 70 36 et
719 1996 81 36 non
766 1996 163 36 immediatum
882 1996 93 36 igitur

366 2030 137 27 mediate
465 2030 161 27 precedens
589 2030 75 27 a.
626 2030 75 27 et
664 2030 87 27 per
713 2030 174 27 consequens
850 2030 87 27 per
887 2030 87 27 totum

366 2053 123 48 medium
452 2053 184 48 interceptum
599 2053 147 48 corrupta
710 2053 135 48 fuisset
808 2053 123 48 gratia
882 2053 98 48 sortis

976 202 147 58 probatur
1086 202 98 58 tunc
1148 202 98 58 pari
1209 202 135 58 ratione
1307 202 98 58 deus
1369 202 123 58 potuit
1455 202 135 58 fecisse
1541 202 49 58 an

992 248 73 37 gelum
1040 248 57 37 qui
1073 248 49 37 de
1097 248 89 37 fuisset
1162 248 81 37 ancede
1219 248 49 37 a.
1243 248 49 37 et
1267 248 73 37 tamen
1316 248 57 37 nec
1348 248 89 37 fuisset
1413 248 49 37 in
1437 248 49 37 a.
1462 248 57 37 nec
1494 248 49 37 in
1510 248 73 37 aliquam

987 280 136 30 instanti
1089 280 91 30 ante
1145 280 68 30 a.
1179 280 79 30 sed
1225 280 68 30 in
1259 280 91 30 toto
1315 280 125 30 tempore
1406 280 159 30 continuato
1531 280 68 30 ad

978 307 116 30 aister
1059 307 174 30 cathegorice
1198 307 127 30 sumendo
1291 307 69 30 ly
1325 307 104 30 totum
1395 307 104 30 quasi
1453 307 127 30 diceretur

982 332 95 40 post
1041 332 107 40 omnia
1112 332 154 40 instantia
1231 332 95 40 ante
1290 332 71 40 a.
1326 332 71 40 et
1361 332 83 40 cum
1408 332 95 40 ante
1468 332 71 40 a.
1491 332 95 40 produ-

995 361 97 35 catur
1060 361 108 35 igitur
1136 361 141 35 similiter
1244 361 87 35 vnum
1298 361 87 35 post
1352 361 65 35 a.
1385 361 65 35 et
1417 361 87 35 vnum
1471 361 65 35 in
1503 361 65 35 a.
1525 361 65 35 tunc

987 390 162 35 habebimus
1111 390 99 35 tres
1173 390 137 35 angelos
1272 390 199 35 consequenter
1434 390 75 35 se
1459 390 124 35 habentes

992 417 71 35 et
1028 417 226 35 indiuisibiliter
1218 417 155 35 productos
1337 417 119 35 nullum
1420 417 83 35 cum
1468 417 95 35 alio
1516 417 71 35 quod

985 450 85 32 est
1033 450 182 32 impossibile
1179 450 97 32 quia
1239 450 97 32 pari
1300 450 133 32 ratione
1397 450 121 32 posset
1470 450 121 32 produce-

982 470 72 40 re
1018 470 133 40 taliter
1115 470 109 40 mille
1187 470 72 40 et
1224 470 85 40 sic
1272 470 157 40 habebimus
1393 470 97 40 vnam
1441 470 145 40 durationem

989 503 169 30 compositam
1122 503 72 30 ex
1158 503 230 30 indiuisibilibus
1351 503 193 30 consequenter
1508 503 72 30 se
1533 503 60 30 ha-

990 528 143 31 bentibus
1097 528 107 31 etiam
1168 528 154 31 productio
1287 528 119 31 tertii
1370 528 119 31 angeli
1453 528 95 31 erit
1501 528 83 31 imme-

991 559 100 33 diata
1057 559 100 33 prime
1124 559 100 33 sicut
1190 559 133 33 secundus
1290 559 66 33 eo
1323 559 89 33 quod
1379 559 188 33 indiuisibilia
1534 559 78 33 non

995 587 116 37 angunt
1077 587 70 37 se
1112 587 175 37 partialiter
1251 587 81 37 sed
1298 587 151 37 totaliter
1414 587 70 37 ex
1449 587 105 37 sexto
1508 587 81 37 phisi

986 616 107 30 corum
1057 616 119 30 igitur
1140 616 154 30 productio
1259 616 119 30 tertii
1342 616 119 30 angeli
1425 616 95 30 erit
1484 616 71 30 in
1520 616 71 30 a.
1544 616 47 30 et

990 642 104 32 tamen
1060 642 104 32 casus
1129 642 104 32 ponit
1198 642 92 32 quod
1256 642 81 32 non
1302 642 69 32 in
1337 642 69 32 a.
1372 642 81 32 sed
1418 642 150 32 immediate
1522 642 69 32 post

995 670 57 32 i.
1024 670 96 32 igitur
1091 670 76 32 etc.
1139 670 86 32 sexto
1196 670 57 32 si
1225 670 115 32 charitas
1311 670 96 32 sortis
1378 670 76 32 fuit
1426 670 57 32 in
1454 670 76 32 omni
1492 670 96 32 instanti

994 700 104 31 aenem
1064 700 69 31 a.
1098 700 69 31 et
1133 700 81 31 cum
1179 700 196 31 corrumpebatur
1340 700 92 31 ante
1397 700 69 31 a.
1432 700 69 31 et
1466 700 92 31 omne
1512 700 81 31 corru

990 730 97 33 ptum
1050 730 97 33 ante
1111 730 73 33 a.
1147 730 121 33 potest
1232 730 97 33 deus
1292 730 73 33 in
1329 730 73 33 a.
1365 730 182 33 reproducere
1498 730 97 33 posset

993 758 92 30 deus
1050 758 115 30 facere
1130 758 92 30 quod
1188 758 138 30 charitas
1291 758 115 30 aliqua
1372 758 92 30 puta
1429 758 69 30 b.
1464 758 115 30 fuerit
1544 758 69 30 in

993 782 85 37 omni
1047 782 128 37 instanti
1142 782 96 37 huius
1206 782 85 37 diei
1259 782 85 37 ante
1312 782 64 37 a.
1344 782 64 37 et
1376 782 74 37 cum
1419 782 74 37 hoc
1461 782 96 37 etiam
1525 782 64 37 in
1546 782 43 37 a.

997 811 64 32 et
1029 811 97 32 tamen
1094 811 86 32 quod
1148 811 97 32 simul
1212 811 64 32 in
1244 811 75 32 hac
1287 811 75 32 die
1330 811 107 32 fuerit
1405 811 129 32 corrupta
1502 811 86 32 ante
1545 811 43 32 a.

997 839 65 36 et
1030 839 86 36 pari
1083 839 118 36 ratione
1169 839 108 36 potest
1245 839 108 36 facere
1320 839 86 36 quod
1374 839 129 36 charitas
1471 839 75 36 que
1514 839 75 36 est
1546 839 43 36 in

996 866 67 41 i.
1029 866 134 41 corrupta
1129 866 78 41 sit
1174 866 89 41 fine
1230 866 100 41 medio
1296 866 89 41 post
1352 866 67 41 a.
1385 866 67 41 et
1419 866 78 41 cum
1463 866 78 41 sic
1497 866 100 41 reprodu

997 896 95 32 catur
1061 896 85 32 quod
1114 896 85 32 ipsa
1166 896 74 32 sit
1209 896 63 32 in
1240 896 85 32 omni
1293 896 127 32 instanti
1388 896 95 32 huius
1452 896 85 32 diei
1504 896 85 32 post
1547 896 42 32 a.

1000 922 60 34 et
1030 922 90 34 sicut
1090 922 121 34 argutum.
1181 922 70 34 est
1221 922 121 34 respectu
1312 922 60 34 a.
1342 922 70 34 ita
1382 922 101 34 potest
1452 922 90 34 argui
1513 922 60 34 de
1533 922 60 34 omni

996 954 121 32 instanti
1087 954 141 32 intrinseco
1198 954 101 32 istius
1268 954 81 32 diei
1319 954 61 32 et
1349 954 81 32 tunc
1399 954 121 32 sequitur
1490 954 81 32 quod
1530 954 61 32 ista

1001 981 90 32 simul
1061 981 100 32 staret
1131 981 80 32 quod
1181 981 120 32 charitas
1271 981 60 32 b.
1301 981 90 32 esset
1361 981 60 32 in
1391 981 80 32 omni
1441 981 120 32 instanti
1521 981 70 32 huius

998 1007 79 36 diei
1048 1007 60 36 et
1078 1007 89 36 tamen
1137 1007 79 36 quod
1187 1007 139 36 infinities
1296 1007 159 36 corrumpentur
1425 1007 60 36 in
1455 1007 70 36 hoc
1495 1007 79 36 die.
1544 1007 50 36 ⁋
1554 1007 40 36 Ex

998 1038 79 34 quo
1043 1038 135 34 sequitur
1144 1038 90 34 quod
1200 1038 135 34 charitas
1301 1038 67 34 b.
1335 1038 101 34 esset
1402 1038 67 34 in
1436 1038 135 34 instanti
1526 1038 67 34 quo-

993 1064 101 35 libet
1060 1064 101 35 huius
1128 1064 90 35 diei
1184 1064 68 35 et
1218 1064 101 35 tamen
1286 1064 158 35 infinities
1410 1064 79 35 non
1455 1064 101 35 esset
1522 1064 68 35 in
1545 1064 56 35 hac

993 1090 72 35 die
1034 1090 61 35 et
1064 1090 133 35 econverso
1167 1090 61 35 b.
1198 1090 82 35 quod
1249 1090 61 35 in
1280 1090 92 35 nullo
1341 1090 133 35 instanti.
1443 1090 61 35 b.
1474 1090 123 35 charitas
1556 1090 41 35 hu

999 1119 68 34 us
1033 1119 91 34 diei
1090 1119 103 34 esset
1158 1119 68 34 et
1193 1119 103 34 tamen
1261 1119 103 34 esset
1330 1119 160 34 infinities
1455 1119 68 34 in
1489 1119 80 34 hac
1524 1119 68 34 dic.

1005 1143 43 43 ⁋
1023 1143 87 43 Tertia
1084 1143 113 43 conclusio
1170 1143 70 43 quod
1214 1143 70 43 sor.
1257 1143 70 43 casu
1301 1143 87 43 posito
1362 1143 122 43 principali
1457 1143 70 43 pec.
1501 1143 87 43 Tertia
1553 1143 52 43 con-

990 1176 109 34 cauit
1063 1176 97 34 ante
1123 1176 73 34 a.
1160 1176 73 34 et
1196 1176 85 34 per
1245 1176 121 34 tempus
1330 1176 134 34 aliquod
1427 1176 73 34 et
1463 1176 85 34 per
1500 1176 97 34 infini

994 1205 70 34 ta
1029 1205 151 34 instantia
1145 1205 116 34 illius
1227 1205 139 34 temporis
1331 1205 93 34 fuit
1389 1205 81 34 sor
1435 1205 139 34 peccator
1528 1205 70 34 ante

996 1237 80 29 ater
1046 1237 101 29 certum
1117 1237 80 29 enim
1167 1237 70 29 est
1207 1237 70 29 sor
1247 1237 121 29 peccasse
1338 1237 60 29 in
1368 1237 60 29 a.
1398 1237 70 29 vel
1438 1237 90 29 ante.
1498 1237 60 29 a.
1529 1237 60 29 et
1549 1237 50 29 pro

993 1260 102 32 batum
1061 1260 79 32 est
1106 1260 79 32 pro
1151 1260 170 32 conclusione
1287 1260 102 32 prima
1355 1260 90 32 quod
1411 1260 79 32 non
1456 1260 102 32 primo
1524 1260 68 32 in
1547 1260 45 32 a.

996 1289 119 36 igitur
1080 1289 95 36 ante
1139 1289 72 36 a.
1175 1289 72 36 et
1211 1289 143 36 probatum
1318 1289 83 36 est
1366 1289 83 36 pro
1413 1289 179 36 conclusione
1544 1289 48 36 se

999 1320 89 33 cunda
1058 1320 79 33 quod
1108 1320 69 33 non
1147 1320 89 33 stant
1207 1320 89 33 simul
1266 1320 79 33 quod
1315 1320 99 33 sortes
1384 1320 119 33 peccauit
1473 1320 89 33 ante.
1533 1320 59 33 a.
1552 1320 40 33 et

993 1346 65 33 ta
1026 1346 75 33 men
1069 1346 86 33 quod
1123 1346 65 33 in
1155 1346 97 33 nullo
1220 1346 129 33 instanti
1317 1346 86 33 ante
1371 1346 65 33 a.
1403 1346 129 33 peccauit
1489 1346 108 33 sequitur

1005 1372 92 38 gitur
1066 1372 81 38 quod
1117 1372 71 38 sor
1157 1372 61 38 in
1188 1372 102 38 aliquo
1259 1372 173 38 instantiante.
1402 1372 61 38 a.
1432 1372 122 38 peccauit
1524 1372 61 38 et
1544 1372 51 38 cum

990 1402 101 29 inter
1057 1402 147 29 quodlibet
1170 1402 124 29 instans
1260 1402 90 29 ante
1317 1402 68 29 a.
1350 1402 79 29 et.
1395 1402 68 29 a.
1429 1402 113 29 fuerit
1497 1402 90 29 tempus

999 1427 126 40 medium
1087 1427 75 40 in
1125 1427 88 40 quo
1175 1427 88 40 non
1226 1427 163 40 emendauit
1352 1427 75 40 se
1389 1427 88 40 sor
1440 1427 88 40 nec
1477 1427 126 40 impleuit

992 1458 150 35 preceptum
1108 1458 138 35 sequitur
1211 1458 104 35 propo
1280 1458 115 35 situm.
1361 1458 138 35 probatur
1465 1458 104 35 sicut
1522 1458 81 35 prae-

993 1486 73 37 us
1029 1486 85 37 pro
1078 1486 109 37 prima
1151 1486 182 37 conclusione
1297 1486 97 37 fuit
1358 1486 134 37 argutum
1455 1486 97 37 loco
1504 1486 97 37 quinto

992 1514 183 34 respondendo
1138 1514 171 34 suppositum
1272 1514 73 34 ex
1309 1514 195 34 antissiodori
1467 1514 122 34 sortes
1540 1514 61 34 pec

996 1543 104 33 cauit
1066 1543 58 33 a
1089 1543 151 33 principio
1205 1543 81 33 vel
1252 1543 70 33 in
1287 1543 151 33 principio
1403 1543 116 33 illius
1472 1543 128 33 minimitem

997 1571 99 34 poris
1063 1571 66 34 eo
1096 1571 88 34 quod
1150 1571 88 34 tunc
1205 1571 77 34 nec
1249 1571 109 34 volens
1325 1571 77 34 nec
1369 1571 109 34 nolens
1446 1571 131 34 inchoare
1544 1571 77 34 in¬

990 1600 160 35 pletionem
1113 1600 148 35 precepti
1224 1600 148 35 reddidit
1335 1600 74 35 se
1372 1600 173 35 impotentem
1508 1600 74 35 ad
1532 1600 62 35 im-

996 1625 134 38 plendum
1093 1625 122 38 postea
1179 1625 85 38 per
1228 1625 147 38 predicta
1338 1625 110 38 patet
1411 1625 73 38 ad
1448 1625 98 38 tres
1496 1625 98 38 formas

1001 1654 167 44 principales
1134 1654 67 44 in
1168 1654 145 44 principio
1279 1654 156 44 praesentis
1402 1654 100 44 dubii
1457 1654 134 44 propositas

997 1682 158 34 scilicet
1115 1682 79 34 ad
1154 1682 131 34 primam
1246 1682 158 34 secundam
1365 1682 79 34 et
1404 1682 158 34 quartam.
1522 1682 66 34 ⁋
1548 1682 79 34 Ad

996 1713 143 31 tertiam
1100 1713 130 31 formam
1192 1713 196 31 principalem
1348 1713 78 31 et
1387 1713 78 31 ad
1426 1713 143 31 quintam
1531 1713 91 31 que

994 1738 81 33 est
1041 1738 184 33 altisiodoren
1190 1738 69 33 et
1225 1738 69 33 ad
1260 1738 104 33 omnes
1329 1738 104 33 tales
1398 1738 138 33 dicendum
1502 1738 92 33 quod
1548 1738 46 33 ta

1004 1770 59 30 is
1034 1770 69 30 non
1073 1770 109 30 faciens
1153 1770 69 30 vel
1192 1770 129 30 dimittens
1292 1770 59 30 in
1321 1770 59 30 a.
1351 1770 69 30 vel
1391 1770 79 30 ante
1440 1770 99 30 agiste
1510 1770 79 30 quod
1549 1770 50 30 pro

1000 1794 89 33 tunc
1056 1794 89 33 sibi
1111 1794 156 33 precipitur
1234 1794 145 33 faciendum
1346 1794 78 33 vel
1390 1794 167 33 dimittendum
1513 1794 78 33 talis

1006 1824 104 35 peccat
1078 1824 62 35 in
1110 1824 62 35 a.
1141 1824 73 35 vel
1183 1824 83 35 ante
1235 1824 62 35 a.
1266 1824 62 35 et
1297 1824 62 35 si
1328 1824 83 35 fiat
1380 1824 125 35 argumnu.
1474 1824 62 35 de
1495 1824 104 35 incipere

997 1854 102 31 sicut
1065 1854 113 31 fiebat
1144 1854 113 31 tertia
1223 1854 102 31 forma
1291 1854 170 31 principalis
1427 1854 79 31 hoc
1472 1854 79 31 est
1506 1854 91 31 diffi-

1005 1882 109 30 ilius
1077 1882 97 30 quia
1138 1882 97 30 tunc
1198 1882 109 30 talis
1271 1882 109 30 nihil
1343 1882 133 30 tenetur
1440 1882 121 30 facere
1525 1882 73 30 in
1549 1882 48 30 a.

1003 1908 72 35 sed
1044 1908 102 35 tantum
1115 1908 113 35 incipem
1197 1908 61 35 et
1228 1908 123 35 incipere
1320 1908 102 35 facere
1392 1908 72 35 non
1433 1908 102 35 semper
1505 1908 72 35 est
1536 1908 61 35 ali-

1001 1938 99 34 quid
1063 1938 124 34 facere
1149 1938 62 34 ⁋
1174 1938 99 34 Huic
1236 1938 161 34 respondet
1360 1938 161 34 firuanfer
1484 1938 74 34 in
1508 1938 87 34 opere

995 1965 136 37 correcto
1097 1965 91 37 quod
1153 1965 136 37 peccatum
1255 1965 170 37 comissionis
1391 1965 79 37 est
1436 1965 102 37 actus
1493 1965 102 37 aliquis

990 1990 74 35 et
1027 1990 98 35 ideo
1088 1990 86 35 per
1137 1990 111 35 illum
1211 1990 111 35 actum
1285 1990 160 35 aliquando
1408 1990 135 35 dicitur
1494 1990 111 35 peccans

993 2024 170 31 actualiter
1127 2024 134 31 peccare
1224 2024 85 31 sed
1273 2024 146 31 peccatum
1382 2024 170 31 omissionis
1516 2024 85 31 est
1552 2024 49 31 pu

991 2047 70 50 ra
1026 2047 140 50 priuatio
1132 2047 140 50 actionis
1237 2047 82 50 que
1284 2047 187 50 debermfierit
1436 2047 59 50 ⁋
1460 2047 70 50 Et
1495 2047 94 50 ideo
1541 2047 59 50 non
