1789 2500
194 216 119 55 oportet
281 216 87 55 quod
335 216 87 55 ille
390 216 65 55 in
422 216 76 55 quo
466 216 76 55 est
509 216 87 55 illa
563 216 130 55 priuatio
661 216 119 55 dicatur
737 216 65 55 ali-

189 267 122 35 quando
274 267 171 35 actualiter
408 267 134 35 peccans
506 267 85 35 sed
555 267 122 35 verius
640 267 134 35 dicitur
726 267 73 35 quod

189 294 75 31 est
232 294 64 31 in
264 294 118 31 peccato
350 294 64 31 et
382 294 86 31 quod
436 294 118 31 numquam
521 294 129 31 peccauit
618 294 86 31 quia
671 294 107 31 nullum
736 294 64 31 actu

194 321 137 36 peccati
293 321 137 36 habuit.
393 321 75 36 Et
430 321 100 36 ideo
492 321 87 36 dum
542 321 100 36 sor.
604 321 162 36 tenebatur
716 321 87 36 inci-

189 353 87 34 pere
243 353 87 34 vnam
298 353 152 34 volitionem
417 353 65 34 in
449 353 65 34 a.
482 353 65 34 et
514 353 76 34 non
558 353 119 34 incepit
644 353 76 34 non
688 353 87 34 ideo
731 353 65 34 tunc

188 380 116 33 omisit
269 380 81 33 sed
316 380 127 33 incepit
408 380 139 33 omittere
513 380 69 33 et
547 380 93 33 esse
605 380 69 33 in
640 380 127 33 peccato
733 380 69 33 et
756 380 46 33 ta

190 408 78 33 men
234 408 123 33 numquam
324 408 134 33 peccauit
424 408 78 33 ymo
469 408 67 33 si
502 408 89 33 deus
558 408 134 33 creasset
658 408 67 33 in
692 408 89 33 ipso
736 408 67 33 gra-

195 437 88 30 tiam
250 437 88 30 fine
306 437 100 30 medio
372 437 88 30 post
427 437 66 30 a.
460 437 88 30 tunc
516 437 155 30 ipsenuquam
637 437 122 30 fuisset
726 437 66 30 in
748 437 55 30 pec

195 462 94 32 cato
254 462 82 32 sed
301 462 94 32 deus
360 462 176 32 preuenisset
501 462 118 32 culpam
583 462 82 32 hec
630 462 94 32 ille
689 462 71 32 in
713 462 82 32 summa

188 492 60 34 â‹
212 492 72 34 Et
248 492 120 34 potest
332 492 96 34 dari
392 492 108 34 casus
464 492 72 34 in
501 492 84 34 quo
549 492 132 34 solutio
645 492 84 34 sua
693 492 108 34 esset
753 492 48 34 ve

188 519 59 34 ra
218 519 118 34 scilicet
306 519 78 34 quod
355 519 59 34 in
384 519 59 34 a.
414 519 69 34 non
453 519 108 34 omittit
531 519 69 34 sed
571 519 108 34 incipit
649 519 127 34 obiectiue
737 519 59 34 puta

189 549 73 34 si
225 549 98 34 dato
286 549 146 34 precepto
396 549 73 34 de
433 549 146 34 eligendo
543 549 110 34 actum
616 549 134 34 volendi
701 549 98 34 respe-

188 575 89 38 ctu
239 575 152 38 alicuius
353 575 165 38 obiectiet
480 575 165 38 immediate
607 575 101 38 post
670 575 89 38 hoc
708 575 89 38 quan-

189 606 81 31 tum
236 606 69 31 in
270 606 69 31 se
305 606 81 31 est
352 606 139 31 coageret
456 606 151 31 voluntati
571 606 93 31 ipsa
629 606 104 31 autem
699 606 81 31 non
734 606 69 31 face

186 636 87 32 ret
235 636 100 32 quod
298 636 137 32 deberet
397 636 75 32 si
435 636 112 32 tamen
509 636 100 32 deus
572 636 174 32 preciperet
696 636 100 32 alicui

185 663 89 36 quod
240 663 66 36 in
274 663 66 36 a.
307 663 133 36 instanti
406 663 144 36 inciperet
517 663 111 36 moueri
595 663 78 36 vel
639 663 122 36 aliquid
716 663 78 36 aliud

187 691 120 34 facere
271 691 96 34 quod
331 691 108 34 moram
403 691 168 34 requirerem
535 691 96 34 nisi
595 691 72 34 in
631 691 72 34 a.
667 691 132 34 haberet
751 691 48 34 ef

184 722 108 38 ficax
256 722 144 38 imperium
364 722 144 38 faciendi
472 722 84 38 vel
520 722 132 38 mouendi
616 722 108 38 talis
676 722 120 38 peccarem

186 749 71 29 in
222 749 71 29 a.
257 749 130 29 peccato
352 749 190 29 commissionis
506 749 107 29 primo
578 749 95 29 quia
637 749 95 29 sine
696 749 95 29 tali
744 749 47 29 vo

184 774 123 39 litione
274 774 135 39 efficaci
375 774 67 39 in
408 774 67 39 a.
442 774 79 39 non
487 774 168 39 exequeretur
621 774 90 39 fine
678 774 101 39 medio
734 774 67 39 post

186 805 56 36 a
208 805 68 36 et
242 805 102 36 sicut
310 805 124 36 tenetur
400 805 68 36 ad
434 805 169 36 executionem
569 805 158 36 exteriorem
693 805 79 36 ita
727 805 68 36 eti-

184 832 72 37 am
220 832 72 37 ad
256 832 169 37 interiorem
389 832 97 37 sine
450 832 85 37 qua
498 832 85 37 non
546 832 121 37 potest
631 832 109 37 sicut
691 832 109 37 tenetur

188 862 68 30 in
222 862 159 30 exteriorem
347 862 68 30 et
381 862 102 30 etiam
449 862 227 30 irrationabiliter
642 862 125 30 dicitur
733 862 68 30 in
756 862 45 30 a-

184 890 73 31 lio
225 890 125 31 scilicet
319 890 84 31 quod
372 890 104 31 nullus
445 890 146 31 actualiter
560 890 104 31 peccat
633 890 115 31 precise
706 890 94 31 omitten

179 921 79 34 do
218 921 105 34 quod
284 921 118 34 debet
363 921 105 34 quia
428 921 158 34 peccatum
547 921 171 34 diuiditur
678 921 79 34 in
704 921 92 34 actua

186 947 73 33 le
222 947 73 33 et
259 947 159 33 originale
381 947 73 33 et
418 947 134 33 actuale
516 947 110 33 vltra
589 947 73 33 in
626 947 147 33 peccatum
724 947 73 33 com-

188 975 165 35 missionis
316 975 76 35 et
354 975 178 35 omissionis
494 975 89 35 sed
545 975 76 35 oe
583 975 165 35 vocabulis
697 975 102 35 contra

182 1007 95 32 eum
237 1007 95 32 non
291 1007 163 32 intendo.
413 1007 68 32 â‹
440 1007 81 32 Ad
481 1007 136 32 primum
576 1007 190 32 argumentum
712 1007 81 32 prin

182 1031 126 49 cipale
271 1031 152 49 dicendum
384 1031 101 49 quod
448 1031 126 49 tantum
536 1031 126 49 probat
624 1031 152 49 secundam
725 1031 76 49 con-

184 1060 151 41 clusionem
300 1060 104 41 primi
370 1060 151 41 articuli.
474 1060 70 41 etc.

325 1088 155 63 Trum
422 1088 233 63 creatura
596 1088 175 63 clare
693 1088 97 63 di-

329 1143 108 34 dens
396 1143 108 34 deum
463 1143 188 34 necessario
611 1143 148 34 diligat
705 1143 94 34 ipsum

339 1175 129 32 Uidetur
433 1175 94 32 quod
492 1175 82 32 sic
539 1175 94 32 quia
597 1175 200 32 intelligentia
750 1175 47 32 mo

330 1204 104 29 uens
395 1204 143 29 aliquem
499 1204 117 29 orbem
577 1204 182 29 necessario
707 1204 91 29 mouet

184 1229 101 42 ipsum
251 1229 134 42 secundum
352 1229 168 42 philosophum
486 1229 67 42 et
520 1229 78 42 non
565 1229 101 42 mouet
632 1229 90 42 nisi
688 1229 90 42 quia
733 1229 67 42 dili

182 1261 93 39 git
235 1261 134 39 primum
329 1261 107 39 quod
395 1261 120 39 mouet
475 1261 120 39 sicut
556 1261 134 39 amatum
649 1261 80 39 et
676 1261 120 39 deside-

185 1287 103 39 ratum
253 1287 115 39 igitur
334 1287 69 39 ex
368 1287 80 39 hoc
414 1287 80 39 nec
460 1287 126 39 essario
552 1287 103 39 mouet
621 1287 92 39 quod
678 1287 115 39 videns
747 1287 46 39 de

183 1315 74 37 um
220 1315 136 37 diligit
318 1315 86 37 eum
368 1315 123 37 igitur
454 1315 62 37 â‹
479 1315 148 37 Probatur
589 1315 185 37 delectabile
725 1315 74 37 fini

187 1348 87 33 tum
236 1348 186 33 difficultat
385 1348 174 33 voluntatem
522 1348 75 33 ad
559 1348 87 33 non
609 1348 149 33 volendum
708 1348 87 33 ipsum

183 1376 125 35 igitur
270 1376 75 35 in
307 1376 112 35 duplo
382 1376 112 35 magis
457 1376 187 35 delectabile
606 1376 75 35 in
644 1376 112 35 duplo
706 1376 87 35 magis

193 1402 128 34 difficultat
296 1402 51 34 ad
322 1402 60 34 non
356 1402 102 34 volendum
432 1402 51 34 et
458 1402 60 34 sic
492 1402 137 34 consequenter
603 1402 85 34 igitur
663 1402 51 34 in
689 1402 102 34 infinitu
757 1402 34 34 de

181 1430 151 33 lectabile
298 1430 70 33 in
333 1430 151 33 infinitum
449 1430 198 33 difficultabit
612 1430 70 33 ad
647 1430 81 33 non
682 1430 116 33 nolendum

188 1461 64 32 et
220 1461 75 32 ita
263 1461 171 32 necessitabit
402 1461 64 32 ad
434 1461 139 32 volendum:
541 1461 171 32 consequentia
679 1461 96 32 patet
733 1461 53 32 per

186 1486 100 37 modum
252 1486 133 37 arguendi
352 1486 155 37 philosophi
474 1486 111 37 octauo
551 1486 155 37 phisicorum
673 1486 78 37 vbi
706 1486 89 37 probat

188 1519 83 31 quod
240 1519 104 31 virtus
313 1519 125 31 infinita
406 1519 73 31 non
448 1519 83 31 esse
500 1519 63 31 in
531 1519 156 31 magnitudine
657 1519 115 31 finita.
729 1519 63 31 quia

184 1548 101 29 tunc
247 1548 138 29 moueret
348 1548 76 29 in
386 1548 88 29 non
436 1548 151 29 tempore:
549 1548 76 29 si
587 1548 101 29 enim
650 1548 126 29 aliqua
726 1548 76 29 vir-

184 1577 93 28 tus
237 1577 119 28 mouet
316 1577 79 28 in
356 1577 132 28 aliquo
449 1577 146 28 tempore
555 1577 119 28 dupla
634 1577 146 28 mouebit
740 1577 79 28 in

183 1603 145 33 subduplo
292 1603 133 33 tempore
389 1603 73 33 et
425 1603 145 33 infinita
534 1603 133 33 moueret
631 1603 73 33 in
668 1603 85 33 non
704 1603 85 33 tempo

184 1626 65 37 re
217 1626 97 37 etiam
281 1626 65 37 si
314 1626 173 37 consequentia
454 1626 76 37 non
497 1626 97 37 esset
562 1626 86 37 bona
616 1626 119 37 numquam
702 1626 119 37 aliquod

186 1661 113 31 agens
262 1661 151 31 naturale
375 1661 126 31 posset
464 1661 164 31 producere
589 1661 151 31 effectum
690 1661 101 31 propor

179 1684 137 38 tionatum
281 1684 80 38 sue
327 1684 125 38 virtuti
418 1684 114 38 actiue
497 1684 91 38 quia
554 1684 68 38 si
588 1684 114 38 cetera
668 1684 91 38 sint
713 1684 80 38 paria

180 1717 89 29 ita
231 1717 229 29 proportionatur
422 1717 127 29 duplus
511 1717 153 29 effectus
626 1717 115 29 duple
689 1717 102 29 virtu-

183 1742 76 34 ti
221 1742 126 34 actiue
309 1742 113 34 sicut
385 1742 164 34 subduplus
511 1742 151 34 subduple
624 1742 63 34 â‹
649 1742 101 34 Item
700 1742 88 34 primo

186 1769 69 36 de
220 1769 114 36 trini.
300 1769 137 36 capitulo
403 1769 126 36 septimo
495 1769 114 36 impiis
575 1769 80 36 non
609 1769 183 36 manifestabitur

191 1800 104 34 filius
264 1800 63 34 in
295 1800 94 34 forma
357 1800 73 34 dei
399 1800 63 34 in
430 1800 104 34 finali
503 1800 115 34 iudicio
587 1800 83 34 quia
639 1800 73 34 sic
680 1800 73 34 non
712 1800 83 34 potest

187 1827 121 35 videri
272 1827 97 35 nisi
332 1827 73 35 ad
369 1827 145 35 gaudium.
478 1827 61 35 â‹
502 1827 97 35 Item
563 1827 85 35 13.
611 1827 73 35 de
648 1827 97 35 tri.
696 1827 97 35 nullus

180 1856 118 38 potest
263 1856 106 38 velle
333 1856 153 38 miseriam.
451 1856 82 38 10.
498 1856 106 38 capi.
568 1856 71 38 oe
604 1856 118 38 paruis
686 1856 71 38 et
710 1856 82 38 etiam

185 1888 109 31 aliis
258 1888 109 31 canis
331 1888 122 31 igitur
416 1888 85 31 nec
465 1888 109 31 nolle
538 1888 207 31 beatitudinem.
708 1888 61 31 â‹
720 1888 73 31 Item

186 1912 125 35 voluntas
280 1912 73 35 non
321 1912 104 35 potest
394 1912 94 35 velle
457 1912 104 35 summum
530 1912 94 35 malum
593 1912 84 35 sibi
645 1912 125 35 ostensum
728 1912 63 35 quia

183 1946 116 31 omnis
260 1946 129 31 natura
351 1946 180 31 cogitariua
493 1946 116 31 vitat
570 1946 180 31 incommodum
712 1946 77 31 vt
737 1946 52 31 pa

187 1970 71 29 tet
228 1970 61 29 de
258 1970 82 29 casu
309 1970 122 29 dyaboli.
401 1970 92 29 capi.
462 1970 61 29 32
493 1970 71 29 et.
534 1970 61 29 32
564 1970 112 29 dicitur
646 1970 82 29 quod
697 1970 61 29 si
718 1970 71 29 ange-

186 1999 74 33 lus
229 1999 95 33 malus
292 1999 180 33 praesciuisset
440 1999 95 33 penam
504 1999 85 33 sibi
556 1999 116 33 imminen
641 1999 74 33 non
673 1999 116 33 potuisset

189 2027 119 33 velle
268 2027 145 33 peccare
373 2027 132 33 igitur
466 2027 92 33 nec
518 2027 119 33 nolle
597 2027 132 33 summum
677 2027 105 33 bonum.

182 2057 53 34 â‹
204 2057 85 34 Item
257 2057 106 34 cait.o
331 2057 74 34 13.
373 2057 106 34 ibidem
448 2057 85 34 vult
501 2057 95 34 ansel
564 2057 85 34 quod
617 2057 127 34 voluntas
713 2057 74 34 non
745 2057 42 34 po

179 2082 90 50 test
235 2082 79 50 non
280 2082 102 50 velle
348 2082 181 50 beatitudinem
495 2082 90 50 sibi
552 2082 136 50 ostensam
653 2082 113 50 igitur
721 2082 68 50 mul

826 226 67 50 to
859 226 122 50 fortius
948 226 78 50 nec
992 226 89 50 deum
1048 226 100 50 clare
1114 226 100 50 visum
1181 226 55 50 a
1203 226 67 50 se
1236 226 78 50 vne
1281 226 100 50 quasi
1347 226 67 50 in
1370 226 55 50 fi-

817 271 75 31 ne
854 271 150 31 capituli
966 271 150 31 loquendo
1079 271 75 31 de
1116 271 100 31 bono
1179 271 137 31 commodi
1279 271 75 31 et
1316 271 100 31 malo
1366 271 50 31 in

823 297 138 37 commodi
924 297 113 37 dicit
999 297 88 37 hoc
1049 297 100 37 modo
1112 297 113 37 omnes
1187 297 100 37 sibi
1250 297 100 37 esse
1312 297 100 37 bene
1362 297 63 37 vo-

818 322 97 41 lunt
878 322 73 41 et
915 322 97 41 male
975 322 97 41 sibi
1036 322 97 41 esse
1096 322 133 41 nolunt.
1193 322 61 41 â‹
1217 322 97 41 Item
1278 322 145 41 anselmus
1375 322 48 41 mo

827 353 131 33 nologion
925 353 98 33 cat.l
991 353 120 33 septimo
1078 353 87 33 quod
1133 353 142 33 quecumque
1242 353 98 33 anima
1297 353 131 33 rationatur

822 380 110 34 summa
895 380 183 34 beatitudine
1042 380 98 34 frui
1103 380 135 34 poterit
1201 380 122 34 eterne
1286 380 110 34 beata
1348 380 73 34 erit

821 409 99 38 quia
883 409 149 38 creatura
994 409 99 38 eius
1057 409 186 38 indigentiam
1206 409 137 38 experta
1305 409 112 38 illam
1367 409 62 38 non

825 441 137 31 poterit
924 441 87 31 non
974 441 112 31 amare
1049 441 87 31 nec
1099 441 100 31 illa
1161 441 137 31 deseret
1261 441 137 31 amantem
1349 441 62 31 se.

820 468 56 36 â‹
842 468 90 36 Item
899 468 68 36 si
933 468 102 36 clare
1000 468 124 36 ostenso
1091 468 90 36 sibi
1147 468 79 36 deo
1192 468 135 36 voluntas
1294 468 79 36 non
1328 468 90 36 neces-

825 497 107 29 tario
897 497 96 29 amet
956 497 107 29 ipsum
1028 497 119 29 igitur
1112 497 84 29 nec
1159 497 143 29 ostensum
1267 497 155 29 quocumque
1374 497 48 29 a-

828 522 77 32 lio
872 522 187 32 quantuncumque
1026 522 154 32 tristabile
1146 522 77 32 non
1190 522 154 32 necessario
1311 522 99 32 illud
1366 522 66 32 odi-

821 555 82 35 ret
868 555 187 35 consequentia
1020 555 105 35 patet
1090 555 93 35 quia
1149 555 105 35 nihil
1219 555 82 35 est
1265 555 105 35 magis
1324 555 105 35 odibile

820 578 87 37 quam
875 578 87 37 deus
929 578 76 37 sit
973 578 164 37 diligibilis
1104 578 66 37 et
1137 578 76 37 per
1181 578 153 37 consequens
1301 578 76 37 non
1334 578 98 37 necessa

821 612 77 35 rio
865 612 99 35 dolet
931 612 132 35 dyabolus
1030 612 66 35 ex
1063 612 110 35 maxima
1140 612 88 35 pena
1195 612 88 35 quam
1250 612 110 35 potest
1316 612 110 35 sustine-

814 636 68 39 re
848 636 80 39 qui
893 636 103 39 nihil
962 636 80 39 est
1007 636 91 39 pena
1064 636 114 39 alicui
1144 636 91 39 nisi
1201 636 91 39 quod
1258 636 80 39 est
1304 636 114 39 contra
1372 636 57 39 vo-

820 664 161 34 luntatem
940 664 161 34 secundum
1061 664 161 34 anselmum
1182 664 80 34 ve
1222 664 161 34 conceptu
1329 664 94 34 virgi

814 696 101 36 nali
877 696 151 36 capitulo
991 696 126 36 quarto
1079 696 88 36 vbi
1130 696 139 36 dicitur
1230 696 113 36 sicut
1306 696 151 36 quicquid

812 721 131 38 faciunt
907 721 119 38 menbra
990 721 71 38 et
1026 721 119 38 sensus
1109 721 107 38 totum
1180 721 166 38 imputandum
1311 721 83 38 est
1347 721 83 38 volun

818 749 87 37 tati
873 749 76 37 ita
916 749 76 37 non
960 749 120 37 punitur
1047 749 87 37 nisi
1102 749 131 37 voluntas
1200 749 76 37 nam
1244 749 98 37 nihil
1309 749 76 37 est
1353 749 87 37 pena
1396 749 33 37 a

817 777 112 39 licui.
895 777 89 39 etc.
951 777 56 39 â‹
973 777 67 39 Ut
1006 777 100 39 prius
1073 777 100 39 sicut
1140 777 89 39 enim
1196 777 134 39 voluntas
1296 777 67 39 in
1319 777 100 39 menbris

819 806 69 37 et
854 806 138 37 sensibus
958 806 138 37 operatur
1061 806 81 37 ita
1107 806 69 37 et
1142 806 69 37 in
1176 806 104 37 illis
1245 806 92 37 ipsa
1291 806 127 37 torquetur

814 841 74 34 aut
857 841 148 34 delectatur
973 841 85 34 quod
1026 841 63 34 si
1058 841 85 34 quis
1111 841 74 34 non
1153 841 127 34 accipiat
1248 841 95 34 sciat
1312 841 63 34 in
1333 841 95 34 menbris

822 865 66 36 et
855 865 131 36 sensibus
953 865 77 36 non
997 865 88 36 nisi
1052 865 109 36 animam
1129 865 66 36 in
1161 865 77 36 qua
1205 865 77 36 est
1249 865 131 36 voluntas
1336 865 88 36 senti-

817 892 71 38 re
853 892 71 38 et
888 892 130 38 operari
982 892 71 38 et
1018 892 94 38 ideo
1077 892 71 38 in
1112 892 106 38 illis
1183 892 142 38 torqueri
1289 892 83 38 aut
1325 892 106 38 delecta

817 923 72 33 ri
853 923 108 33 habet
925 923 108 33 tamen
997 923 96 33 vsus
1057 923 72 33 vt
1093 923 144 33 actiones
1200 923 96 33 quas
1260 923 108 33 facit
1320 923 108 33 iniusta

817 950 156 36 voluntas
934 950 143 36 vocemus
1038 950 143 36 peccata
1141 950 104 36 quia
1206 950 78 36 in
1245 950 169 36 voluntate
1362 950 65 36 qua

824 974 98 39 fiunt
890 974 76 39 est
933 974 131 39 peccatum
1032 974 87 39 etc.
1086 974 87 39 nota
1141 974 87 39 bene
1196 974 98 39 illum
1261 974 120 39 passum.
1349 974 55 39 â‹
1359 974 66 39 Item

819 1002 73 36 si
855 1002 146 36 voluntas
965 1002 110 36 clare
1038 1002 122 36 videns
1123 1002 97 36 deum
1184 1002 122 36 potest
1270 1002 110 36 ipsum
1331 1002 97 36 dilige

810 1036 76 32 re
848 1036 88 32 vel
899 1036 88 32 hoc
949 1036 113 32 esset
1025 1036 113 32 omnem
1100 1036 113 32 actum
1176 1036 189 32 suspendendo
1327 1036 88 32 vel
1378 1036 76 32 ad

811 1063 111 40 alium
885 1063 186 40 intellectum
1034 1063 173 40 diuertendo
1170 1063 87 40 non
1219 1063 124 40 primum
1306 1063 99 40 quia
1356 1063 74 40 tunc

813 1090 77 33 si
852 1090 193 33 intellectus
1006 1090 103 33 vnum
1070 1090 116 33 bonum
1147 1090 141 33 videret
1250 1090 129 33 potest
1327 1090 103 33 volun-

816 1121 81 31 tas
863 1121 81 31 non
909 1121 104 31 velle
978 1121 104 31 illud
1047 1121 115 31 stante
1128 1121 92 31 tali
1185 1121 184 31 dispositione
1335 1121 92 31 quod
1381 1121 46 31 ne

821 1148 73 38 gat
862 1148 104 38 ansel.
935 1148 62 38 de
966 1148 83 38 casu
1018 1148 114 38 dyaboli
1101 1148 94 38 capi.
1164 1148 73 38 13.
1206 1148 114 38 diffuse
1289 1148 62 38 et
1320 1148 73 38 non
1351 1148 73 38 esset

813 1178 76 28 ad
851 1178 178 28 propositum
992 1178 102 28 quia
1055 1178 178 28 inquiritur
1196 1178 76 28 an
1234 1178 127 28 stante
1310 1178 115 28 visione

815 1204 89 38 dei.
871 1204 56 38 â‹
893 1204 100 38 Etiam
960 1204 134 38 anselmus
1060 1204 67 38 in
1094 1204 134 38 pluribus
1194 1204 100 38 locis
1261 1204 100 38 dicit
1328 1204 89 38 quod
1383 1204 67 38 in

817 1231 150 35 tellectus
932 1231 81 35 ibi
978 1231 104 35 vnico
1047 1231 127 35 intuitu
1139 1231 127 35 videbit
1231 1231 104 35 omnia
1300 1231 115 35 igitur
1369 1231 58 35 vi-

819 1258 107 37 debit
890 1258 107 37 illud
961 1258 71 37 ad
997 1258 95 37 quod
1056 1258 178 37 diuertetur.
1198 1258 59 37 â‹
1222 1258 95 37 Item
1281 1258 71 37 si
1316 1258 83 37 non
1352 1258 71 37 tunc

810 1291 72 34 in
846 1291 121 34 aliquo
931 1291 121 34 potest
1015 1291 109 34 stare
1088 1291 85 34 cum
1136 1291 109 34 clara
1209 1291 85 34 dei
1257 1291 133 34 visione
1341 1291 85 34 odium

814 1319 87 36 dei
863 1319 75 36 et
901 1319 87 36 per
951 1319 174 36 consequens
1088 1319 137 36 maximus
1187 1319 125 36 dolor.
1275 1319 62 36 â‹
1299 1319 100 36 Item
1349 1319 75 36 con-

818 1347 118 30 mentor
901 1347 71 30 12
936 1347 188 30 metaphisice.
1089 1347 141 30 commento
1195 1347 71 30 30
1230 1347 106 30 dicit
1301 1347 94 30 quod
1348 1347 82 30 dele-

812 1374 120 41 ctatio
896 1374 144 41 sequitur
1003 1374 179 41 appensionem
1147 1374 108 41 sicut
1219 1374 108 41 vmbra
1290 1374 120 41 corpus
1362 1374 60 41 sed

812 1401 165 32 delectatio
942 1401 165 32 voluntatis
1072 1401 142 32 requirit
1178 1401 177 32 dilectionem
1320 1401 106 32 sicut
1379 1401 47 32 do

818 1430 84 34 lor
866 1430 108 34 odium
938 1430 120 34 igitur
1022 1430 96 34 etc.
1082 1430 60 34 â‹
1106 1430 96 34 Item
1166 1430 120 34 aliter
1250 1430 120 34 nullus
1322 1430 96 34 beatus

820 1459 152 35 videretur
937 1459 94 35 esse
996 1459 176 35 confirmatus
1137 1459 70 35 in
1172 1459 176 35 beatitudine
1313 1459 82 35 sua
1348 1459 70 35 quia

817 1486 71 33 si
853 1486 118 33 libere
936 1486 118 33 posset
1018 1486 130 33 cessare
1113 1486 71 33 ab
1149 1486 95 33 omni
1208 1486 95 33 actu
1267 1486 130 33 fruendi
1362 1486 83 33 qui

810 1515 78 37 est
854 1515 133 37 dilectio
954 1515 100 37 etiam
1021 1515 111 37 stante
1099 1515 122 37 visione
1188 1515 78 37 non
1232 1515 122 37 videtur
1321 1515 78 37 ibi
1354 1515 67 37 esse

814 1546 97 35 maior
879 1546 161 35 confirmatio
1007 1546 75 35 vel
1050 1546 118 35 certior
1136 1546 86 35 quam
1190 1546 64 35 in
1222 1546 75 35 via
1265 1546 75 35 vel
1308 1546 86 35 quam
1362 1546 64 35 in
1383 1546 43 35 an

811 1576 106 33 gelo
877 1576 106 33 ante
944 1576 133 33 lapsum
1037 1576 160 33 qualiter
1157 1576 106 33 enim
1210 1576 213 33 conformaretur.

824 1601 57 35 â‹
846 1601 69 35 In
881 1601 160 35 contrarium
1007 1601 92 35 deus
1064 1601 103 35 clare
1133 1601 103 35 visus
1201 1601 115 35 potest
1282 1601 103 35 odiri
1350 1601 57 35 a
1362 1601 57 35 sic

812 1631 137 35 vidente
911 1631 125 35 igitur
998 1631 75 35 et
1036 1631 87 35 non
1086 1631 125 35 diligi
1173 1631 150 35 Probatur
1273 1631 150 35 antecedens

816 1659 97 33 quia
877 1659 134 33 aliquis
974 1659 121 33 iudeus
1059 1659 121 33 odiuit
1144 1659 97 33 deum
1204 1659 85 33 sed
1253 1659 121 33 potuit
1326 1659 97 33 fuisse

812 1687 84 30 quod
864 1687 94 30 simul
927 1687 94 30 clare
990 1687 126 30 vidisset
1084 1687 168 30 diuinitatem.
1221 1687 52 30 â‹
1242 1687 84 30 Item
1294 1687 84 30 tunc
1336 1687 84 30 quili-

815 1716 84 33 bet
863 1716 120 33 videns
947 1716 96 33 deum
1008 1716 108 33 esset
1080 1716 181 33 conformatus
1224 1716 96 33 quia
1285 1716 84 33 non
1321 1716 96 33 potest

819 1745 83 31 non
867 1745 95 31 frui
926 1745 83 31 deo
973 1745 142 31 falsitas
1080 1745 107 31 patet
1151 1745 71 31 de
1186 1745 130 31 angelis
1281 1745 107 31 malis
1340 1745 71 31 ante

814 1771 123 37 lapsum
900 1771 111 37 etiam
974 1771 99 37 tunc
1035 1771 123 37 paulus
1122 1771 135 37 fuisset
1220 1771 123 37 certus
1306 1771 74 37 de
1331 1771 86 37 eter-

815 1802 118 31 nitate
898 1802 82 31 sue
945 1802 188 31 beatitudinis
1098 1802 71 31 et
1133 1802 118 31 moyses
1216 1802 153 31 similiter
1322 1802 94 31 quorum

813 1830 118 32 vterque
899 1830 97 32 clare
964 1830 97 32 vidit
1029 1830 86 32 deum
1082 1830 75 32 det
1125 1830 97 32 moyse
1190 1830 97 32 patet
1255 1830 75 32 per
1287 1830 129 32 augustinum

812 1859 70 32 12
847 1859 106 32 super
918 1859 106 32 geni.
988 1859 82 32 ca.
1035 1859 70 32 33
1071 1859 70 32 14
1106 1859 70 32 55
1141 1859 70 32 be
1176 1859 106 32 paulo
1247 1859 141 32 expresse
1341 1859 82 32 dicit

818 1888 68 32 in
852 1888 180 32 questionibus
998 1888 113 32 orosui
1077 1888 147 32 questione
1190 1888 68 32 36
1223 1888 90 32 quod
1280 1888 68 32 in
1314 1888 101 32 raptu
1370 1888 45 32 vi

811 1916 101 32 derit
878 1916 90 32 deum
934 1916 101 32 sicut
1002 1916 90 32 scti
1058 1916 90 32 post
1114 1916 90 32 hanc
1170 1916 101 32 vitam
1237 1916 56 32 â‹
1260 1916 79 32 Hoc
1305 1916 101 32 etiam
1361 1916 56 32 di-

812 1943 87 37 cit
861 1943 75 37 in
899 1943 112 37 libro
974 1943 75 37 de
1011 1943 137 37 videndo
1111 1943 100 37 deum
1173 1943 75 37 de
1210 1943 112 37 moyse
1285 1943 125 37 probat
1360 1943 62 37 per

817 1971 109 32 llud
886 1971 137 32 numeri
981 1971 82 32 12
1022 1971 96 32 quo
1077 1971 109 32 deus
1145 1971 150 32 arguens
1254 1971 137 32 mariam
1336 1971 82 32 soro

816 2000 83 30 rem
864 2000 107 30 moysi
935 2000 107 30 dixit
1007 2000 71 30 de
1042 2000 107 30 moyse
1114 2000 83 30 ore
1161 2000 71 30 ad
1197 2000 71 30 os
1233 2000 119 30 loquor
1316 2000 71 30 ei
1352 2000 71 30 et
1375 2000 48 30 pa

809 2028 89 31 lam
860 2028 89 31 non
911 2028 89 31 per
961 2028 152 31 enigmata
1075 2028 76 31 et
1113 2028 89 31 per
1164 2028 139 31 figuras
1265 2028 139 31 dominum
1354 2028 63 31 vi-

813 2056 104 33 det.
878 2056 65 33 â‹
904 2056 169 33 Propterea
1034 2056 156 33 nonminus
1151 2056 130 33 libere
1242 2056 78 33 et
1268 2056 156 33 contingen-

810 2086 81 48 ter
857 2086 127 48 fruitur
949 2086 92 48 quis
1006 2086 81 48 deo
1052 2086 104 48 clare
1122 2086 92 48 viso
1179 2086 92 48 quam
1237 2086 92 48 vult
1283 2086 138 48 beatitudi
