<?xml version="1.0" encoding="UTF-8"?>
<alto xmlns:xsi="http://www.w3.org/2001/XMLSchema-instance"
      xmlns="http://www.loc.gov/standards/alto/ns-v2#"
      xmlns:page="http://schema.primaresearch.org/PAGE/gts/pagecontent/2013-07-15"
      xsi:schemaLocation="http://www.loc.gov/standards/alto/ns-v2# http://www.loc.gov/standards/alto/alto.xsd">
   <Description>
      <MeasurementUnit>pixel</MeasurementUnit>
      <OCRProcessing ID="IdOcr">
         <ocrProcessingStep>
            <processingDateTime>2021-02-17T08:19:28.652-05:00</processingDateTime>
            <processingSoftware>
               <softwareCreator>READ COOP</softwareCreator>
               <softwareName>Transkribus</softwareName>
            </processingSoftware>
         </ocrProcessingStep>
      </OCRProcessing>
   </Description>
   <Tags/>
   <Layout>
      <Page ID="Page1" PHYSICAL_IMG_NR="1" HEIGHT="2500" WIDTH="1773">
         <TopMargin HEIGHT="0" WIDTH="1773" VPOS="0" HPOS="0"/>
         <LeftMargin HEIGHT="2500" WIDTH="0" VPOS="0" HPOS="0"/>
         <RightMargin HEIGHT="2500" WIDTH="0" VPOS="0" HPOS="1773"/>
         <BottomMargin HEIGHT="0" WIDTH="1773" VPOS="2500" HPOS="0"/>
         <PrintSpace HEIGHT="2500" WIDTH="1773" VPOS="0" HPOS="0">
            <TextBlock ID="TextRegion_1611932301616_159"
                       HEIGHT="1931"
                       WIDTH="632"
                       VPOS="253"
                       HPOS="151">
               <Shape>
                  <Polygon POINTS="175,253 783,253 783,2184 151,2184 152,2072 157,1101"/>
               </Shape>
               <TextLine ID="line_1611932269448_146"
                         BASELINE="308"
                         HEIGHT="60"
                         WIDTH="616"
                         VPOS="248"
                         HPOS="169">
                  <String HEIGHT="60" WIDTH="40" VPOS="248" HPOS="159" CONTENT=""/>
                  <SP HEIGHT="60" WIDTH="10" VPOS="248" HPOS="199"/>
                  <String HEIGHT="60"
                          WIDTH="202"
                          VPOS="248"
                          HPOS="169"
                          CONTENT="supernaturaliter"/>
                  <SP HEIGHT="60" WIDTH="10" VPOS="248" HPOS="371"/>
                  <String HEIGHT="60"
                          WIDTH="91"
                          VPOS="248"
                          HPOS="341"
                          CONTENT="esse."/>
                  <SP HEIGHT="60" WIDTH="10" VPOS="248" HPOS="432"/>
                  <String HEIGHT="60" WIDTH="50" VPOS="248" HPOS="401" CONTENT="⁋"/>
                  <SP HEIGHT="60" WIDTH="10" VPOS="248" HPOS="452"/>
                  <String HEIGHT="60" WIDTH="61" VPOS="248" HPOS="421" CONTENT="Ad"/>
                  <SP HEIGHT="60" WIDTH="10" VPOS="248" HPOS="482"/>
                  <String HEIGHT="60"
                          WIDTH="101"
                          VPOS="248"
                          HPOS="452"
                          CONTENT="primum"/>
                  <SP HEIGHT="60" WIDTH="10" VPOS="248" HPOS="553"/>
                  <String HEIGHT="60"
                          WIDTH="101"
                          VPOS="248"
                          HPOS="522"
                          CONTENT="quando"/>
                  <SP HEIGHT="60" WIDTH="10" VPOS="248" HPOS="623"/>
                  <String HEIGHT="60"
                          WIDTH="111"
                          VPOS="248"
                          HPOS="593"
                          CONTENT="dicitur"/>
                  <SP HEIGHT="60" WIDTH="10" VPOS="248" HPOS="704"/>
                  <String HEIGHT="60" WIDTH="81" VPOS="248" HPOS="674" CONTENT="quod"/>
                  <SP HEIGHT="60" WIDTH="10" VPOS="248" HPOS="755"/>
                  <String HEIGHT="60"
                          WIDTH="71"
                          VPOS="248"
                          HPOS="714"
                          CONTENT="anima"/>
               </TextLine>
               <TextLine ID="line_1611932269449_148"
                         BASELINE="336"
                         HEIGHT="36"
                         WIDTH="603"
                         VPOS="300"
                         HPOS="169">
                  <String HEIGHT="36" WIDTH="46" VPOS="300" HPOS="157" CONTENT=""/>
                  <SP HEIGHT="36" WIDTH="12" VPOS="300" HPOS="204"/>
                  <String HEIGHT="36"
                          WIDTH="116"
                          VPOS="300"
                          HPOS="169"
                          CONTENT="posset"/>
                  <SP HEIGHT="36" WIDTH="12" VPOS="300" HPOS="285"/>
                  <String HEIGHT="36" WIDTH="70" VPOS="300" HPOS="250" CONTENT="se"/>
                  <SP HEIGHT="36" WIDTH="12" VPOS="300" HPOS="320"/>
                  <String HEIGHT="36"
                          WIDTH="174"
                          VPOS="300"
                          HPOS="285"
                          CONTENT="beatificare"/>
                  <SP HEIGHT="36" WIDTH="12" VPOS="300" HPOS="459"/>
                  <String HEIGHT="36"
                          WIDTH="128"
                          VPOS="300"
                          HPOS="424"
                          CONTENT="negatur"/>
                  <SP HEIGHT="36" WIDTH="12" VPOS="300" HPOS="552"/>
                  <String HEIGHT="36"
                          WIDTH="186"
                          VPOS="300"
                          HPOS="517"
                          CONTENT="consequentia"/>
                  <SP HEIGHT="36" WIDTH="12" VPOS="300" HPOS="702"/>
                  <String HEIGHT="36" WIDTH="93" VPOS="300" HPOS="668" CONTENT="quia"/>
                  <SP HEIGHT="36" WIDTH="12" VPOS="300" HPOS="760"/>
                  <String HEIGHT="36" WIDTH="58" VPOS="300" HPOS="714" CONTENT="cum"/>
               </TextLine>
               <TextLine ID="r1l8"
                         BASELINE="363"
                         HEIGHT="36"
                         WIDTH="585"
                         VPOS="327"
                         HPOS="185">
                  <String HEIGHT="36"
                          WIDTH="154"
                          VPOS="327"
                          HPOS="175"
                          CONTENT="conclusione"/>
                  <SP HEIGHT="36" WIDTH="10" VPOS="327" HPOS="329"/>
                  <String HEIGHT="36"
                          WIDTH="103"
                          VPOS="327"
                          HPOS="298"
                          CONTENT="staret"/>
                  <SP HEIGHT="36" WIDTH="10" VPOS="327" HPOS="401"/>
                  <String HEIGHT="36" WIDTH="82" VPOS="327" HPOS="370" CONTENT="quod"/>
                  <SP HEIGHT="36" WIDTH="10" VPOS="327" HPOS="452"/>
                  <String HEIGHT="36" WIDTH="72" VPOS="327" HPOS="421" CONTENT="non"/>
                  <SP HEIGHT="36" WIDTH="10" VPOS="327" HPOS="493"/>
                  <String HEIGHT="36"
                          WIDTH="103"
                          VPOS="327"
                          HPOS="462"
                          CONTENT="potest"/>
                  <SP HEIGHT="36" WIDTH="10" VPOS="327" HPOS="565"/>
                  <String HEIGHT="36"
                          WIDTH="92"
                          VPOS="327"
                          HPOS="534"
                          CONTENT="anima"/>
                  <SP HEIGHT="36" WIDTH="10" VPOS="327" HPOS="626"/>
                  <String HEIGHT="36"
                          WIDTH="113"
                          VPOS="327"
                          HPOS="596"
                          CONTENT="causare"/>
                  <SP HEIGHT="36" WIDTH="10" VPOS="327" HPOS="708"/>
                  <String HEIGHT="36"
                          WIDTH="103"
                          VPOS="327"
                          HPOS="667"
                          CONTENT="visionem"/>
               </TextLine>
               <TextLine ID="r1l11"
                         BASELINE="395"
                         HEIGHT="43"
                         WIDTH="589"
                         VPOS="352"
                         HPOS="186">
                  <String HEIGHT="43" WIDTH="68" VPOS="352" HPOS="176" CONTENT="dei"/>
                  <SP HEIGHT="43" WIDTH="10" VPOS="352" HPOS="244"/>
                  <String HEIGHT="43" WIDTH="58" VPOS="352" HPOS="215" CONTENT="in"/>
                  <SP HEIGHT="43" WIDTH="10" VPOS="352" HPOS="273"/>
                  <String HEIGHT="43" WIDTH="58" VPOS="352" HPOS="244" CONTENT="se"/>
                  <SP HEIGHT="43" WIDTH="10" VPOS="352" HPOS="302"/>
                  <String HEIGHT="43" WIDTH="77" VPOS="352" HPOS="273" CONTENT="quae"/>
                  <SP HEIGHT="43" WIDTH="10" VPOS="352" HPOS="350"/>
                  <String HEIGHT="43"
                          WIDTH="87"
                          VPOS="352"
                          HPOS="321"
                          CONTENT="tamen"/>
                  <SP HEIGHT="43" WIDTH="10" VPOS="352" HPOS="408"/>
                  <String HEIGHT="43" WIDTH="68" VPOS="352" HPOS="379" CONTENT="est"/>
                  <SP HEIGHT="43" WIDTH="10" VPOS="352" HPOS="447"/>
                  <String HEIGHT="43" WIDTH="77" VPOS="352" HPOS="418" CONTENT="pars"/>
                  <SP HEIGHT="43" WIDTH="10" VPOS="352" HPOS="495"/>
                  <String HEIGHT="43"
                          WIDTH="145"
                          VPOS="352"
                          HPOS="466"
                          CONTENT="essentialis"/>
                  <SP HEIGHT="43" WIDTH="10" VPOS="352" HPOS="611"/>
                  <String HEIGHT="43"
                          WIDTH="87"
                          VPOS="352"
                          HPOS="582"
                          CONTENT="licet"/>
                  <SP HEIGHT="43" WIDTH="10" VPOS="352" HPOS="669"/>
                  <String HEIGHT="43" WIDTH="68" VPOS="352" HPOS="640" CONTENT="non"/>
                  <SP HEIGHT="43" WIDTH="10" VPOS="352" HPOS="707"/>
                  <String HEIGHT="43"
                          WIDTH="106"
                          VPOS="352"
                          HPOS="669"
                          CONTENT="principa"
                          SUBS_TYPE="HypPart1"
                          SUBS_CONTENT="principalis"/>
                  <HYP CONTENT="-"/>
               </TextLine>
               <TextLine ID="r1l14"
                         BASELINE="420"
                         HEIGHT="42"
                         WIDTH="593"
                         VPOS="378"
                         HPOS="182">
                  <String HEIGHT="42"
                          WIDTH="72"
                          VPOS="378"
                          HPOS="172"
                          CONTENT="lis"
                          SUBS_TYPE="HypPart2"
                          SUBS_CONTENT="principalis"/>
                  <SP HEIGHT="42" WIDTH="10" VPOS="378" HPOS="243"/>
                  <String HEIGHT="42"
                          WIDTH="164"
                          VPOS="378"
                          HPOS="213"
                          CONTENT="beatitudinis"/>
                  <SP HEIGHT="42" WIDTH="10" VPOS="378" HPOS="376"/>
                  <String HEIGHT="42" WIDTH="61" VPOS="378" HPOS="346" CONTENT="et"/>
                  <SP HEIGHT="42" WIDTH="10" VPOS="378" HPOS="407"/>
                  <String HEIGHT="42"
                          WIDTH="92"
                          VPOS="378"
                          HPOS="376"
                          CONTENT="etiam"/>
                  <SP HEIGHT="42" WIDTH="10" VPOS="378" HPOS="468"/>
                  <String HEIGHT="42"
                          WIDTH="112"
                          VPOS="378"
                          HPOS="438"
                          CONTENT="propter"/>
                  <SP HEIGHT="42" WIDTH="10" VPOS="378" HPOS="550"/>
                  <String HEIGHT="42"
                          WIDTH="92"
                          VPOS="378"
                          HPOS="519"
                          CONTENT="aliud"/>
                  <SP HEIGHT="42" WIDTH="10" VPOS="378" HPOS="611"/>
                  <String HEIGHT="42"
                          WIDTH="102"
                          VPOS="378"
                          HPOS="581"
                          CONTENT="potest"/>
                  <SP HEIGHT="42" WIDTH="10" VPOS="378" HPOS="683"/>
                  <String HEIGHT="42"
                          WIDTH="102"
                          VPOS="378"
                          HPOS="652"
                          CONTENT="vitari"/>
                  <SP HEIGHT="42" WIDTH="10" VPOS="378" HPOS="755"/>
                  <String HEIGHT="42"
                          WIDTH="61"
                          VPOS="378"
                          HPOS="714"
                          CONTENT="con"
                          SUBS_TYPE="HypPart1"
                          SUBS_CONTENT="consequentia"/>
                  <HYP CONTENT="-"/>
               </TextLine>
               <TextLine ID="r1l17"
                         BASELINE="447"
                         HEIGHT="39"
                         WIDTH="589"
                         VPOS="408"
                         HPOS="184">
                  <String HEIGHT="39"
                          WIDTH="126"
                          VPOS="408"
                          HPOS="174"
                          CONTENT="sequentia"
                          SUBS_TYPE="HypPart2"
                          SUBS_CONTENT="consequentia"/>
                  <SP HEIGHT="39" WIDTH="10" VPOS="408" HPOS="300"/>
                  <String HEIGHT="39" WIDTH="77" VPOS="408" HPOS="271" CONTENT="quia"/>
                  <SP HEIGHT="39" WIDTH="10" VPOS="408" HPOS="348"/>
                  <String HEIGHT="39"
                          WIDTH="87"
                          VPOS="408"
                          HPOS="319"
                          CONTENT="licet"/>
                  <SP HEIGHT="39" WIDTH="10" VPOS="408" HPOS="406"/>
                  <String HEIGHT="39" WIDTH="77" VPOS="408" HPOS="377" CONTENT="ista"/>
                  <SP HEIGHT="39" WIDTH="10" VPOS="408" HPOS="454"/>
                  <String HEIGHT="39"
                          WIDTH="106"
                          VPOS="408"
                          HPOS="425"
                          CONTENT="fruitio"/>
                  <SP HEIGHT="39" WIDTH="10" VPOS="408" HPOS="532"/>
                  <String HEIGHT="39"
                          WIDTH="97"
                          VPOS="408"
                          HPOS="503"
                          CONTENT="potest"/>
                  <SP HEIGHT="39" WIDTH="10" VPOS="408" HPOS="599"/>
                  <String HEIGHT="39" WIDTH="77" VPOS="408" HPOS="570" CONTENT="dici"/>
                  <SP HEIGHT="39" WIDTH="10" VPOS="408" HPOS="647"/>
                  <String HEIGHT="39"
                          WIDTH="126"
                          VPOS="408"
                          HPOS="619"
                          CONTENT="aliqualis"/>
                  <SP HEIGHT="39" WIDTH="10" VPOS="408" HPOS="744"/>
                  <String HEIGHT="39"
                          WIDTH="68"
                          VPOS="408"
                          HPOS="705"
                          CONTENT="beati"/>
               </TextLine>
               <TextLine ID="r1l20"
                         BASELINE="478"
                         HEIGHT="42"
                         WIDTH="583"
                         VPOS="436"
                         HPOS="186">
                  <String HEIGHT="42" WIDTH="79" VPOS="436" HPOS="176" CONTENT="tudo"/>
                  <SP HEIGHT="42" WIDTH="10" VPOS="436" HPOS="255"/>
                  <String HEIGHT="42" WIDTH="69" VPOS="436" HPOS="226" CONTENT="non"/>
                  <SP HEIGHT="42" WIDTH="10" VPOS="436" HPOS="295"/>
                  <String HEIGHT="42"
                          WIDTH="89"
                          VPOS="436"
                          HPOS="265"
                          CONTENT="tamen"/>
                  <SP HEIGHT="42" WIDTH="10" VPOS="436" HPOS="354"/>
                  <String HEIGHT="42"
                          WIDTH="148"
                          VPOS="436"
                          HPOS="324"
                          CONTENT="principalis"/>
                  <SP HEIGHT="42" WIDTH="10" VPOS="436" HPOS="473"/>
                  <String HEIGHT="42" WIDTH="79" VPOS="436" HPOS="443" CONTENT="quia"/>
                  <SP HEIGHT="42" WIDTH="10" VPOS="436" HPOS="522"/>
                  <String HEIGHT="42"
                          WIDTH="128"
                          VPOS="436"
                          HPOS="492"
                          CONTENT="diceretur"/>
                  <SP HEIGHT="42" WIDTH="10" VPOS="436" HPOS="621"/>
                  <String HEIGHT="42"
                          WIDTH="89"
                          VPOS="436"
                          HPOS="591"
                          CONTENT="forte"/>
                  <SP HEIGHT="42" WIDTH="10" VPOS="436" HPOS="680"/>
                  <String HEIGHT="42"
                          WIDTH="89"
                          VPOS="436"
                          HPOS="650"
                          CONTENT="sicut"/>
                  <SP HEIGHT="42" WIDTH="10" VPOS="436" HPOS="739"/>
                  <String HEIGHT="42"
                          WIDTH="69"
                          VPOS="436"
                          HPOS="700"
                          CONTENT="ipse"
                          SUBS_TYPE="HypPart1"
                          SUBS_CONTENT="ipsemet"/>
                  <HYP CONTENT="-"/>
               </TextLine>
               <TextLine ID="r1l23"
                         BASELINE="501"
                         HEIGHT="35"
                         WIDTH="588"
                         VPOS="466"
                         HPOS="178">
                  <String HEIGHT="35"
                          WIDTH="72"
                          VPOS="466"
                          HPOS="168"
                          CONTENT="met"
                          SUBS_TYPE="HypPart2"
                          SUBS_CONTENT="ipsemet"/>
                  <SP HEIGHT="35" WIDTH="10" VPOS="466" HPOS="240"/>
                  <String HEIGHT="35"
                          WIDTH="93"
                          VPOS="466"
                          HPOS="209"
                          CONTENT="dicit"/>
                  <SP HEIGHT="35" WIDTH="10" VPOS="466" HPOS="302"/>
                  <String HEIGHT="35" WIDTH="83" VPOS="466" HPOS="271" CONTENT="quod"/>
                  <SP HEIGHT="35" WIDTH="10" VPOS="466" HPOS="353"/>
                  <String HEIGHT="35"
                          WIDTH="93"
                          VPOS="466"
                          HPOS="322"
                          CONTENT="actus"/>
                  <SP HEIGHT="35" WIDTH="10" VPOS="466" HPOS="415"/>
                  <String HEIGHT="35"
                          WIDTH="155"
                          VPOS="466"
                          HPOS="384"
                          CONTENT="essentialis"/>
                  <SP HEIGHT="35" WIDTH="10" VPOS="466" HPOS="539"/>
                  <String HEIGHT="35"
                          WIDTH="165"
                          VPOS="466"
                          HPOS="508"
                          CONTENT="beatitudinis"/>
                  <SP HEIGHT="35" WIDTH="10" VPOS="466" HPOS="673"/>
                  <String HEIGHT="35" WIDTH="72" VPOS="466" HPOS="642" CONTENT="est"/>
                  <SP HEIGHT="35" WIDTH="10" VPOS="466" HPOS="714"/>
                  <String HEIGHT="35"
                          WIDTH="93"
                          VPOS="466"
                          HPOS="673"
                          CONTENT="fruitio"/>
               </TextLine>
               <TextLine ID="r1l25"
                         BASELINE="528"
                         HEIGHT="35"
                         WIDTH="586"
                         VPOS="493"
                         HPOS="182">
                  <String HEIGHT="35" WIDTH="75" VPOS="493" HPOS="171" CONTENT="ita"/>
                  <SP HEIGHT="35" WIDTH="11" VPOS="493" HPOS="246"/>
                  <String HEIGHT="35"
                          WIDTH="117"
                          VPOS="493"
                          HPOS="214"
                          CONTENT="nobilis"/>
                  <SP HEIGHT="35" WIDTH="11" VPOS="493" HPOS="331"/>
                  <String HEIGHT="35" WIDTH="85" VPOS="493" HPOS="299" CONTENT="quod"/>
                  <SP HEIGHT="35" WIDTH="11" VPOS="493" HPOS="384"/>
                  <String HEIGHT="35"
                          WIDTH="107"
                          VPOS="493"
                          HPOS="352"
                          CONTENT="solius"/>
                  <SP HEIGHT="35" WIDTH="11" VPOS="493" HPOS="459"/>
                  <String HEIGHT="35" WIDTH="85" VPOS="493" HPOS="427" CONTENT="deus"/>
                  <SP HEIGHT="35" WIDTH="11" VPOS="493" HPOS="512"/>
                  <String HEIGHT="35"
                          WIDTH="96"
                          VPOS="493"
                          HPOS="480"
                          CONTENT="istam"/>
                  <SP HEIGHT="35" WIDTH="11" VPOS="493" HPOS="576"/>
                  <String HEIGHT="35"
                          WIDTH="117"
                          VPOS="493"
                          HPOS="544"
                          CONTENT="causare"/>
                  <SP HEIGHT="35" WIDTH="11" VPOS="493" HPOS="661"/>
                  <String HEIGHT="35"
                          WIDTH="107"
                          VPOS="493"
                          HPOS="629"
                          CONTENT="potest"/>
                  <SP HEIGHT="35" WIDTH="11" VPOS="493" HPOS="736"/>
                  <String HEIGHT="35"
                          WIDTH="75"
                          VPOS="493"
                          HPOS="693"
                          CONTENT="acti"
                          SUBS_TYPE="HypPart1"
                          SUBS_CONTENT="actiue"/>
                  <HYP CONTENT="-"/>
               </TextLine>
               <TextLine ID="r1l27"
                         BASELINE="561"
                         HEIGHT="40"
                         WIDTH="591"
                         VPOS="521"
                         HPOS="175">
                  <String HEIGHT="40"
                          WIDTH="67"
                          VPOS="521"
                          HPOS="164"
                          CONTENT="ue"
                          SUBS_TYPE="HypPart2"
                          SUBS_CONTENT="actiue"/>
                  <SP HEIGHT="40" WIDTH="11" VPOS="521" HPOS="231"/>
                  <String HEIGHT="40" WIDTH="78" VPOS="521" HPOS="197" CONTENT="cum"/>
                  <SP HEIGHT="40" WIDTH="11" VPOS="521" HPOS="275"/>
                  <String HEIGHT="40" WIDTH="78" VPOS="521" HPOS="242" CONTENT="qua"/>
                  <SP HEIGHT="40" WIDTH="11" VPOS="521" HPOS="320"/>
                  <String HEIGHT="40"
                          WIDTH="100"
                          VPOS="521"
                          HPOS="287"
                          CONTENT="tamen"/>
                  <SP HEIGHT="40" WIDTH="11" VPOS="521" HPOS="387"/>
                  <String HEIGHT="40" WIDTH="89" VPOS="521" HPOS="353" CONTENT="bene"/>
                  <SP HEIGHT="40" WIDTH="11" VPOS="521" HPOS="443"/>
                  <String HEIGHT="40" WIDTH="89" VPOS="521" HPOS="409" CONTENT="stat"/>
                  <SP HEIGHT="40" WIDTH="11" VPOS="521" HPOS="498"/>
                  <String HEIGHT="40" WIDTH="89" VPOS="521" HPOS="465" CONTENT="alia"/>
                  <SP HEIGHT="40" WIDTH="11" VPOS="521" HPOS="554"/>
                  <String HEIGHT="40"
                          WIDTH="123"
                          VPOS="521"
                          HPOS="521"
                          CONTENT="fruitio"/>
                  <SP HEIGHT="40" WIDTH="11" VPOS="521" HPOS="643"/>
                  <String HEIGHT="40"
                          WIDTH="156"
                          VPOS="521"
                          HPOS="610"
                          CONTENT="causabilis"/>
                  <SP HEIGHT="40" WIDTH="11" VPOS="521" HPOS="766"/>
                  <String HEIGHT="40" WIDTH="45" VPOS="521" HPOS="721" CONTENT="ab"/>
               </TextLine>
               <TextLine ID="r1l29"
                         BASELINE="588"
                         HEIGHT="33"
                         WIDTH="595"
                         VPOS="555"
                         HPOS="172">
                  <String HEIGHT="33"
                          WIDTH="94"
                          VPOS="555"
                          HPOS="162"
                          CONTENT="anima"/>
                  <SP HEIGHT="33" WIDTH="10" VPOS="555" HPOS="256"/>
                  <String HEIGHT="33" WIDTH="63" VPOS="555" HPOS="224" CONTENT="et"/>
                  <SP HEIGHT="33" WIDTH="10" VPOS="555" HPOS="287"/>
                  <String HEIGHT="33"
                          WIDTH="115"
                          VPOS="555"
                          HPOS="256"
                          CONTENT="visione"/>
                  <SP HEIGHT="33" WIDTH="10" VPOS="555" HPOS="370"/>
                  <String HEIGHT="33"
                          WIDTH="94"
                          VPOS="555"
                          HPOS="339"
                          CONTENT="sicut"/>
                  <SP HEIGHT="33" WIDTH="10" VPOS="555" HPOS="433"/>
                  <String HEIGHT="33" WIDTH="73" VPOS="555" HPOS="402" CONTENT="cum"/>
                  <SP HEIGHT="33" WIDTH="10" VPOS="555" HPOS="475"/>
                  <String HEIGHT="33"
                          WIDTH="115"
                          VPOS="555"
                          HPOS="443"
                          CONTENT="visione"/>
                  <SP HEIGHT="33" WIDTH="10" VPOS="555" HPOS="558"/>
                  <String HEIGHT="33"
                          WIDTH="125"
                          VPOS="555"
                          HPOS="527"
                          CONTENT="creature"/>
                  <SP HEIGHT="33" WIDTH="10" VPOS="555" HPOS="652"/>
                  <String HEIGHT="33" WIDTH="63" VPOS="555" HPOS="621" CONTENT="in"/>
                  <SP HEIGHT="33" WIDTH="10" VPOS="555" HPOS="683"/>
                  <String HEIGHT="33"
                          WIDTH="115"
                          VPOS="555"
                          HPOS="652"
                          CONTENT="proprio"/>
                  <SP HEIGHT="33" WIDTH="10" VPOS="555" HPOS="767"/>
                  <String HEIGHT="33" WIDTH="42" VPOS="555" HPOS="725" CONTENT="ge"/>
               </TextLine>
               <TextLine ID="r1l31"
                         BASELINE="615"
                         HEIGHT="37"
                         WIDTH="600"
                         VPOS="578"
                         HPOS="174">
                  <String HEIGHT="37" WIDTH="94" VPOS="578" HPOS="162" CONTENT="nere"/>
                  <SP HEIGHT="37" WIDTH="12" VPOS="578" HPOS="256"/>
                  <String HEIGHT="37" WIDTH="82" VPOS="578" HPOS="221" CONTENT="que"/>
                  <SP HEIGHT="37" WIDTH="12" VPOS="578" HPOS="303"/>
                  <String HEIGHT="37" WIDTH="94" VPOS="578" HPOS="268" CONTENT="sola"/>
                  <SP HEIGHT="37" WIDTH="12" VPOS="578" HPOS="362"/>
                  <String HEIGHT="37"
                          WIDTH="165"
                          VPOS="578"
                          HPOS="327"
                          CONTENT="causabilis"/>
                  <SP HEIGHT="37" WIDTH="12" VPOS="578" HPOS="492"/>
                  <String HEIGHT="37" WIDTH="82" VPOS="578" HPOS="456" CONTENT="est"/>
                  <SP HEIGHT="37" WIDTH="12" VPOS="578" HPOS="539"/>
                  <String HEIGHT="37" WIDTH="71" VPOS="578" HPOS="503" CONTENT="ab"/>
                  <SP HEIGHT="37" WIDTH="12" VPOS="578" HPOS="574"/>
                  <String HEIGHT="37"
                          WIDTH="165"
                          VPOS="578"
                          HPOS="539"
                          CONTENT="intellectu"/>
                  <SP HEIGHT="37" WIDTH="12" VPOS="578" HPOS="703"/>
                  <String HEIGHT="37" WIDTH="82" VPOS="578" HPOS="668" CONTENT="nio"/>
                  <SP HEIGHT="37" WIDTH="12" VPOS="578" HPOS="750"/>
                  <String HEIGHT="37" WIDTH="71" VPOS="578" HPOS="703" CONTENT="bene"/>
               </TextLine>
               <TextLine ID="r1l33"
                         BASELINE="648"
                         HEIGHT="43"
                         WIDTH="593"
                         VPOS="605"
                         HPOS="176">
                  <String HEIGHT="43" WIDTH="86" VPOS="605" HPOS="165" CONTENT="stat"/>
                  <SP HEIGHT="43" WIDTH="11" VPOS="605" HPOS="251"/>
                  <String HEIGHT="43"
                          WIDTH="129"
                          VPOS="605"
                          HPOS="219"
                          CONTENT="secundum"/>
                  <SP HEIGHT="43" WIDTH="11" VPOS="605" HPOS="349"/>
                  <String HEIGHT="43"
                          WIDTH="129"
                          VPOS="605"
                          HPOS="316"
                          CONTENT="doctores"/>
                  <SP HEIGHT="43" WIDTH="11" VPOS="605" HPOS="446"/>
                  <String HEIGHT="43"
                          WIDTH="97"
                          VPOS="605"
                          HPOS="413"
                          CONTENT="visio"/>
                  <SP HEIGHT="43" WIDTH="11" VPOS="605" HPOS="510"/>
                  <String HEIGHT="43"
                          WIDTH="119"
                          VPOS="605"
                          HPOS="478"
                          CONTENT="eiusdem"/>
                  <SP HEIGHT="43" WIDTH="11" VPOS="605" HPOS="596"/>
                  <String HEIGHT="43" WIDTH="75" VPOS="605" HPOS="564" CONTENT="rei"/>
                  <SP HEIGHT="43" WIDTH="11" VPOS="605" HPOS="640"/>
                  <String HEIGHT="43" WIDTH="65" VPOS="605" HPOS="607" CONTENT="in"/>
                  <SP HEIGHT="43" WIDTH="11" VPOS="605" HPOS="672"/>
                  <String HEIGHT="43"
                          WIDTH="97"
                          VPOS="605"
                          HPOS="640"
                          CONTENT="verbo"/>
                  <SP HEIGHT="43" WIDTH="11" VPOS="605" HPOS="737"/>
                  <String HEIGHT="43"
                          WIDTH="75"
                          VPOS="605"
                          HPOS="694"
                          CONTENT="multo"/>
               </TextLine>
               <TextLine ID="r1l35"
                         BASELINE="671"
                         HEIGHT="37"
                         WIDTH="593"
                         VPOS="634"
                         HPOS="175">
                  <String HEIGHT="37"
                          WIDTH="163"
                          VPOS="634"
                          HPOS="163"
                          CONTENT="perfectior"/>
                  <SP HEIGHT="37" WIDTH="12" VPOS="634" HPOS="326"/>
                  <String HEIGHT="37" WIDTH="93" VPOS="634" HPOS="291" CONTENT="quam"/>
                  <SP HEIGHT="37" WIDTH="12" VPOS="634" HPOS="384"/>
                  <String HEIGHT="37"
                          WIDTH="105"
                          VPOS="634"
                          HPOS="349"
                          CONTENT="nulla"/>
                  <SP HEIGHT="37" WIDTH="12" VPOS="634" HPOS="454"/>
                  <String HEIGHT="37"
                          WIDTH="140"
                          VPOS="634"
                          HPOS="419"
                          CONTENT="creatura"/>
                  <SP HEIGHT="37" WIDTH="12" VPOS="634" HPOS="559"/>
                  <String HEIGHT="37"
                          WIDTH="116"
                          VPOS="634"
                          HPOS="524"
                          CONTENT="potest"/>
                  <SP HEIGHT="37" WIDTH="12" VPOS="634" HPOS="640"/>
                  <String HEIGHT="37"
                          WIDTH="140"
                          VPOS="634"
                          HPOS="605"
                          CONTENT="causare."/>
                  <SP HEIGHT="37" WIDTH="12" VPOS="634" HPOS="745"/>
                  <String HEIGHT="37" WIDTH="58" VPOS="634" HPOS="710" CONTENT="⁋"/>
                  <SP HEIGHT="37" WIDTH="12" VPOS="634" HPOS="768"/>
                  <String HEIGHT="37" WIDTH="47" VPOS="634" HPOS="721" CONTENT="Et"/>
               </TextLine>
               <TextLine ID="r1l37"
                         BASELINE="702"
                         HEIGHT="35"
                         WIDTH="595"
                         VPOS="667"
                         HPOS="175">
                  <String HEIGHT="35"
                          WIDTH="96"
                          VPOS="667"
                          HPOS="164"
                          CONTENT="ratio"/>
                  <SP HEIGHT="35" WIDTH="11" VPOS="667" HPOS="260"/>
                  <String HEIGHT="35" WIDTH="74" VPOS="667" HPOS="228" CONTENT="est"/>
                  <SP HEIGHT="35" WIDTH="11" VPOS="667" HPOS="303"/>
                  <String HEIGHT="35" WIDTH="85" VPOS="667" HPOS="271" CONTENT="quia"/>
                  <SP HEIGHT="35" WIDTH="11" VPOS="667" HPOS="356"/>
                  <String HEIGHT="35" WIDTH="85" VPOS="667" HPOS="324" CONTENT="dona"/>
                  <SP HEIGHT="35" WIDTH="11" VPOS="667" HPOS="409"/>
                  <String HEIGHT="35"
                          WIDTH="191"
                          VPOS="667"
                          HPOS="377"
                          CONTENT="supernaturalia"/>
                  <SP HEIGHT="35" WIDTH="11" VPOS="667" HPOS="568"/>
                  <String HEIGHT="35" WIDTH="74" VPOS="667" HPOS="536" CONTENT="non"/>
                  <SP HEIGHT="35" WIDTH="11" VPOS="667" HPOS="611"/>
                  <String HEIGHT="35"
                          WIDTH="138"
                          VPOS="667"
                          HPOS="579"
                          CONTENT="destruunt"/>
                  <SP HEIGHT="35" WIDTH="11" VPOS="667" HPOS="717"/>
                  <String HEIGHT="35"
                          WIDTH="96"
                          VPOS="667"
                          HPOS="674"
                          CONTENT="naturam"/>
               </TextLine>
               <TextLine ID="r1l39"
                         BASELINE="728"
                         HEIGHT="39"
                         WIDTH="592"
                         VPOS="689"
                         HPOS="177">
                  <String HEIGHT="39"
                          WIDTH="97"
                          VPOS="689"
                          HPOS="166"
                          CONTENT="secum"/>
                  <SP HEIGHT="39" WIDTH="11" VPOS="689" HPOS="263"/>
                  <String HEIGHT="39"
                          WIDTH="118"
                          VPOS="689"
                          HPOS="231"
                          CONTENT="sanctos"/>
                  <SP HEIGHT="39" WIDTH="11" VPOS="689" HPOS="349"/>
                  <String HEIGHT="39" WIDTH="75" VPOS="689" HPOS="317" CONTENT="sed"/>
                  <SP HEIGHT="39" WIDTH="11" VPOS="689" HPOS="392"/>
                  <String HEIGHT="39"
                          WIDTH="161"
                          VPOS="689"
                          HPOS="360"
                          CONTENT="perficiunt."/>
                  <SP HEIGHT="39" WIDTH="11" VPOS="689" HPOS="521"/>
                  <String HEIGHT="39" WIDTH="54" VPOS="689" HPOS="489" CONTENT="⁋"/>
                  <SP HEIGHT="39" WIDTH="11" VPOS="689" HPOS="543"/>
                  <String HEIGHT="39" WIDTH="65" VPOS="689" HPOS="511" CONTENT="Si"/>
                  <SP HEIGHT="39" WIDTH="11" VPOS="689" HPOS="575"/>
                  <String HEIGHT="39"
                          WIDTH="108"
                          VPOS="689"
                          HPOS="543"
                          CONTENT="igitur"/>
                  <SP HEIGHT="39" WIDTH="11" VPOS="689" HPOS="651"/>
                  <String HEIGHT="39"
                          WIDTH="118"
                          VPOS="689"
                          HPOS="618"
                          CONTENT="fruitio"/>
                  <SP HEIGHT="39" WIDTH="11" VPOS="689" HPOS="737"/>
                  <String HEIGHT="39"
                          WIDTH="75"
                          VPOS="689"
                          HPOS="694"
                          CONTENT="talis"/>
               </TextLine>
               <TextLine ID="r1l41"
                         BASELINE="756"
                         HEIGHT="32"
                         WIDTH="598"
                         VPOS="724"
                         HPOS="173">
                  <String HEIGHT="32"
                          WIDTH="161"
                          VPOS="724"
                          HPOS="162"
                          CONTENT="causabilis"/>
                  <SP HEIGHT="32" WIDTH="12" VPOS="724" HPOS="323"/>
                  <String HEIGHT="32" WIDTH="58" VPOS="724" HPOS="288" CONTENT="a"/>
                  <SP HEIGHT="32" WIDTH="12" VPOS="724" HPOS="346"/>
                  <String HEIGHT="32"
                          WIDTH="138"
                          VPOS="724"
                          HPOS="311"
                          CONTENT="volutate"/>
                  <SP HEIGHT="32" WIDTH="12" VPOS="724" HPOS="449"/>
                  <String HEIGHT="32"
                          WIDTH="127"
                          VPOS="724"
                          HPOS="415"
                          CONTENT="dicitur"/>
                  <SP HEIGHT="32" WIDTH="12" VPOS="724" HPOS="541"/>
                  <String HEIGHT="32"
                          WIDTH="150"
                          VPOS="724"
                          HPOS="507"
                          CONTENT="beatitudo"/>
                  <SP HEIGHT="32" WIDTH="12" VPOS="724" HPOS="656"/>
                  <String HEIGHT="32"
                          WIDTH="115"
                          VPOS="724"
                          HPOS="622"
                          CONTENT="quedam"/>
                  <SP HEIGHT="32" WIDTH="12" VPOS="724" HPOS="737"/>
                  <String HEIGHT="32"
                          WIDTH="81"
                          VPOS="724"
                          HPOS="691"
                          CONTENT="talis"/>
               </TextLine>
               <TextLine ID="r1l43"
                         BASELINE="782"
                         HEIGHT="36"
                         WIDTH="587"
                         VPOS="746"
                         HPOS="177">
                  <String HEIGHT="36"
                          WIDTH="113"
                          VPOS="746"
                          HPOS="166"
                          CONTENT="qualis"/>
                  <SP HEIGHT="36" WIDTH="11" VPOS="746" HPOS="279"/>
                  <String HEIGHT="36"
                          WIDTH="124"
                          VPOS="746"
                          HPOS="245"
                          CONTENT="concedo"/>
                  <SP HEIGHT="36" WIDTH="11" VPOS="746" HPOS="369"/>
                  <String HEIGHT="36" WIDTH="90" VPOS="746" HPOS="335" CONTENT="quod"/>
                  <SP HEIGHT="36" WIDTH="11" VPOS="746" HPOS="425"/>
                  <String HEIGHT="36"
                          WIDTH="135"
                          VPOS="746"
                          HPOS="391"
                          CONTENT="voluntas"/>
                  <SP HEIGHT="36" WIDTH="11" VPOS="746" HPOS="527"/>
                  <String HEIGHT="36"
                          WIDTH="113"
                          VPOS="746"
                          HPOS="493"
                          CONTENT="potest"/>
                  <SP HEIGHT="36" WIDTH="11" VPOS="746" HPOS="606"/>
                  <String HEIGHT="36"
                          WIDTH="124"
                          VPOS="746"
                          HPOS="572"
                          CONTENT="seipsam"/>
                  <SP HEIGHT="36" WIDTH="11" VPOS="746" HPOS="696"/>
                  <String HEIGHT="36"
                          WIDTH="113"
                          VPOS="746"
                          HPOS="651"
                          CONTENT="beatifi"
                          SUBS_TYPE="HypPart1"
                          SUBS_CONTENT="beatificare"/>
                  <HYP CONTENT="-"/>
               </TextLine>
               <TextLine ID="r1l45"
                         BASELINE="816"
                         HEIGHT="36"
                         WIDTH="599"
                         VPOS="780"
                         HPOS="166">
                  <String HEIGHT="36"
                          WIDTH="89"
                          VPOS="780"
                          HPOS="155"
                          CONTENT="care"
                          SUBS_TYPE="HypPart2"
                          SUBS_CONTENT="beatificare"/>
                  <SP HEIGHT="36" WIDTH="11" VPOS="780" HPOS="244"/>
                  <String HEIGHT="36"
                          WIDTH="166"
                          VPOS="780"
                          HPOS="210"
                          CONTENT="partialiter"/>
                  <SP HEIGHT="36" WIDTH="11" VPOS="780" HPOS="377"/>
                  <String HEIGHT="36" WIDTH="89" VPOS="780" HPOS="343" CONTENT="tali"/>
                  <SP HEIGHT="36" WIDTH="11" VPOS="780" HPOS="432"/>
                  <String HEIGHT="36"
                          WIDTH="144"
                          VPOS="780"
                          HPOS="399"
                          CONTENT="fruitione"/>
                  <SP HEIGHT="36" WIDTH="11" VPOS="780" HPOS="543"/>
                  <String HEIGHT="36"
                          WIDTH="122"
                          VPOS="780"
                          HPOS="510"
                          CONTENT="positis"/>
                  <SP HEIGHT="36" WIDTH="11" VPOS="780" HPOS="632"/>
                  <String HEIGHT="36"
                          WIDTH="100"
                          VPOS="780"
                          HPOS="599"
                          CONTENT="aliis"/>
                  <SP HEIGHT="36" WIDTH="11" VPOS="780" HPOS="698"/>
                  <String HEIGHT="36"
                          WIDTH="111"
                          VPOS="780"
                          HPOS="654"
                          CONTENT="requisi"
                          SUBS_TYPE="HypPart1"
                          SUBS_CONTENT="requisitis"/>
                  <HYP CONTENT="-"/>
               </TextLine>
               <TextLine ID="r1l47"
                         BASELINE="847"
                         HEIGHT="45"
                         WIDTH="592"
                         VPOS="802"
                         HPOS="169">
                  <String HEIGHT="45"
                          WIDTH="78"
                          VPOS="802"
                          HPOS="158"
                          CONTENT="tis"
                          SUBS_TYPE="HypPart2"
                          SUBS_CONTENT="requisitis"/>
                  <SP HEIGHT="45" WIDTH="11" VPOS="802" HPOS="236"/>
                  <String HEIGHT="45" WIDTH="67" VPOS="802" HPOS="203" CONTENT="et"/>
                  <SP HEIGHT="45" WIDTH="11" VPOS="802" HPOS="270"/>
                  <String HEIGHT="45" WIDTH="78" VPOS="802" HPOS="236" CONTENT="non"/>
                  <SP HEIGHT="45" WIDTH="11" VPOS="802" HPOS="314"/>
                  <String HEIGHT="45"
                          WIDTH="134"
                          VPOS="802"
                          HPOS="281"
                          CONTENT="sequitur"/>
                  <SP HEIGHT="45" WIDTH="11" VPOS="802" HPOS="415"/>
                  <String HEIGHT="45" WIDTH="89" VPOS="802" HPOS="381" CONTENT="quod"/>
                  <SP HEIGHT="45" WIDTH="11" VPOS="802" HPOS="471"/>
                  <String HEIGHT="45" WIDTH="89" VPOS="802" HPOS="437" CONTENT="ideo"/>
                  <SP HEIGHT="45" WIDTH="11" VPOS="802" HPOS="526"/>
                  <String HEIGHT="45"
                          WIDTH="134"
                          VPOS="802"
                          HPOS="493"
                          CONTENT="voluntas"/>
                  <SP HEIGHT="45" WIDTH="11" VPOS="802" HPOS="627"/>
                  <String HEIGHT="45" WIDTH="78" VPOS="802" HPOS="593" CONTENT="seu"/>
                  <SP HEIGHT="45" WIDTH="11" VPOS="802" HPOS="672"/>
                  <String HEIGHT="45"
                          WIDTH="101"
                          VPOS="802"
                          HPOS="638"
                          CONTENT="anima"/>
                  <SP HEIGHT="45" WIDTH="11" VPOS="802" HPOS="739"/>
                  <String HEIGHT="45"
                          WIDTH="67"
                          VPOS="802"
                          HPOS="694"
                          CONTENT="pos"
                          SUBS_TYPE="HypPart1"
                          SUBS_CONTENT="possit"/>
                  <HYP CONTENT="-"/>
               </TextLine>
               <TextLine ID="r1l49"
                         BASELINE="869"
                         HEIGHT="39"
                         WIDTH="589"
                         VPOS="830"
                         HPOS="173">
                  <String HEIGHT="39"
                          WIDTH="74"
                          VPOS="830"
                          HPOS="162"
                          CONTENT="sit"
                          SUBS_TYPE="HypPart2"
                          SUBS_CONTENT="possit"/>
                  <SP HEIGHT="39" WIDTH="11" VPOS="830" HPOS="236"/>
                  <String HEIGHT="39"
                          WIDTH="116"
                          VPOS="830"
                          HPOS="205"
                          CONTENT="causare"/>
                  <SP HEIGHT="39" WIDTH="11" VPOS="830" HPOS="320"/>
                  <String HEIGHT="39"
                          WIDTH="126"
                          VPOS="830"
                          HPOS="289"
                          CONTENT="visionem"/>
                  <SP HEIGHT="39" WIDTH="11" VPOS="830" HPOS="415"/>
                  <String HEIGHT="39" WIDTH="74" VPOS="830" HPOS="383" CONTENT="que"/>
                  <SP HEIGHT="39" WIDTH="11" VPOS="830" HPOS="457"/>
                  <String HEIGHT="39"
                          WIDTH="168"
                          VPOS="830"
                          HPOS="425"
                          CONTENT="imperfectior"/>
                  <SP HEIGHT="39" WIDTH="11" VPOS="830" HPOS="594"/>
                  <String HEIGHT="39" WIDTH="74" VPOS="830" HPOS="562" CONTENT="est"/>
                  <SP HEIGHT="39" WIDTH="11" VPOS="830" HPOS="636"/>
                  <String HEIGHT="39" WIDTH="84" VPOS="830" HPOS="604" CONTENT="quia"/>
                  <SP HEIGHT="39" WIDTH="11" VPOS="830" HPOS="688"/>
                  <String HEIGHT="39"
                          WIDTH="95"
                          VPOS="830"
                          HPOS="657"
                          CONTENT="agens"/>
                  <SP HEIGHT="39" WIDTH="11" VPOS="830" HPOS="751"/>
                  <String HEIGHT="39"
                          WIDTH="53"
                          VPOS="830"
                          HPOS="709"
                          CONTENT="na"
                          SUBS_TYPE="HypPart1"
                          SUBS_CONTENT="naturale"/>
                  <HYP CONTENT="-"/>
               </TextLine>
               <TextLine ID="r1l51"
                         BASELINE="896"
                         HEIGHT="36"
                         WIDTH="594"
                         VPOS="860"
                         HPOS="173">
                  <String HEIGHT="36"
                          WIDTH="114"
                          VPOS="860"
                          HPOS="162"
                          CONTENT="turale"
                          SUBS_TYPE="HypPart2"
                          SUBS_CONTENT="naturale"/>
                  <SP HEIGHT="36" WIDTH="11" VPOS="860" HPOS="276"/>
                  <String HEIGHT="36"
                          WIDTH="114"
                          VPOS="860"
                          HPOS="242"
                          CONTENT="potest"/>
                  <SP HEIGHT="36" WIDTH="11" VPOS="860" HPOS="356"/>
                  <String HEIGHT="36"
                          WIDTH="149"
                          VPOS="860"
                          HPOS="322"
                          CONTENT="producere"/>
                  <SP HEIGHT="36" WIDTH="11" VPOS="860" HPOS="470"/>
                  <String HEIGHT="36"
                          WIDTH="114"
                          VPOS="860"
                          HPOS="436"
                          CONTENT="formam"/>
                  <SP HEIGHT="36" WIDTH="11" VPOS="860" HPOS="550"/>
                  <String HEIGHT="36"
                          WIDTH="194"
                          VPOS="860"
                          HPOS="516"
                          CONTENT="substantialem"/>
                  <SP HEIGHT="36" WIDTH="11" VPOS="860" HPOS="710"/>
                  <String HEIGHT="36" WIDTH="69" VPOS="860" HPOS="676" CONTENT="et"/>
                  <SP HEIGHT="36" WIDTH="11" VPOS="860" HPOS="744"/>
                  <String HEIGHT="36" WIDTH="80" VPOS="860" HPOS="710" CONTENT="non"/>
                  <SP HEIGHT="36" WIDTH="11" VPOS="860" HPOS="790"/>
                  <String HEIGHT="36" WIDTH="23" VPOS="860" HPOS="744" CONTENT=""/>
               </TextLine>
               <TextLine ID="r1l53"
                         BASELINE="925"
                         HEIGHT="36"
                         WIDTH="591"
                         VPOS="889"
                         HPOS="175">
                  <String HEIGHT="36"
                          WIDTH="148"
                          VPOS="889"
                          HPOS="163"
                          CONTENT="materiam"/>
                  <SP HEIGHT="36" WIDTH="12" VPOS="889" HPOS="310"/>
                  <String HEIGHT="36" WIDTH="86" VPOS="889" HPOS="274" CONTENT="que"/>
                  <SP HEIGHT="36" WIDTH="12" VPOS="889" HPOS="360"/>
                  <String HEIGHT="36"
                          WIDTH="111"
                          VPOS="889"
                          HPOS="323"
                          CONTENT="tamen"/>
                  <SP HEIGHT="36" WIDTH="12" VPOS="889" HPOS="434"/>
                  <String HEIGHT="36"
                          WIDTH="185"
                          VPOS="889"
                          HPOS="397"
                          CONTENT="imperfector"/>
                  <SP HEIGHT="36" WIDTH="12" VPOS="889" HPOS="581"/>
                  <String HEIGHT="36" WIDTH="86" VPOS="889" HPOS="544" CONTENT="est"/>
                  <SP HEIGHT="36" WIDTH="12" VPOS="889" HPOS="631"/>
                  <String HEIGHT="36" WIDTH="86" VPOS="889" HPOS="594" CONTENT="nec"/>
                  <SP HEIGHT="36" WIDTH="12" VPOS="889" HPOS="680"/>
                  <String HEIGHT="36"
                          WIDTH="111"
                          VPOS="889"
                          HPOS="643"
                          CONTENT="etiam"/>
                  <SP HEIGHT="36" WIDTH="12" VPOS="889" HPOS="754"/>
                  <String HEIGHT="36" WIDTH="62" VPOS="889" HPOS="704" CONTENT="gra"/>
               </TextLine>
               <TextLine ID="r1l55"
                         BASELINE="952"
                         HEIGHT="35"
                         WIDTH="601"
                         VPOS="917"
                         HPOS="166">
                  <String HEIGHT="35" WIDTH="87" VPOS="917" HPOS="155" CONTENT="tiam"/>
                  <SP HEIGHT="35" WIDTH="11" VPOS="917" HPOS="242"/>
                  <String HEIGHT="35" WIDTH="66" VPOS="917" HPOS="210" CONTENT="in"/>
                  <SP HEIGHT="35" WIDTH="11" VPOS="917" HPOS="275"/>
                  <String HEIGHT="35"
                          WIDTH="98"
                          VPOS="917"
                          HPOS="242"
                          CONTENT="anima"/>
                  <SP HEIGHT="35" WIDTH="11" VPOS="917" HPOS="341"/>
                  <String HEIGHT="35" WIDTH="76" VPOS="917" HPOS="308" CONTENT="que"/>
                  <SP HEIGHT="35" WIDTH="11" VPOS="917" HPOS="385"/>
                  <String HEIGHT="35" WIDTH="76" VPOS="917" HPOS="352" CONTENT="est"/>
                  <SP HEIGHT="35" WIDTH="11" VPOS="917" HPOS="428"/>
                  <String HEIGHT="35"
                          WIDTH="175"
                          VPOS="917"
                          HPOS="395"
                          CONTENT="imperfectior"/>
                  <SP HEIGHT="35" WIDTH="11" VPOS="917" HPOS="570"/>
                  <String HEIGHT="35"
                          WIDTH="120"
                          VPOS="917"
                          HPOS="538"
                          CONTENT="entitas"/>
                  <SP HEIGHT="35" WIDTH="11" VPOS="917" HPOS="658"/>
                  <String HEIGHT="35" WIDTH="87" VPOS="917" HPOS="625" CONTENT="quam"/>
                  <SP HEIGHT="35" WIDTH="11" VPOS="917" HPOS="712"/>
                  <String HEIGHT="35" WIDTH="76" VPOS="917" HPOS="680" CONTENT="sit"/>
                  <SP HEIGHT="35" WIDTH="11" VPOS="917" HPOS="756"/>
                  <String HEIGHT="35" WIDTH="55" VPOS="917" HPOS="712" CONTENT="for"/>
               </TextLine>
               <TextLine ID="r1l57"
                         BASELINE="987"
                         HEIGHT="41"
                         WIDTH="603"
                         VPOS="946"
                         HPOS="165">
                  <String HEIGHT="41" WIDTH="74" VPOS="946" HPOS="153" CONTENT="ma"/>
                  <SP HEIGHT="41" WIDTH="12" VPOS="946" HPOS="227"/>
                  <String HEIGHT="41"
                          WIDTH="209"
                          VPOS="946"
                          HPOS="190"
                          CONTENT="substantialis"/>
                  <SP HEIGHT="41" WIDTH="12" VPOS="946" HPOS="399"/>
                  <String HEIGHT="41" WIDTH="74" VPOS="946" HPOS="362" CONTENT="et"/>
                  <SP HEIGHT="41" WIDTH="12" VPOS="946" HPOS="436"/>
                  <String HEIGHT="41" WIDTH="86" VPOS="946" HPOS="399" CONTENT="per"/>
                  <SP HEIGHT="41" WIDTH="12" VPOS="946" HPOS="485"/>
                  <String HEIGHT="41" WIDTH="98" VPOS="946" HPOS="448" CONTENT="idem"/>
                  <SP HEIGHT="41" WIDTH="12" VPOS="946" HPOS="546"/>
                  <String HEIGHT="41" WIDTH="74" VPOS="946" HPOS="510" CONTENT="de"/>
                  <SP HEIGHT="41" WIDTH="12" VPOS="946" HPOS="583"/>
                  <String HEIGHT="41"
                          WIDTH="123"
                          VPOS="946"
                          HPOS="546"
                          CONTENT="habitu"/>
                  <SP HEIGHT="41" WIDTH="12" VPOS="946" HPOS="670"/>
                  <String HEIGHT="41"
                          WIDTH="123"
                          VPOS="946"
                          HPOS="633"
                          CONTENT="glorie"/>
                  <SP HEIGHT="41" WIDTH="12" VPOS="946" HPOS="756"/>
                  <String HEIGHT="41" WIDTH="62" VPOS="946" HPOS="706" CONTENT="vel"/>
               </TextLine>
               <TextLine ID="r1l59"
                         BASELINE="1013"
                         HEIGHT="41"
                         WIDTH="599"
                         VPOS="972"
                         HPOS="166">
                  <String HEIGHT="41"
                          WIDTH="102"
                          VPOS="972"
                          HPOS="155"
                          CONTENT="fidei"/>
                  <SP HEIGHT="41" WIDTH="11" VPOS="972" HPOS="256"/>
                  <String HEIGHT="41" WIDTH="79" VPOS="972" HPOS="223" CONTENT="vel"/>
                  <SP HEIGHT="41" WIDTH="11" VPOS="972" HPOS="302"/>
                  <String HEIGHT="41"
                          WIDTH="158"
                          VPOS="972"
                          HPOS="268"
                          CONTENT="charitatis"/>
                  <SP HEIGHT="41" WIDTH="11" VPOS="972" HPOS="426"/>
                  <String HEIGHT="41" WIDTH="90" VPOS="972" HPOS="392" CONTENT="quae"/>
                  <SP HEIGHT="41" WIDTH="11" VPOS="972" HPOS="482"/>
                  <String HEIGHT="41" WIDTH="90" VPOS="972" HPOS="449" CONTENT="sunt"/>
                  <SP HEIGHT="41" WIDTH="11" VPOS="972" HPOS="539"/>
                  <String HEIGHT="41" WIDTH="57" VPOS="972" HPOS="505" CONTENT="a"/>
                  <SP HEIGHT="41" WIDTH="11" VPOS="972" HPOS="562"/>
                  <String HEIGHT="41" WIDTH="79" VPOS="972" HPOS="528" CONTENT="deo"/>
                  <SP HEIGHT="41" WIDTH="11" VPOS="972" HPOS="607"/>
                  <String HEIGHT="41"
                          WIDTH="170"
                          VPOS="972"
                          HPOS="573"
                          CONTENT="causabiles."/>
                  <SP HEIGHT="41" WIDTH="11" VPOS="972" HPOS="742"/>
                  <String HEIGHT="41" WIDTH="57" VPOS="972" HPOS="708" CONTENT="⁋"/>
                  <SP HEIGHT="41" WIDTH="11" VPOS="972" HPOS="765"/>
                  <String HEIGHT="41" WIDTH="45" VPOS="972" HPOS="720" CONTENT="Ra"/>
               </TextLine>
               <TextLine ID="r1l61"
                         BASELINE="1043"
                         HEIGHT="42"
                         WIDTH="590"
                         VPOS="1001"
                         HPOS="172">
                  <String HEIGHT="42" WIDTH="86" VPOS="1001" HPOS="160" CONTENT="tio"/>
                  <SP HEIGHT="42" WIDTH="12" VPOS="1001" HPOS="246"/>
                  <String HEIGHT="42"
                          WIDTH="123"
                          VPOS="1001"
                          HPOS="209"
                          CONTENT="realis"/>
                  <SP HEIGHT="42" WIDTH="12" VPOS="1001" HPOS="332"/>
                  <String HEIGHT="42"
                          WIDTH="111"
                          VPOS="1001"
                          HPOS="295"
                          CONTENT="huius"/>
                  <SP HEIGHT="42" WIDTH="12" VPOS="1001" HPOS="406"/>
                  <String HEIGHT="42" WIDTH="86" VPOS="1001" HPOS="369" CONTENT="est"/>
                  <SP HEIGHT="42" WIDTH="12" VPOS="1001" HPOS="455"/>
                  <String HEIGHT="42"
                          WIDTH="98"
                          VPOS="1001"
                          HPOS="418"
                          CONTENT="quia"/>
                  <SP HEIGHT="42" WIDTH="12" VPOS="1001" HPOS="516"/>
                  <String HEIGHT="42"
                          WIDTH="148"
                          VPOS="1001"
                          HPOS="479"
                          CONTENT="voluntas"/>
                  <SP HEIGHT="42" WIDTH="12" VPOS="1001" HPOS="627"/>
                  <String HEIGHT="42" WIDTH="86" VPOS="1001" HPOS="590" CONTENT="cum"/>
                  <SP HEIGHT="42" WIDTH="12" VPOS="1001" HPOS="676"/>
                  <String HEIGHT="42"
                          WIDTH="135"
                          VPOS="1001"
                          HPOS="627"
                          CONTENT="cognitio"
                          SUBS_TYPE="HypPart1"
                          SUBS_CONTENT="cognitione"/>
                  <HYP CONTENT="-"/>
               </TextLine>
               <TextLine ID="r1l63"
                         BASELINE="1070"
                         HEIGHT="42"
                         WIDTH="585"
                         VPOS="1028"
                         HPOS="175">
                  <String HEIGHT="42"
                          WIDTH="73"
                          VPOS="1028"
                          HPOS="163"
                          CONTENT="ne"
                          SUBS_TYPE="HypPart2"
                          SUBS_CONTENT="cognitione"/>
                  <SP HEIGHT="42" WIDTH="12" VPOS="1028" HPOS="236"/>
                  <String HEIGHT="42"
                          WIDTH="98"
                          VPOS="1028"
                          HPOS="199"
                          CONTENT="sunt"/>
                  <SP HEIGHT="42" WIDTH="12" VPOS="1028" HPOS="297"/>
                  <String HEIGHT="42"
                          WIDTH="110"
                          VPOS="1028"
                          HPOS="260"
                          CONTENT="causa"/>
                  <SP HEIGHT="42" WIDTH="12" VPOS="1028" HPOS="370"/>
                  <String HEIGHT="42"
                          WIDTH="158"
                          VPOS="1028"
                          HPOS="333"
                          CONTENT="efficiens"/>
                  <SP HEIGHT="42" WIDTH="12" VPOS="1028" HPOS="492"/>
                  <String HEIGHT="42"
                          WIDTH="146"
                          VPOS="1028"
                          HPOS="455"
                          CONTENT="respectu"/>
                  <SP HEIGHT="42" WIDTH="12" VPOS="1028" HPOS="602"/>
                  <String HEIGHT="42"
                          WIDTH="122"
                          VPOS="1028"
                          HPOS="565"
                          CONTENT="amoris"/>
                  <SP HEIGHT="42" WIDTH="12" VPOS="1028" HPOS="687"/>
                  <String HEIGHT="42"
                          WIDTH="122"
                          VPOS="1028"
                          HPOS="638"
                          CONTENT="producen"/>
               </TextLine>
               <TextLine ID="r1l65"
                         BASELINE="1097"
                         HEIGHT="40"
                         WIDTH="599"
                         VPOS="1057"
                         HPOS="168">
                  <String HEIGHT="40" WIDTH="73" VPOS="1057" HPOS="156" CONTENT="di"/>
                  <SP HEIGHT="40" WIDTH="12" VPOS="1057" HPOS="229"/>
                  <String HEIGHT="40"
                          WIDTH="159"
                          VPOS="1057"
                          HPOS="192"
                          CONTENT="supposita"/>
                  <SP HEIGHT="40" WIDTH="12" VPOS="1057" HPOS="351"/>
                  <String HEIGHT="40"
                          WIDTH="147"
                          VPOS="1057"
                          HPOS="315"
                          CONTENT="generali"/>
                  <SP HEIGHT="40" WIDTH="12" VPOS="1057" HPOS="461"/>
                  <String HEIGHT="40"
                          WIDTH="208"
                          VPOS="1057"
                          HPOS="425"
                          CONTENT="concausatione"/>
                  <SP HEIGHT="40" WIDTH="12" VPOS="1057" HPOS="633"/>
                  <String HEIGHT="40" WIDTH="86" VPOS="1057" HPOS="596" CONTENT="dei"/>
                  <SP HEIGHT="40" WIDTH="12" VPOS="1057" HPOS="681"/>
                  <String HEIGHT="40" WIDTH="86" VPOS="1057" HPOS="645" CONTENT="sed"/>
                  <SP HEIGHT="40" WIDTH="12" VPOS="1057" HPOS="730"/>
                  <String HEIGHT="40"
                          WIDTH="86"
                          VPOS="1057"
                          HPOS="681"
                          CONTENT="respe"/>
               </TextLine>
               <TextLine ID="r1l67"
                         BASELINE="1125"
                         HEIGHT="42"
                         WIDTH="601"
                         VPOS="1083"
                         HPOS="168">
                  <String HEIGHT="42" WIDTH="84" VPOS="1083" HPOS="156" CONTENT="ctu"/>
                  <SP HEIGHT="42" WIDTH="12" VPOS="1083" HPOS="240"/>
                  <String HEIGHT="42"
                          WIDTH="144"
                          VPOS="1083"
                          HPOS="204"
                          CONTENT="visionis"/>
                  <SP HEIGHT="42" WIDTH="12" VPOS="1083" HPOS="348"/>
                  <String HEIGHT="42"
                          WIDTH="132"
                          VPOS="1083"
                          HPOS="312"
                          CONTENT="oportet"/>
                  <SP HEIGHT="42" WIDTH="12" VPOS="1083" HPOS="444"/>
                  <String HEIGHT="42"
                          WIDTH="144"
                          VPOS="1083"
                          HPOS="408"
                          CONTENT="obiectum"/>
                  <SP HEIGHT="42" WIDTH="12" VPOS="1083" HPOS="553"/>
                  <String HEIGHT="42"
                          WIDTH="96"
                          VPOS="1083"
                          HPOS="517"
                          CONTENT="esse"/>
                  <SP HEIGHT="42" WIDTH="12" VPOS="1083" HPOS="613"/>
                  <String HEIGHT="42"
                          WIDTH="132"
                          VPOS="1083"
                          HPOS="577"
                          CONTENT="presens"/>
                  <SP HEIGHT="42" WIDTH="12" VPOS="1083" HPOS="709"/>
                  <String HEIGHT="42" WIDTH="72" VPOS="1083" HPOS="673" CONTENT="et"/>
                  <SP HEIGHT="42" WIDTH="12" VPOS="1083" HPOS="745"/>
                  <String HEIGHT="42"
                          WIDTH="72"
                          VPOS="1083"
                          HPOS="697"
                          CONTENT="natu"/>
               </TextLine>
               <TextLine ID="r1l69"
                         BASELINE="1154"
                         HEIGHT="41"
                         WIDTH="585"
                         VPOS="1113"
                         HPOS="173">
                  <String HEIGHT="41"
                          WIDTH="137"
                          VPOS="1113"
                          HPOS="161"
                          CONTENT="raliter"/>
                  <SP HEIGHT="41" WIDTH="12" VPOS="1113" HPOS="297"/>
                  <String HEIGHT="41"
                          WIDTH="137"
                          VPOS="1113"
                          HPOS="260"
                          CONTENT="actiuum"/>
                  <SP HEIGHT="41" WIDTH="12" VPOS="1113" HPOS="397"/>
                  <String HEIGHT="41"
                          WIDTH="149"
                          VPOS="1113"
                          HPOS="360"
                          CONTENT="respectu"/>
                  <SP HEIGHT="41" WIDTH="12" VPOS="1113" HPOS="509"/>
                  <String HEIGHT="41" WIDTH="87" VPOS="1113" HPOS="472" CONTENT="sue"/>
                  <SP HEIGHT="41" WIDTH="12" VPOS="1113" HPOS="559"/>
                  <String HEIGHT="41"
                          WIDTH="149"
                          VPOS="1113"
                          HPOS="522"
                          CONTENT="visionis"/>
                  <SP HEIGHT="41" WIDTH="12" VPOS="1113" HPOS="671"/>
                  <String HEIGHT="41" WIDTH="87" VPOS="1113" HPOS="634" CONTENT="vbi"/>
                  <SP HEIGHT="41" WIDTH="12" VPOS="1113" HPOS="721"/>
                  <String HEIGHT="41"
                          WIDTH="87"
                          VPOS="1113"
                          HPOS="671"
                          CONTENT="anima"/>
               </TextLine>
               <TextLine ID="r1l71"
                         BASELINE="1182"
                         HEIGHT="41"
                         WIDTH="591"
                         VPOS="1141"
                         HPOS="170">
                  <String HEIGHT="41"
                          WIDTH="177"
                          VPOS="1141"
                          HPOS="158"
                          CONTENT="naturaliter"/>
                  <SP HEIGHT="41" WIDTH="12" VPOS="1141" HPOS="335"/>
                  <String HEIGHT="41"
                          WIDTH="142"
                          VPOS="1141"
                          HPOS="300"
                          CONTENT="causabit"/>
                  <SP HEIGHT="41" WIDTH="12" VPOS="1141" HPOS="442"/>
                  <String HEIGHT="41"
                          WIDTH="142"
                          VPOS="1141"
                          HPOS="406"
                          CONTENT="visionem"/>
                  <SP HEIGHT="41" WIDTH="12" VPOS="1141" HPOS="548"/>
                  <String HEIGHT="41"
                          WIDTH="142"
                          VPOS="1141"
                          HPOS="513"
                          CONTENT="respectu"/>
                  <SP HEIGHT="41" WIDTH="12" VPOS="1141" HPOS="655"/>
                  <String HEIGHT="41"
                          WIDTH="118"
                          VPOS="1141"
                          HPOS="619"
                          CONTENT="illius"/>
                  <SP HEIGHT="41" WIDTH="12" VPOS="1141" HPOS="737"/>
                  <String HEIGHT="41" WIDTH="83" VPOS="1141" HPOS="702" CONTENT="sed"/>
                  <SP HEIGHT="41" WIDTH="12" VPOS="1141" HPOS="785"/>
                  <String HEIGHT="41" WIDTH="24" VPOS="1141" HPOS="737" CONTENT=""/>
               </TextLine>
               <TextLine ID="r1l73"
                         BASELINE="1212"
                         HEIGHT="45"
                         WIDTH="602"
                         VPOS="1167"
                         HPOS="167">
                  <String HEIGHT="45"
                          WIDTH="98"
                          VPOS="1167"
                          HPOS="155"
                          CONTENT="deus"/>
                  <SP HEIGHT="45" WIDTH="12" VPOS="1167" HPOS="253"/>
                  <String HEIGHT="45" WIDTH="74" VPOS="1167" HPOS="216" CONTENT="de"/>
                  <SP HEIGHT="45" WIDTH="12" VPOS="1167" HPOS="290"/>
                  <String HEIGHT="45"
                          WIDTH="147"
                          VPOS="1167"
                          HPOS="253"
                          CONTENT="generali"/>
                  <SP HEIGHT="45" WIDTH="12" VPOS="1167" HPOS="400"/>
                  <String HEIGHT="45"
                          WIDTH="172"
                          VPOS="1167"
                          HPOS="364"
                          CONTENT="influentia"/>
                  <SP HEIGHT="45" WIDTH="12" VPOS="1167" HPOS="536"/>
                  <String HEIGHT="45" WIDTH="86" VPOS="1167" HPOS="499" CONTENT="non"/>
                  <SP HEIGHT="45" WIDTH="12" VPOS="1167" HPOS="585"/>
                  <String HEIGHT="45" WIDTH="86" VPOS="1167" HPOS="548" CONTENT="est"/>
                  <SP HEIGHT="45" WIDTH="12" VPOS="1167" HPOS="634"/>
                  <String HEIGHT="45"
                          WIDTH="147"
                          VPOS="1167"
                          HPOS="597"
                          CONTENT="obiectum"/>
                  <SP HEIGHT="45" WIDTH="12" VPOS="1167" HPOS="744"/>
                  <String HEIGHT="45"
                          WIDTH="74"
                          VPOS="1167"
                          HPOS="695"
                          CONTENT="pre"
                          SUBS_TYPE="HypPart1"
                          SUBS_CONTENT="presens"/>
                  <HYP CONTENT="-"/>
               </TextLine>
               <TextLine ID="r1l75"
                         BASELINE="1239"
                         HEIGHT="45"
                         WIDTH="592"
                         VPOS="1194"
                         HPOS="170">
                  <String HEIGHT="45"
                          WIDTH="95"
                          VPOS="1194"
                          HPOS="158"
                          CONTENT="sens"
                          SUBS_TYPE="HypPart2"
                          SUBS_CONTENT="presens"/>
                  <SP HEIGHT="45" WIDTH="12" VPOS="1194" HPOS="253"/>
                  <String HEIGHT="45" WIDTH="83" VPOS="1194" HPOS="217" CONTENT="sic"/>
                  <SP HEIGHT="45" WIDTH="12" VPOS="1194" HPOS="300"/>
                  <String HEIGHT="45"
                          WIDTH="130"
                          VPOS="1194"
                          HPOS="265"
                          CONTENT="actiuum"/>
                  <SP HEIGHT="45" WIDTH="12" VPOS="1194" HPOS="395"/>
                  <String HEIGHT="45" WIDTH="83" VPOS="1194" HPOS="359" CONTENT="cum"/>
                  <SP HEIGHT="45" WIDTH="12" VPOS="1194" HPOS="442"/>
                  <String HEIGHT="45"
                          WIDTH="107"
                          VPOS="1194"
                          HPOS="407"
                          CONTENT="anima"/>
                  <SP HEIGHT="45" WIDTH="12" VPOS="1194" HPOS="513"/>
                  <String HEIGHT="45" WIDTH="71" VPOS="1194" HPOS="478" CONTENT="ad"/>
                  <SP HEIGHT="45" WIDTH="12" VPOS="1194" HPOS="549"/>
                  <String HEIGHT="45" WIDTH="83" VPOS="1194" HPOS="513" CONTENT="sui"/>
                  <SP HEIGHT="45" WIDTH="12" VPOS="1194" HPOS="596"/>
                  <String HEIGHT="45"
                          WIDTH="142"
                          VPOS="1194"
                          HPOS="561"
                          CONTENT="visionem"/>
                  <SP HEIGHT="45" WIDTH="12" VPOS="1194" HPOS="703"/>
                  <String HEIGHT="45"
                          WIDTH="107"
                          VPOS="1194"
                          HPOS="655"
                          CONTENT="igitur."/>
               </TextLine>
               <TextLine ID="r1l77"
                         BASELINE="1265"
                         HEIGHT="43"
                         WIDTH="581"
                         VPOS="1222"
                         HPOS="177">
                  <String HEIGHT="43" WIDTH="61" VPOS="1222" HPOS="165" CONTENT="⁋"/>
                  <SP HEIGHT="43" WIDTH="12" VPOS="1222" HPOS="225"/>
                  <String HEIGHT="43" WIDTH="73" VPOS="1222" HPOS="189" CONTENT="Ad"/>
                  <SP HEIGHT="43" WIDTH="12" VPOS="1222" HPOS="262"/>
                  <String HEIGHT="43"
                          WIDTH="145"
                          VPOS="1222"
                          HPOS="225"
                          CONTENT="secundum"/>
                  <SP HEIGHT="43" WIDTH="12" VPOS="1222" HPOS="371"/>
                  <String HEIGHT="43" WIDTH="85" VPOS="1222" HPOS="334" CONTENT="hoc"/>
                  <SP HEIGHT="43" WIDTH="12" VPOS="1222" HPOS="419"/>
                  <String HEIGHT="43" WIDTH="85" VPOS="1222" HPOS="383" CONTENT="est"/>
                  <SP HEIGHT="43" WIDTH="12" VPOS="1222" HPOS="467"/>
                  <String HEIGHT="43"
                          WIDTH="157"
                          VPOS="1222"
                          HPOS="431"
                          CONTENT="multiplex"/>
                  <SP HEIGHT="43" WIDTH="12" VPOS="1222" HPOS="589"/>
                  <String HEIGHT="43"
                          WIDTH="182"
                          VPOS="1222"
                          HPOS="552"
                          CONTENT="confirmatio"/>
                  <SP HEIGHT="43" WIDTH="12" VPOS="1222" HPOS="734"/>
                  <String HEIGHT="43"
                          WIDTH="73"
                          VPOS="1222"
                          HPOS="685"
                          CONTENT="bea"
                          SUBS_TYPE="HypPart1"
                          SUBS_CONTENT="beatorum"/>
                  <HYP CONTENT="-"/>
               </TextLine>
               <TextLine ID="r1l80"
                         BASELINE="1288"
                         HEIGHT="36"
                         WIDTH="592"
                         VPOS="1252"
                         HPOS="168">
                  <String HEIGHT="36"
                          WIDTH="102"
                          VPOS="1252"
                          HPOS="157"
                          CONTENT="torum"
                          SUBS_TYPE="HypPart2"
                          SUBS_CONTENT="beatorum"/>
                  <SP HEIGHT="36" WIDTH="11" VPOS="1252" HPOS="259"/>
                  <String HEIGHT="36"
                          WIDTH="102"
                          VPOS="1252"
                          HPOS="225"
                          CONTENT="licet"/>
                  <SP HEIGHT="36" WIDTH="11" VPOS="1252" HPOS="327"/>
                  <String HEIGHT="36"
                          WIDTH="114"
                          VPOS="1252"
                          HPOS="293"
                          CONTENT="possit"/>
                  <SP HEIGHT="36" WIDTH="11" VPOS="1252" HPOS="407"/>
                  <String HEIGHT="36"
                          WIDTH="137"
                          VPOS="1252"
                          HPOS="373"
                          CONTENT="voluntas"/>
                  <SP HEIGHT="36" WIDTH="11" VPOS="1252" HPOS="510"/>
                  <String HEIGHT="36"
                          WIDTH="102"
                          VPOS="1252"
                          HPOS="475"
                          CONTENT="beati"/>
                  <SP HEIGHT="36" WIDTH="11" VPOS="1252" HPOS="578"/>
                  <String HEIGHT="36"
                          WIDTH="125"
                          VPOS="1252"
                          HPOS="544"
                          CONTENT="elicere"/>
                  <SP HEIGHT="36" WIDTH="11" VPOS="1252" HPOS="669"/>
                  <String HEIGHT="36"
                          WIDTH="102"
                          VPOS="1252"
                          HPOS="635"
                          CONTENT="actum"/>
                  <SP HEIGHT="36" WIDTH="11" VPOS="1252" HPOS="737"/>
                  <String HEIGHT="36"
                          WIDTH="68"
                          VPOS="1252"
                          HPOS="692"
                          CONTENT="frui"/>
               </TextLine>
               <TextLine ID="r1l83"
                         BASELINE="1321"
                         HEIGHT="38"
                         WIDTH="584"
                         VPOS="1283"
                         HPOS="173">
                  <String HEIGHT="38"
                          WIDTH="110"
                          VPOS="1283"
                          HPOS="162"
                          CONTENT="tionis"/>
                  <SP HEIGHT="38" WIDTH="11" VPOS="1283" HPOS="272"/>
                  <String HEIGHT="38"
                          WIDTH="110"
                          VPOS="1283"
                          HPOS="239"
                          CONTENT="posita"/>
                  <SP HEIGHT="38" WIDTH="11" VPOS="1283" HPOS="349"/>
                  <String HEIGHT="38"
                          WIDTH="121"
                          VPOS="1283"
                          HPOS="316"
                          CONTENT="visione"/>
                  <SP HEIGHT="38" WIDTH="11" VPOS="1283" HPOS="437"/>
                  <String HEIGHT="38" WIDTH="66" VPOS="1283" HPOS="404" CONTENT="de"/>
                  <SP HEIGHT="38" WIDTH="11" VPOS="1283" HPOS="471"/>
                  <String HEIGHT="38" WIDTH="66" VPOS="1283" HPOS="437" CONTENT="re"/>
                  <SP HEIGHT="38" WIDTH="11" VPOS="1283" HPOS="504"/>
                  <String HEIGHT="38" WIDTH="77" VPOS="1283" HPOS="471" CONTENT="vna"/>
                  <SP HEIGHT="38" WIDTH="11" VPOS="1283" HPOS="548"/>
                  <String HEIGHT="38"
                          WIDTH="88"
                          VPOS="1283"
                          HPOS="515"
                          CONTENT="quod"/>
                  <SP HEIGHT="38" WIDTH="11" VPOS="1283" HPOS="603"/>
                  <String HEIGHT="38"
                          WIDTH="132"
                          VPOS="1283"
                          HPOS="570"
                          CONTENT="voluntas"/>
                  <SP HEIGHT="38" WIDTH="11" VPOS="1283" HPOS="702"/>
                  <String HEIGHT="38" WIDTH="77" VPOS="1283" HPOS="669" CONTENT="nec"/>
                  <SP HEIGHT="38" WIDTH="11" VPOS="1283" HPOS="746"/>
                  <String HEIGHT="38"
                          WIDTH="55"
                          VPOS="1283"
                          HPOS="702"
                          CONTENT="es"
                          SUBS_TYPE="HypPart1"
                          SUBS_CONTENT="essario"/>
                  <HYP CONTENT="-"/>
               </TextLine>
               <TextLine ID="r1l86"
                         BASELINE="1349"
                         HEIGHT="42"
                         WIDTH="590"
                         VPOS="1307"
                         HPOS="169">
                  <String HEIGHT="42"
                          WIDTH="102"
                          VPOS="1307"
                          HPOS="158"
                          CONTENT="sario"
                          SUBS_TYPE="HypPart2"
                          SUBS_CONTENT="essario"/>
                  <SP HEIGHT="42" WIDTH="11" VPOS="1307" HPOS="260"/>
                  <String HEIGHT="42"
                          WIDTH="113"
                          VPOS="1307"
                          HPOS="226"
                          CONTENT="causat"/>
                  <SP HEIGHT="42" WIDTH="11" VPOS="1307" HPOS="339"/>
                  <String HEIGHT="42"
                          WIDTH="159"
                          VPOS="1307"
                          HPOS="305"
                          CONTENT="fruitionem"/>
                  <SP HEIGHT="42" WIDTH="11" VPOS="1307" HPOS="464"/>
                  <String HEIGHT="42"
                          WIDTH="91"
                          VPOS="1307"
                          HPOS="430"
                          CONTENT="isto"/>
                  <SP HEIGHT="42" WIDTH="11" VPOS="1307" HPOS="521"/>
                  <String HEIGHT="42"
                          WIDTH="91"
                          VPOS="1307"
                          HPOS="487"
                          CONTENT="casu"/>
                  <SP HEIGHT="42" WIDTH="11" VPOS="1307" HPOS="577"/>
                  <String HEIGHT="42"
                          WIDTH="113"
                          VPOS="1307"
                          HPOS="543"
                          CONTENT="posito"/>
                  <SP HEIGHT="42" WIDTH="11" VPOS="1307" HPOS="657"/>
                  <String HEIGHT="42"
                          WIDTH="102"
                          VPOS="1307"
                          HPOS="623"
                          CONTENT="sicut"/>
                  <SP HEIGHT="42" WIDTH="11" VPOS="1307" HPOS="725"/>
                  <String HEIGHT="42"
                          WIDTH="79"
                          VPOS="1307"
                          HPOS="680"
                          CONTENT="tenet"/>
               </TextLine>
               <TextLine ID="r1l90"
                         BASELINE="1379"
                         HEIGHT="42"
                         WIDTH="585"
                         VPOS="1337"
                         HPOS="172">
                  <String HEIGHT="42" WIDTH="82" VPOS="1337" HPOS="160" CONTENT="pe."/>
                  <SP HEIGHT="42" WIDTH="12" VPOS="1337" HPOS="242"/>
                  <String HEIGHT="42"
                          WIDTH="140"
                          VPOS="1337"
                          HPOS="207"
                          CONTENT="aureolus"/>
                  <SP HEIGHT="42" WIDTH="12" VPOS="1337" HPOS="348"/>
                  <String HEIGHT="42" WIDTH="70" VPOS="1337" HPOS="312" CONTENT="et"/>
                  <SP HEIGHT="42" WIDTH="12" VPOS="1337" HPOS="383"/>
                  <String HEIGHT="42"
                          WIDTH="105"
                          VPOS="1337"
                          HPOS="348"
                          CONTENT="multi"/>
                  <SP HEIGHT="42" WIDTH="12" VPOS="1337" HPOS="453"/>
                  <String HEIGHT="42"
                          WIDTH="94"
                          VPOS="1337"
                          HPOS="418"
                          CONTENT="alii"/>
                  <SP HEIGHT="42" WIDTH="12" VPOS="1337" HPOS="511"/>
                  <String HEIGHT="42"
                          WIDTH="140"
                          VPOS="1337"
                          HPOS="476"
                          CONTENT="magister"/>
                  <SP HEIGHT="42" WIDTH="12" VPOS="1337" HPOS="617"/>
                  <String HEIGHT="42" WIDTH="70" VPOS="1337" HPOS="582" CONTENT="de"/>
                  <SP HEIGHT="42" WIDTH="12" VPOS="1337" HPOS="652"/>
                  <String HEIGHT="42"
                          WIDTH="105"
                          VPOS="1337"
                          HPOS="617"
                          CONTENT="viila"/>
                  <SP HEIGHT="42" WIDTH="12" VPOS="1337" HPOS="722"/>
                  <String HEIGHT="42" WIDTH="70" VPOS="1337" HPOS="687" CONTENT="et"/>
                  <SP HEIGHT="42" WIDTH="12" VPOS="1337" HPOS="757"/>
                  <String HEIGHT="42" WIDTH="47" VPOS="1337" HPOS="710" CONTENT="tu"/>
               </TextLine>
               <TextLine ID="r1l92"
                         BASELINE="1407"
                         HEIGHT="36"
                         WIDTH="592"
                         VPOS="1371"
                         HPOS="163">
                  <String HEIGHT="36"
                          WIDTH="118"
                          VPOS="1371"
                          HPOS="150"
                          CONTENT="ipse."/>
                  <SP HEIGHT="36" WIDTH="13" VPOS="1371" HPOS="268"/>
                  <String HEIGHT="36" WIDTH="66" VPOS="1371" HPOS="229" CONTENT="⁋"/>
                  <SP HEIGHT="36" WIDTH="13" VPOS="1371" HPOS="295"/>
                  <String HEIGHT="36" WIDTH="92" VPOS="1371" HPOS="255" CONTENT="Sed"/>
                  <SP HEIGHT="36" WIDTH="13" VPOS="1371" HPOS="347"/>
                  <String HEIGHT="36"
                          WIDTH="145"
                          VPOS="1371"
                          HPOS="308"
                          CONTENT="quomodo"/>
                  <SP HEIGHT="36" WIDTH="13" VPOS="1371" HPOS="452"/>
                  <String HEIGHT="36"
                          WIDTH="132"
                          VPOS="1371"
                          HPOS="413"
                          CONTENT="postea"/>
                  <SP HEIGHT="36" WIDTH="13" VPOS="1371" HPOS="545"/>
                  <String HEIGHT="36"
                          WIDTH="158"
                          VPOS="1371"
                          HPOS="505"
                          CONTENT="dicetur."/>
                  <SP HEIGHT="36" WIDTH="13" VPOS="1371" HPOS="663"/>
                  <String HEIGHT="36" WIDTH="66" VPOS="1371" HPOS="623" CONTENT="⁋"/>
                  <SP HEIGHT="36" WIDTH="13" VPOS="1371" HPOS="689"/>
                  <String HEIGHT="36"
                          WIDTH="118"
                          VPOS="1371"
                          HPOS="637"
                          CONTENT="Secunda"/>
               </TextLine>
               <TextLine ID="r1l96"
                         BASELINE="1436"
                         HEIGHT="40"
                         WIDTH="596"
                         VPOS="1396"
                         HPOS="163">
                  <String HEIGHT="40" WIDTH="77" VPOS="1396" HPOS="152" CONTENT="via"/>
                  <SP HEIGHT="40" WIDTH="11" VPOS="1396" HPOS="229"/>
                  <String HEIGHT="40" WIDTH="77" VPOS="1396" HPOS="196" CONTENT="est"/>
                  <SP HEIGHT="40" WIDTH="11" VPOS="1396" HPOS="273"/>
                  <String HEIGHT="40"
                          WIDTH="88"
                          VPOS="1396"
                          HPOS="240"
                          CONTENT="quod"/>
                  <SP HEIGHT="40" WIDTH="11" VPOS="1396" HPOS="329"/>
                  <String HEIGHT="40"
                          WIDTH="121"
                          VPOS="1396"
                          HPOS="295"
                          CONTENT="fruitio"/>
                  <SP HEIGHT="40" WIDTH="11" VPOS="1396" HPOS="417"/>
                  <String HEIGHT="40"
                          WIDTH="99"
                          VPOS="1396"
                          HPOS="384"
                          CONTENT="semel"/>
                  <SP HEIGHT="40" WIDTH="11" VPOS="1396" HPOS="483"/>
                  <String HEIGHT="40"
                          WIDTH="121"
                          VPOS="1396"
                          HPOS="450"
                          CONTENT="elicita"/>
                  <SP HEIGHT="40" WIDTH="11" VPOS="1396" HPOS="571"/>
                  <String HEIGHT="40" WIDTH="55" VPOS="1396" HPOS="538" CONTENT="a"/>
                  <SP HEIGHT="40" WIDTH="11" VPOS="1396" HPOS="593"/>
                  <String HEIGHT="40"
                          WIDTH="143"
                          VPOS="1396"
                          HPOS="560"
                          CONTENT="voluntate"/>
                  <SP HEIGHT="40" WIDTH="11" VPOS="1396" HPOS="704"/>
                  <String HEIGHT="40" WIDTH="66" VPOS="1396" HPOS="671" CONTENT="ex"/>
                  <SP HEIGHT="40" WIDTH="11" VPOS="1396" HPOS="737"/>
                  <String HEIGHT="40"
                          WIDTH="66"
                          VPOS="1396"
                          HPOS="693"
                          CONTENT="tunc"/>
               </TextLine>
               <TextLine ID="r1l98"
                         BASELINE="1463"
                         HEIGHT="41"
                         WIDTH="591"
                         VPOS="1422"
                         HPOS="168">
                  <String HEIGHT="41"
                          WIDTH="145"
                          VPOS="1422"
                          HPOS="156"
                          CONTENT="perpetuo"/>
                  <SP HEIGHT="41" WIDTH="12" VPOS="1422" HPOS="301"/>
                  <String HEIGHT="41"
                          WIDTH="181"
                          VPOS="1422"
                          HPOS="264"
                          CONTENT="confitmatur"/>
                  <SP HEIGHT="41" WIDTH="12" VPOS="1422" HPOS="445"/>
                  <String HEIGHT="41" WIDTH="60" VPOS="1422" HPOS="409" CONTENT="a"/>
                  <SP HEIGHT="41" WIDTH="12" VPOS="1422" HPOS="470"/>
                  <String HEIGHT="41" WIDTH="84" VPOS="1422" HPOS="433" CONTENT="deo"/>
                  <SP HEIGHT="41" WIDTH="12" VPOS="1422" HPOS="518"/>
                  <String HEIGHT="41"
                          WIDTH="109"
                          VPOS="1422"
                          HPOS="482"
                          CONTENT="sicut"/>
                  <SP HEIGHT="41" WIDTH="12" VPOS="1422" HPOS="590"/>
                  <String HEIGHT="41"
                          WIDTH="109"
                          VPOS="1422"
                          HPOS="554"
                          CONTENT="ponit"/>
                  <SP HEIGHT="41" WIDTH="12" VPOS="1422" HPOS="663"/>
                  <String HEIGHT="41" WIDTH="84" VPOS="1422" HPOS="626" CONTENT="sco"/>
                  <SP HEIGHT="41" WIDTH="12" VPOS="1422" HPOS="711"/>
                  <String HEIGHT="41" WIDTH="72" VPOS="1422" HPOS="675" CONTENT="et"/>
                  <SP HEIGHT="41" WIDTH="12" VPOS="1422" HPOS="747"/>
                  <String HEIGHT="41" WIDTH="60" VPOS="1422" HPOS="699" CONTENT="hec"/>
               </TextLine>
               <TextLine ID="r1l101"
                         BASELINE="1493"
                         HEIGHT="37"
                         WIDTH="600"
                         VPOS="1456"
                         HPOS="163">
                  <String HEIGHT="37"
                          WIDTH="100"
                          VPOS="1456"
                          HPOS="151"
                          CONTENT="erat"/>
                  <SP HEIGHT="37" WIDTH="13" VPOS="1456" HPOS="251"/>
                  <String HEIGHT="37"
                          WIDTH="100"
                          VPOS="1456"
                          HPOS="213"
                          CONTENT="mihi"/>
                  <SP HEIGHT="37" WIDTH="13" VPOS="1456" HPOS="313"/>
                  <String HEIGHT="37"
                          WIDTH="163"
                          VPOS="1456"
                          HPOS="276"
                          CONTENT="quandoque"/>
                  <SP HEIGHT="37" WIDTH="13" VPOS="1456" HPOS="438"/>
                  <String HEIGHT="37"
                          WIDTH="113"
                          VPOS="1456"
                          HPOS="401"
                          CONTENT="inter"/>
                  <SP HEIGHT="37" WIDTH="13" VPOS="1456" HPOS="513"/>
                  <String HEIGHT="37"
                          WIDTH="113"
                          VPOS="1456"
                          HPOS="476"
                          CONTENT="alias"/>
                  <SP HEIGHT="37" WIDTH="13" VPOS="1456" HPOS="588"/>
                  <String HEIGHT="37"
                          WIDTH="138"
                          VPOS="1456"
                          HPOS="551"
                          CONTENT="omnibus"/>
                  <SP HEIGHT="37" WIDTH="13" VPOS="1456" HPOS="688"/>
                  <String HEIGHT="37"
                          WIDTH="125"
                          VPOS="1456"
                          HPOS="638"
                          CONTENT="pensatis"/>
               </TextLine>
               <TextLine ID="r1l103"
                         BASELINE="1520"
                         HEIGHT="43"
                         WIDTH="602"
                         VPOS="1477"
                         HPOS="158">
                  <String HEIGHT="43"
                          WIDTH="164"
                          VPOS="1477"
                          HPOS="147"
                          CONTENT="probabilior"/>
                  <SP HEIGHT="43" WIDTH="11" VPOS="1477" HPOS="311"/>
                  <String HEIGHT="43" WIDTH="77" VPOS="1477" HPOS="278" CONTENT="non"/>
                  <SP HEIGHT="43" WIDTH="11" VPOS="1477" HPOS="355"/>
                  <String HEIGHT="43"
                          WIDTH="88"
                          VPOS="1477"
                          HPOS="322"
                          CONTENT="quod"/>
                  <SP HEIGHT="43" WIDTH="11" VPOS="1477" HPOS="410"/>
                  <String HEIGHT="43" WIDTH="66" VPOS="1477" HPOS="377" CONTENT="ex"/>
                  <SP HEIGHT="43" WIDTH="11" VPOS="1477" HPOS="443"/>
                  <String HEIGHT="43"
                          WIDTH="88"
                          VPOS="1477"
                          HPOS="410"
                          CONTENT="tunc"/>
                  <SP HEIGHT="43" WIDTH="11" VPOS="1477" HPOS="497"/>
                  <String HEIGHT="43"
                          WIDTH="99"
                          VPOS="1477"
                          HPOS="464"
                          CONTENT="solus"/>
                  <SP HEIGHT="43" WIDTH="11" VPOS="1477" HPOS="563"/>
                  <String HEIGHT="43"
                          WIDTH="88"
                          VPOS="1477"
                          HPOS="530"
                          CONTENT="deus"/>
                  <SP HEIGHT="43" WIDTH="11" VPOS="1477" HPOS="618"/>
                  <String HEIGHT="43"
                          WIDTH="142"
                          VPOS="1477"
                          HPOS="585"
                          CONTENT="conseruet"/>
                  <SP HEIGHT="43" WIDTH="11" VPOS="1477" HPOS="727"/>
                  <String HEIGHT="43"
                          WIDTH="77"
                          VPOS="1477"
                          HPOS="683"
                          CONTENT="actum"/>
               </TextLine>
               <TextLine ID="r1l105"
                         BASELINE="1542"
                         HEIGHT="31"
                         WIDTH="593"
                         VPOS="1511"
                         HPOS="165">
                  <String HEIGHT="31"
                          WIDTH="109"
                          VPOS="1511"
                          HPOS="153"
                          CONTENT="talem"/>
                  <SP HEIGHT="31" WIDTH="12" VPOS="1511" HPOS="262"/>
                  <String HEIGHT="31" WIDTH="85" VPOS="1511" HPOS="226" CONTENT="sed"/>
                  <SP HEIGHT="31" WIDTH="12" VPOS="1511" HPOS="310"/>
                  <String HEIGHT="31" WIDTH="85" VPOS="1511" HPOS="274" CONTENT="vel"/>
                  <SP HEIGHT="31" WIDTH="12" VPOS="1511" HPOS="359"/>
                  <String HEIGHT="31"
                          WIDTH="109"
                          VPOS="1511"
                          HPOS="322"
                          CONTENT="solus"/>
                  <SP HEIGHT="31" WIDTH="12" VPOS="1511" HPOS="431"/>
                  <String HEIGHT="31" WIDTH="85" VPOS="1511" HPOS="395" CONTENT="vel"/>
                  <SP HEIGHT="31" WIDTH="12" VPOS="1511" HPOS="480"/>
                  <String HEIGHT="31" WIDTH="85" VPOS="1511" HPOS="443" CONTENT="cum"/>
                  <SP HEIGHT="31" WIDTH="12" VPOS="1511" HPOS="528"/>
                  <String HEIGHT="31"
                          WIDTH="157"
                          VPOS="1511"
                          HPOS="492"
                          CONTENT="voluntate"/>
                  <SP HEIGHT="31" WIDTH="12" VPOS="1511" HPOS="649"/>
                  <String HEIGHT="31" WIDTH="85" VPOS="1511" HPOS="613" CONTENT="vel"/>
                  <SP HEIGHT="31" WIDTH="12" VPOS="1511" HPOS="697"/>
                  <String HEIGHT="31"
                          WIDTH="109"
                          VPOS="1511"
                          HPOS="649"
                          CONTENT="aliquam"/>
               </TextLine>
               <TextLine ID="r1l107"
                         BASELINE="1578"
                         HEIGHT="42"
                         WIDTH="594"
                         VPOS="1536"
                         HPOS="163">
                  <String HEIGHT="42" WIDTH="63" VPOS="1536" HPOS="153" CONTENT="do"/>
                  <SP HEIGHT="42" WIDTH="10" VPOS="1536" HPOS="215"/>
                  <String HEIGHT="42" WIDTH="73" VPOS="1536" HPOS="184" CONTENT="sic"/>
                  <SP HEIGHT="42" WIDTH="10" VPOS="1536" HPOS="257"/>
                  <String HEIGHT="42"
                          WIDTH="94"
                          VPOS="1536"
                          HPOS="226"
                          CONTENT="forte"/>
                  <SP HEIGHT="42" WIDTH="10" VPOS="1536" HPOS="319"/>
                  <String HEIGHT="42"
                          WIDTH="135"
                          VPOS="1536"
                          HPOS="288"
                          CONTENT="aliquando"/>
                  <SP HEIGHT="42" WIDTH="10" VPOS="1536" HPOS="424"/>
                  <String HEIGHT="42"
                          WIDTH="115"
                          VPOS="1536"
                          HPOS="392"
                          CONTENT="aliter."/>
                  <SP HEIGHT="42" WIDTH="10" VPOS="1536" HPOS="507"/>
                  <String HEIGHT="42" WIDTH="52" VPOS="1536" HPOS="476" CONTENT="⁋"/>
                  <SP HEIGHT="42" WIDTH="10" VPOS="1536" HPOS="528"/>
                  <String HEIGHT="42"
                          WIDTH="104"
                          VPOS="1536"
                          HPOS="496"
                          CONTENT="Tertia"/>
                  <SP HEIGHT="42" WIDTH="10" VPOS="1536" HPOS="601"/>
                  <String HEIGHT="42" WIDTH="73" VPOS="1536" HPOS="569" CONTENT="via"/>
                  <SP HEIGHT="42" WIDTH="10" VPOS="1536" HPOS="642"/>
                  <String HEIGHT="42" WIDTH="73" VPOS="1536" HPOS="611" CONTENT="est"/>
                  <SP HEIGHT="42" WIDTH="10" VPOS="1536" HPOS="684"/>
                  <String HEIGHT="42"
                          WIDTH="83"
                          VPOS="1536"
                          HPOS="653"
                          CONTENT="quod"/>
                  <SP HEIGHT="42" WIDTH="10" VPOS="1536" HPOS="736"/>
                  <String HEIGHT="42"
                          WIDTH="63"
                          VPOS="1536"
                          HPOS="694"
                          CONTENT="prae"/>
               </TextLine>
               <TextLine ID="r1l109"
                         BASELINE="1604"
                         HEIGHT="41"
                         WIDTH="593"
                         VPOS="1563"
                         HPOS="168">
                  <String HEIGHT="41" WIDTH="86" VPOS="1563" HPOS="156" CONTENT="ter"/>
                  <SP HEIGHT="41" WIDTH="12" VPOS="1563" HPOS="242"/>
                  <String HEIGHT="41"
                          WIDTH="173"
                          VPOS="1563"
                          HPOS="205"
                          CONTENT="fruitionem"/>
                  <SP HEIGHT="41" WIDTH="12" VPOS="1563" HPOS="378"/>
                  <String HEIGHT="41" WIDTH="62" VPOS="1563" HPOS="341" CONTENT="a"/>
                  <SP HEIGHT="41" WIDTH="12" VPOS="1563" HPOS="403"/>
                  <String HEIGHT="41"
                          WIDTH="161"
                          VPOS="1563"
                          HPOS="366"
                          CONTENT="voluntate"/>
                  <SP HEIGHT="41" WIDTH="12" VPOS="1563" HPOS="526"/>
                  <String HEIGHT="41"
                          WIDTH="173"
                          VPOS="1563"
                          HPOS="489"
                          CONTENT="causabilem"/>
                  <SP HEIGHT="41" WIDTH="12" VPOS="1563" HPOS="662"/>
                  <String HEIGHT="41"
                          WIDTH="111"
                          VPOS="1563"
                          HPOS="625"
                          CONTENT="esset"/>
                  <SP HEIGHT="41" WIDTH="12" VPOS="1563" HPOS="736"/>
                  <String HEIGHT="41"
                          WIDTH="74"
                          VPOS="1563"
                          HPOS="687"
                          CONTENT="alia"/>
               </TextLine>
               <TextLine ID="r1l111"
                         BASELINE="1632"
                         HEIGHT="42"
                         WIDTH="588"
                         VPOS="1590"
                         HPOS="162">
                  <String HEIGHT="42"
                          WIDTH="127"
                          VPOS="1590"
                          HPOS="150"
                          CONTENT="fruitio"/>
                  <SP HEIGHT="42" WIDTH="12" VPOS="1590" HPOS="277"/>
                  <String HEIGHT="42" WIDTH="58" VPOS="1590" HPOS="243" CONTENT="a"/>
                  <SP HEIGHT="42" WIDTH="12" VPOS="1590" HPOS="300"/>
                  <String HEIGHT="42"
                          WIDTH="92"
                          VPOS="1590"
                          HPOS="266"
                          CONTENT="solo"/>
                  <SP HEIGHT="42" WIDTH="12" VPOS="1590" HPOS="358"/>
                  <String HEIGHT="42" WIDTH="81" VPOS="1590" HPOS="323" CONTENT="deo"/>
                  <SP HEIGHT="42" WIDTH="12" VPOS="1590" HPOS="404"/>
                  <String HEIGHT="42"
                          WIDTH="161"
                          VPOS="1590"
                          HPOS="370"
                          CONTENT="causabilis"/>
                  <SP HEIGHT="42" WIDTH="12" VPOS="1590" HPOS="531"/>
                  <String HEIGHT="42" WIDTH="69" VPOS="1590" HPOS="496" CONTENT="et"/>
                  <SP HEIGHT="42" WIDTH="12" VPOS="1590" HPOS="566"/>
                  <String HEIGHT="42"
                          WIDTH="104"
                          VPOS="1590"
                          HPOS="531"
                          CONTENT="talis"/>
                  <SP HEIGHT="42" WIDTH="12" VPOS="1590" HPOS="635"/>
                  <String HEIGHT="42" WIDTH="58" VPOS="1590" HPOS="600" CONTENT="a"/>
                  <SP HEIGHT="42" WIDTH="12" VPOS="1590" HPOS="658"/>
                  <String HEIGHT="42"
                          WIDTH="104"
                          VPOS="1590"
                          HPOS="623"
                          CONTENT="nullo"/>
                  <SP HEIGHT="42" WIDTH="12" VPOS="1590" HPOS="727"/>
                  <String HEIGHT="42"
                          WIDTH="69"
                          VPOS="1590"
                          HPOS="681"
                          CONTENT="dese"/>
               </TextLine>
               <TextLine ID="r1l113"
                         BASELINE="1662"
                         HEIGHT="39"
                         WIDTH="584"
                         VPOS="1623"
                         HPOS="169">
                  <String HEIGHT="39" WIDTH="79" VPOS="1623" HPOS="158" CONTENT="rui"/>
                  <SP HEIGHT="39" WIDTH="11" VPOS="1623" HPOS="236"/>
                  <String HEIGHT="39"
                          WIDTH="112"
                          VPOS="1623"
                          HPOS="203"
                          CONTENT="posset"/>
                  <SP HEIGHT="39" WIDTH="11" VPOS="1623" HPOS="315"/>
                  <String HEIGHT="39" WIDTH="67" VPOS="1623" HPOS="281" CONTENT="et"/>
                  <SP HEIGHT="39" WIDTH="11" VPOS="1623" HPOS="349"/>
                  <String HEIGHT="39"
                          WIDTH="90"
                          VPOS="1623"
                          HPOS="315"
                          CONTENT="tunc"/>
                  <SP HEIGHT="39" WIDTH="11" VPOS="1623" HPOS="405"/>
                  <String HEIGHT="39"
                          WIDTH="112"
                          VPOS="1623"
                          HPOS="371"
                          CONTENT="possum"/>
                  <SP HEIGHT="39" WIDTH="11" VPOS="1623" HPOS="483"/>
                  <String HEIGHT="39"
                          WIDTH="146"
                          VPOS="1623"
                          HPOS="450"
                          CONTENT="ymaginari"/>
                  <SP HEIGHT="39" WIDTH="11" VPOS="1623" HPOS="596"/>
                  <String HEIGHT="39"
                          WIDTH="101"
                          VPOS="1623"
                          HPOS="562"
                          CONTENT="vltra"/>
                  <SP HEIGHT="39" WIDTH="11" VPOS="1623" HPOS="663"/>
                  <String HEIGHT="39"
                          WIDTH="90"
                          VPOS="1623"
                          HPOS="629"
                          CONTENT="quod"/>
                  <SP HEIGHT="39" WIDTH="11" VPOS="1623" HPOS="719"/>
                  <String HEIGHT="39"
                          WIDTH="79"
                          VPOS="1623"
                          HPOS="674"
                          CONTENT="volun"/>
               </TextLine>
               <TextLine ID="r1l115"
                         BASELINE="1691"
                         HEIGHT="42"
                         WIDTH="595"
                         VPOS="1649"
                         HPOS="169">
                  <String HEIGHT="42" WIDTH="80" VPOS="1649" HPOS="158" CONTENT="tas"/>
                  <SP HEIGHT="42" WIDTH="11" VPOS="1649" HPOS="238"/>
                  <String HEIGHT="42"
                          WIDTH="114"
                          VPOS="1649"
                          HPOS="203"
                          CONTENT="posset"/>
                  <SP HEIGHT="42" WIDTH="11" VPOS="1649" HPOS="318"/>
                  <String HEIGHT="42"
                          WIDTH="114"
                          VPOS="1649"
                          HPOS="283"
                          CONTENT="libere"/>
                  <SP HEIGHT="42" WIDTH="11" VPOS="1649" HPOS="398"/>
                  <String HEIGHT="42"
                          WIDTH="126"
                          VPOS="1649"
                          HPOS="364"
                          CONTENT="cessare"/>
                  <SP HEIGHT="42" WIDTH="11" VPOS="1649" HPOS="489"/>
                  <String HEIGHT="42" WIDTH="69" VPOS="1649" HPOS="455" CONTENT="ab"/>
                  <SP HEIGHT="42" WIDTH="11" VPOS="1649" HPOS="524"/>
                  <String HEIGHT="42"
                          WIDTH="103"
                          VPOS="1649"
                          HPOS="489"
                          CONTENT="actua"/>
                  <SP HEIGHT="42" WIDTH="11" VPOS="1649" HPOS="592"/>
                  <String HEIGHT="42" WIDTH="69" VPOS="1649" HPOS="558" CONTENT="se"/>
                  <SP HEIGHT="42" WIDTH="11" VPOS="1649" HPOS="627"/>
                  <String HEIGHT="42"
                          WIDTH="149"
                          VPOS="1649"
                          HPOS="592"
                          CONTENT="causabili"/>
                  <SP HEIGHT="42" WIDTH="11" VPOS="1649" HPOS="741"/>
                  <String HEIGHT="42" WIDTH="80" VPOS="1649" HPOS="707" CONTENT="sed"/>
                  <SP HEIGHT="42" WIDTH="11" VPOS="1649" HPOS="787"/>
                  <String HEIGHT="42" WIDTH="23" VPOS="1649" HPOS="741" CONTENT=""/>
               </TextLine>
               <TextLine ID="r1l117"
                         BASELINE="1715"
                         HEIGHT="37"
                         WIDTH="594"
                         VPOS="1678"
                         HPOS="168">
                  <String HEIGHT="37" WIDTH="82" VPOS="1678" HPOS="156" CONTENT="non"/>
                  <SP HEIGHT="37" WIDTH="12" VPOS="1678" HPOS="238"/>
                  <String HEIGHT="37" WIDTH="70" VPOS="1678" HPOS="203" CONTENT="ab"/>
                  <SP HEIGHT="37" WIDTH="12" VPOS="1678" HPOS="273"/>
                  <String HEIGHT="37"
                          WIDTH="93"
                          VPOS="1678"
                          HPOS="238"
                          CONTENT="actu"/>
                  <SP HEIGHT="37" WIDTH="12" VPOS="1678" HPOS="331"/>
                  <String HEIGHT="37" WIDTH="58" VPOS="1678" HPOS="296" CONTENT="a"/>
                  <SP HEIGHT="37" WIDTH="12" VPOS="1678" HPOS="354"/>
                  <String HEIGHT="37"
                          WIDTH="93"
                          VPOS="1678"
                          HPOS="319"
                          CONTENT="solo"/>
                  <SP HEIGHT="37" WIDTH="12" VPOS="1678" HPOS="413"/>
                  <String HEIGHT="37" WIDTH="82" VPOS="1678" HPOS="378" CONTENT="deo"/>
                  <SP HEIGHT="37" WIDTH="12" VPOS="1678" HPOS="459"/>
                  <String HEIGHT="37"
                          WIDTH="163"
                          VPOS="1678"
                          HPOS="424"
                          CONTENT="causabili."/>
                  <SP HEIGHT="37" WIDTH="12" VPOS="1678" HPOS="587"/>
                  <String HEIGHT="37" WIDTH="58" VPOS="1678" HPOS="552" CONTENT="⁋"/>
                  <SP HEIGHT="37" WIDTH="12" VPOS="1678" HPOS="611"/>
                  <String HEIGHT="37" WIDTH="82" VPOS="1678" HPOS="576" CONTENT="Sed"/>
                  <SP HEIGHT="37" WIDTH="12" VPOS="1678" HPOS="657"/>
                  <String HEIGHT="37" WIDTH="70" VPOS="1678" HPOS="622" CONTENT="ex"/>
                  <SP HEIGHT="37" WIDTH="12" VPOS="1678" HPOS="692"/>
                  <String HEIGHT="37"
                          WIDTH="93"
                          VPOS="1678"
                          HPOS="657"
                          CONTENT="ista"/>
                  <SP HEIGHT="37" WIDTH="12" VPOS="1678" HPOS="750"/>
                  <String HEIGHT="37" WIDTH="58" VPOS="1678" HPOS="704" CONTENT="via"/>
               </TextLine>
               <TextLine ID="r1l119"
                         BASELINE="1742"
                         HEIGHT="37"
                         WIDTH="595"
                         VPOS="1705"
                         HPOS="163">
                  <String HEIGHT="37"
                          WIDTH="132"
                          VPOS="1705"
                          HPOS="152"
                          CONTENT="sequitur"/>
                  <SP HEIGHT="37" WIDTH="11" VPOS="1705" HPOS="284"/>
                  <String HEIGHT="37"
                          WIDTH="88"
                          VPOS="1705"
                          HPOS="251"
                          CONTENT="quod"/>
                  <SP HEIGHT="37" WIDTH="11" VPOS="1705" HPOS="339"/>
                  <String HEIGHT="37"
                          WIDTH="88"
                          VPOS="1705"
                          HPOS="306"
                          CONTENT="deus"/>
                  <SP HEIGHT="37" WIDTH="11" VPOS="1705" HPOS="394"/>
                  <String HEIGHT="37" WIDTH="77" VPOS="1705" HPOS="361" CONTENT="non"/>
                  <SP HEIGHT="37" WIDTH="11" VPOS="1705" HPOS="438"/>
                  <String HEIGHT="37"
                          WIDTH="165"
                          VPOS="1705"
                          HPOS="405"
                          CONTENT="contulisset"/>
                  <SP HEIGHT="37" WIDTH="11" VPOS="1705" HPOS="571"/>
                  <String HEIGHT="37" WIDTH="77" VPOS="1705" HPOS="538" CONTENT="nec"/>
                  <SP HEIGHT="37" WIDTH="11" VPOS="1705" HPOS="615"/>
                  <String HEIGHT="37"
                          WIDTH="132"
                          VPOS="1705"
                          HPOS="582"
                          CONTENT="conferre"/>
                  <SP HEIGHT="37" WIDTH="11" VPOS="1705" HPOS="714"/>
                  <String HEIGHT="37"
                          WIDTH="88"
                          VPOS="1705"
                          HPOS="670"
                          CONTENT="potest"/>
               </TextLine>
               <TextLine ID="r1l121"
                         BASELINE="1769"
                         HEIGHT="37"
                         WIDTH="581"
                         VPOS="1732"
                         HPOS="167">
                  <String HEIGHT="37"
                          WIDTH="105"
                          VPOS="1732"
                          HPOS="155"
                          CONTENT="anime"/>
                  <SP HEIGHT="37" WIDTH="12" VPOS="1732" HPOS="260"/>
                  <String HEIGHT="37"
                          WIDTH="128"
                          VPOS="1732"
                          HPOS="225"
                          CONTENT="Christi"/>
                  <SP HEIGHT="37" WIDTH="12" VPOS="1732" HPOS="353"/>
                  <String HEIGHT="37"
                          WIDTH="116"
                          VPOS="1732"
                          HPOS="318"
                          CONTENT="summam"/>
                  <SP HEIGHT="37" WIDTH="12" VPOS="1732" HPOS="434"/>
                  <String HEIGHT="37"
                          WIDTH="163"
                          VPOS="1732"
                          HPOS="399"
                          CONTENT="fruitionem"/>
                  <SP HEIGHT="37" WIDTH="12" VPOS="1732" HPOS="562"/>
                  <String HEIGHT="37"
                          WIDTH="93"
                          VPOS="1732"
                          HPOS="527"
                          CONTENT="sibi"/>
                  <SP HEIGHT="37" WIDTH="12" VPOS="1732" HPOS="620"/>
                  <String HEIGHT="37"
                          WIDTH="163"
                          VPOS="1732"
                          HPOS="585"
                          CONTENT="possibilem"/>
                  <SP HEIGHT="37" WIDTH="12" VPOS="1732" HPOS="748"/>
                  <String HEIGHT="37" WIDTH="46" VPOS="1732" HPOS="702" CONTENT="ci"/>
               </TextLine>
               <TextLine ID="r1l123"
                         BASELINE="1800"
                         HEIGHT="42"
                         WIDTH="589"
                         VPOS="1758"
                         HPOS="169">
                  <String HEIGHT="42" WIDTH="78" VPOS="1758" HPOS="158" CONTENT="ius"/>
                  <SP HEIGHT="42" WIDTH="11" VPOS="1758" HPOS="236"/>
                  <String HEIGHT="42"
                          WIDTH="156"
                          VPOS="1758"
                          HPOS="202"
                          CONTENT="contrarium"/>
                  <SP HEIGHT="42" WIDTH="11" VPOS="1758" HPOS="358"/>
                  <String HEIGHT="42"
                          WIDTH="89"
                          VPOS="1758"
                          HPOS="325"
                          CONTENT="sepe"/>
                  <SP HEIGHT="42" WIDTH="11" VPOS="1758" HPOS="413"/>
                  <String HEIGHT="42"
                          WIDTH="100"
                          VPOS="1758"
                          HPOS="380"
                          CONTENT="dicit"/>
                  <SP HEIGHT="42" WIDTH="11" VPOS="1758" HPOS="480"/>
                  <String HEIGHT="42"
                          WIDTH="133"
                          VPOS="1758"
                          HPOS="447"
                          CONTENT="magister"/>
                  <SP HEIGHT="42" WIDTH="11" VPOS="1758" HPOS="580"/>
                  <String HEIGHT="42" WIDTH="67" VPOS="1758" HPOS="547" CONTENT="in"/>
                  <SP HEIGHT="42" WIDTH="11" VPOS="1758" HPOS="614"/>
                  <String HEIGHT="42" WIDTH="78" VPOS="1758" HPOS="580" CONTENT="li."/>
                  <SP HEIGHT="42" WIDTH="11" VPOS="1758" HPOS="658"/>
                  <String HEIGHT="42" WIDTH="56" VPOS="1758" HPOS="625" CONTENT="3"/>
                  <SP HEIGHT="42" WIDTH="11" VPOS="1758" HPOS="680"/>
                  <String HEIGHT="42" WIDTH="67" VPOS="1758" HPOS="647" CONTENT="et"/>
                  <SP HEIGHT="42" WIDTH="11" VPOS="1758" HPOS="714"/>
                  <String HEIGHT="42"
                          WIDTH="89"
                          VPOS="1758"
                          HPOS="669"
                          CONTENT="sancti"/>
               </TextLine>
               <TextLine ID="r1l125"
                         BASELINE="1830"
                         HEIGHT="40"
                         WIDTH="584"
                         VPOS="1790"
                         HPOS="169">
                  <String HEIGHT="40"
                          WIDTH="82"
                          VPOS="1790"
                          HPOS="159"
                          CONTENT="alii"/>
                  <SP HEIGHT="40" WIDTH="10" VPOS="1790" HPOS="241"/>
                  <String HEIGHT="40"
                          WIDTH="164"
                          VPOS="1790"
                          HPOS="210"
                          CONTENT="consequentia"/>
                  <SP HEIGHT="40" WIDTH="10" VPOS="1790" HPOS="374"/>
                  <String HEIGHT="40"
                          WIDTH="92"
                          VPOS="1790"
                          HPOS="343"
                          CONTENT="patet"/>
                  <SP HEIGHT="40" WIDTH="10" VPOS="1790" HPOS="435"/>
                  <String HEIGHT="40"
                          WIDTH="82"
                          VPOS="1790"
                          HPOS="405"
                          CONTENT="quia"/>
                  <SP HEIGHT="40" WIDTH="10" VPOS="1790" HPOS="487"/>
                  <String HEIGHT="40" WIDTH="61" VPOS="1790" HPOS="456" CONTENT="si"/>
                  <SP HEIGHT="40" WIDTH="10" VPOS="1790" HPOS="517"/>
                  <String HEIGHT="40"
                          WIDTH="92"
                          VPOS="1790"
                          HPOS="487"
                          CONTENT="eadem"/>
                  <SP HEIGHT="40" WIDTH="10" VPOS="1790" HPOS="579"/>
                  <String HEIGHT="40"
                          WIDTH="123"
                          VPOS="1790"
                          HPOS="548"
                          CONTENT="potentia"/>
                  <SP HEIGHT="40" WIDTH="10" VPOS="1790" HPOS="671"/>
                  <String HEIGHT="40"
                          WIDTH="123"
                          VPOS="1790"
                          HPOS="630"
                          CONTENT="appetitiua"/>
               </TextLine>
               <TextLine ID="r1l127"
                         BASELINE="1859"
                         HEIGHT="40"
                         WIDTH="583"
                         VPOS="1819"
                         HPOS="171">
                  <String HEIGHT="40"
                          WIDTH="146"
                          VPOS="1819"
                          HPOS="159"
                          CONTENT="respectu"/>
                  <SP HEIGHT="40" WIDTH="12" VPOS="1819" HPOS="305"/>
                  <String HEIGHT="40"
                          WIDTH="134"
                          VPOS="1819"
                          HPOS="268"
                          CONTENT="eiusdem"/>
                  <SP HEIGHT="40" WIDTH="12" VPOS="1819" HPOS="402"/>
                  <String HEIGHT="40"
                          WIDTH="134"
                          VPOS="1819"
                          HPOS="365"
                          CONTENT="precise"/>
                  <SP HEIGHT="40" WIDTH="12" VPOS="1819" HPOS="499"/>
                  <String HEIGHT="40"
                          WIDTH="134"
                          VPOS="1819"
                          HPOS="463"
                          CONTENT="omnibus"/>
                  <SP HEIGHT="40" WIDTH="12" VPOS="1819" HPOS="596"/>
                  <String HEIGHT="40"
                          WIDTH="109"
                          VPOS="1819"
                          HPOS="560"
                          CONTENT="aliis"/>
                  <SP HEIGHT="40" WIDTH="12" VPOS="1819" HPOS="669"/>
                  <String HEIGHT="40"
                          WIDTH="134"
                          VPOS="1819"
                          HPOS="620"
                          CONTENT="concurren"/>
               </TextLine>
               <TextLine ID="r1l129"
                         BASELINE="1888"
                         HEIGHT="44"
                         WIDTH="582"
                         VPOS="1844"
                         HPOS="167">
                  <String HEIGHT="44"
                          WIDTH="111"
                          VPOS="1844"
                          HPOS="155"
                          CONTENT="tibus"/>
                  <SP HEIGHT="44" WIDTH="12" VPOS="1844" HPOS="266"/>
                  <String HEIGHT="44"
                          WIDTH="186"
                          VPOS="1844"
                          HPOS="229"
                          CONTENT="vniformiter"/>
                  <SP HEIGHT="44" WIDTH="12" VPOS="1844" HPOS="415"/>
                  <String HEIGHT="44"
                          WIDTH="124"
                          VPOS="1844"
                          HPOS="378"
                          CONTENT="plures"/>
                  <SP HEIGHT="44" WIDTH="12" VPOS="1844" HPOS="501"/>
                  <String HEIGHT="44"
                          WIDTH="111"
                          VPOS="1844"
                          HPOS="464"
                          CONTENT="actus"/>
                  <SP HEIGHT="44" WIDTH="12" VPOS="1844" HPOS="576"/>
                  <String HEIGHT="44"
                          WIDTH="124"
                          VPOS="1844"
                          HPOS="538"
                          CONTENT="possit"/>
                  <SP HEIGHT="44" WIDTH="12" VPOS="1844" HPOS="662"/>
                  <String HEIGHT="44"
                          WIDTH="124"
                          VPOS="1844"
                          HPOS="625"
                          CONTENT="habere"/>
                  <SP HEIGHT="44" WIDTH="12" VPOS="1844" HPOS="749"/>
                  <String HEIGHT="44" WIDTH="50" VPOS="1844" HPOS="699" CONTENT="pu"/>
               </TextLine>
               <TextLine ID="r1l131"
                         BASELINE="1913"
                         HEIGHT="40"
                         WIDTH="586"
                         VPOS="1873"
                         HPOS="167">
                  <String HEIGHT="40" WIDTH="72" VPOS="1873" HPOS="155" CONTENT="ta"/>
                  <SP HEIGHT="40" WIDTH="12" VPOS="1873" HPOS="227"/>
                  <String HEIGHT="40"
                          WIDTH="96"
                          VPOS="1873"
                          HPOS="191"
                          CONTENT="duos"/>
                  <SP HEIGHT="40" WIDTH="12" VPOS="1873" HPOS="287"/>
                  <String HEIGHT="40"
                          WIDTH="144"
                          VPOS="1873"
                          HPOS="251"
                          CONTENT="alterius"/>
                  <SP HEIGHT="40" WIDTH="12" VPOS="1873" HPOS="394"/>
                  <String HEIGHT="40"
                          WIDTH="144"
                          VPOS="1873"
                          HPOS="358"
                          CONTENT="rationis"/>
                  <SP HEIGHT="40" WIDTH="12" VPOS="1873" HPOS="502"/>
                  <String HEIGHT="40"
                          WIDTH="96"
                          VPOS="1873"
                          HPOS="466"
                          CONTENT="vnum"/>
                  <SP HEIGHT="40" WIDTH="12" VPOS="1873" HPOS="562"/>
                  <String HEIGHT="40"
                          WIDTH="179"
                          VPOS="1873"
                          HPOS="526"
                          CONTENT="naturaliter"/>
                  <SP HEIGHT="40" WIDTH="12" VPOS="1873" HPOS="705"/>
                  <String HEIGHT="40" WIDTH="72" VPOS="1873" HPOS="669" CONTENT="et"/>
                  <SP HEIGHT="40" WIDTH="12" VPOS="1873" HPOS="741"/>
                  <String HEIGHT="40" WIDTH="60" VPOS="1873" HPOS="693" CONTENT="ali"/>
               </TextLine>
               <TextLine ID="r1l133"
                         BASELINE="1942"
                         HEIGHT="40"
                         WIDTH="593"
                         VPOS="1902"
                         HPOS="162">
                  <String HEIGHT="40" WIDTH="76" VPOS="1902" HPOS="149" CONTENT="um"/>
                  <SP HEIGHT="40" WIDTH="13" VPOS="1902" HPOS="225"/>
                  <String HEIGHT="40"
                          WIDTH="252"
                          VPOS="1902"
                          HPOS="187"
                          CONTENT="supernaturaliter"/>
                  <SP HEIGHT="40" WIDTH="13" VPOS="1902" HPOS="440"/>
                  <String HEIGHT="40"
                          WIDTH="164"
                          VPOS="1902"
                          HPOS="402"
                          CONTENT="supposita"/>
                  <SP HEIGHT="40" WIDTH="13" VPOS="1902" HPOS="566"/>
                  <String HEIGHT="40"
                          WIDTH="114"
                          VPOS="1902"
                          HPOS="528"
                          CONTENT="eadem"/>
                  <SP HEIGHT="40" WIDTH="13" VPOS="1902" HPOS="641"/>
                  <String HEIGHT="40"
                          WIDTH="139"
                          VPOS="1902"
                          HPOS="604"
                          CONTENT="visione"/>
                  <SP HEIGHT="40" WIDTH="13" VPOS="1902" HPOS="742"/>
                  <String HEIGHT="40" WIDTH="63" VPOS="1902" HPOS="692" CONTENT="cor"/>
               </TextLine>
               <TextLine ID="r1l135"
                         BASELINE="1971"
                         HEIGHT="44"
                         WIDTH="594"
                         VPOS="1927"
                         HPOS="161">
                  <String HEIGHT="44"
                          WIDTH="175"
                          VPOS="1927"
                          HPOS="149"
                          CONTENT="respondente"/>
                  <SP HEIGHT="44" WIDTH="12" VPOS="1927" HPOS="324"/>
                  <String HEIGHT="44"
                          WIDTH="140"
                          VPOS="1927"
                          HPOS="289"
                          CONTENT="vtrisque"/>
                  <SP HEIGHT="44" WIDTH="12" VPOS="1927" HPOS="429"/>
                  <String HEIGHT="44" WIDTH="82" VPOS="1927" HPOS="394" CONTENT="non"/>
                  <SP HEIGHT="44" WIDTH="12" VPOS="1927" HPOS="475"/>
                  <String HEIGHT="44"
                          WIDTH="105"
                          VPOS="1927"
                          HPOS="441"
                          CONTENT="video"/>
                  <SP HEIGHT="44" WIDTH="12" VPOS="1927" HPOS="545"/>
                  <String HEIGHT="44"
                          WIDTH="93"
                          VPOS="1927"
                          HPOS="510"
                          CONTENT="quin"/>
                  <SP HEIGHT="44" WIDTH="12" VPOS="1927" HPOS="604"/>
                  <String HEIGHT="44"
                          WIDTH="116"
                          VPOS="1927"
                          HPOS="569"
                          CONTENT="possit"/>
                  <SP HEIGHT="44" WIDTH="12" VPOS="1927" HPOS="685"/>
                  <String HEIGHT="44"
                          WIDTH="116"
                          VPOS="1927"
                          HPOS="639"
                          CONTENT="superna"
                          SUBS_TYPE="HypPart1"
                          SUBS_CONTENT="supernaturaliter"/>
                  <HYP CONTENT="-"/>
               </TextLine>
               <TextLine ID="r1l137"
                         BASELINE="2001"
                         HEIGHT="45"
                         WIDTH="590"
                         VPOS="1956"
                         HPOS="163">
                  <String HEIGHT="45"
                          WIDTH="148"
                          VPOS="1956"
                          HPOS="152"
                          CONTENT="turaliter"
                          SUBS_TYPE="HypPart2"
                          SUBS_CONTENT="supernaturaliter"/>
                  <SP HEIGHT="45" WIDTH="11" VPOS="1956" HPOS="299"/>
                  <String HEIGHT="45" WIDTH="68" VPOS="1956" HPOS="265" CONTENT="34"/>
                  <SP HEIGHT="45" WIDTH="11" VPOS="1956" HPOS="333"/>
                  <String HEIGHT="45" WIDTH="68" VPOS="1956" HPOS="299" CONTENT="et"/>
                  <SP HEIGHT="45" WIDTH="11" VPOS="1956" HPOS="367"/>
                  <String HEIGHT="45" WIDTH="79" VPOS="1956" HPOS="333" CONTENT="sic"/>
                  <SP HEIGHT="45" WIDTH="11" VPOS="1956" HPOS="413"/>
                  <String HEIGHT="45" WIDTH="68" VPOS="1956" HPOS="379" CONTENT="in"/>
                  <SP HEIGHT="45" WIDTH="11" VPOS="1956" HPOS="447"/>
                  <String HEIGHT="45"
                          WIDTH="148"
                          VPOS="1956"
                          HPOS="413"
                          CONTENT="infinitum"/>
                  <SP HEIGHT="45" WIDTH="11" VPOS="1956" HPOS="560"/>
                  <String HEIGHT="45"
                          WIDTH="102"
                          VPOS="1956"
                          HPOS="526"
                          CONTENT="quoru"/>
                  <SP HEIGHT="45" WIDTH="11" VPOS="1956" HPOS="628"/>
                  <String HEIGHT="45"
                          WIDTH="113"
                          VPOS="1956"
                          HPOS="594"
                          CONTENT="semper"/>
                  <SP HEIGHT="45" WIDTH="11" VPOS="1956" HPOS="708"/>
                  <String HEIGHT="45"
                          WIDTH="91"
                          VPOS="1956"
                          HPOS="662"
                          CONTENT="poste"
                          SUBS_TYPE="HypPart1"
                          SUBS_CONTENT="posterior"/>
                  <HYP CONTENT="-"/>
               </TextLine>
               <TextLine ID="r1l139"
                         BASELINE="2028"
                         HEIGHT="42"
                         WIDTH="591"
                         VPOS="1986"
                         HPOS="161">
                  <String HEIGHT="42"
                          WIDTH="86"
                          VPOS="1986"
                          HPOS="150"
                          CONTENT="rior"
                          SUBS_TYPE="HypPart2"
                          SUBS_CONTENT="posterior"/>
                  <SP HEIGHT="42" WIDTH="11" VPOS="1986" HPOS="236"/>
                  <String HEIGHT="42" WIDTH="75" VPOS="1986" HPOS="204" CONTENT="sit"/>
                  <SP HEIGHT="42" WIDTH="11" VPOS="1986" HPOS="279"/>
                  <String HEIGHT="42"
                          WIDTH="118"
                          VPOS="1986"
                          HPOS="247"
                          CONTENT="speciei"/>
                  <SP HEIGHT="42" WIDTH="11" VPOS="1986" HPOS="365"/>
                  <String HEIGHT="42"
                          WIDTH="172"
                          VPOS="1986"
                          HPOS="333"
                          CONTENT="perfectioris"/>
                  <SP HEIGHT="42" WIDTH="11" VPOS="1986" HPOS="505"/>
                  <String HEIGHT="42"
                          WIDTH="86"
                          VPOS="1986"
                          HPOS="473"
                          CONTENT="quam"/>
                  <SP HEIGHT="42" WIDTH="11" VPOS="1986" HPOS="559"/>
                  <String HEIGHT="42"
                          WIDTH="107"
                          VPOS="1986"
                          HPOS="526"
                          CONTENT="prior."/>
                  <SP HEIGHT="42" WIDTH="11" VPOS="1986" HPOS="634"/>
                  <String HEIGHT="42" WIDTH="54" VPOS="1986" HPOS="602" CONTENT="⁋"/>
                  <SP HEIGHT="42" WIDTH="11" VPOS="1986" HPOS="655"/>
                  <String HEIGHT="42"
                          WIDTH="140"
                          VPOS="1986"
                          HPOS="612"
                          CONTENT="Respondetur"/>
               </TextLine>
               <TextLine ID="r1l141"
                         BASELINE="2054"
                         HEIGHT="39"
                         WIDTH="587"
                         VPOS="2015"
                         HPOS="162">
                  <String HEIGHT="39"
                          WIDTH="87"
                          VPOS="2015"
                          HPOS="151"
                          CONTENT="quod"/>
                  <SP HEIGHT="39" WIDTH="11" VPOS="2015" HPOS="238"/>
                  <String HEIGHT="39" WIDTH="76" VPOS="2015" HPOS="205" CONTENT="hoc"/>
                  <SP HEIGHT="39" WIDTH="11" VPOS="2015" HPOS="282"/>
                  <String HEIGHT="39"
                          WIDTH="120"
                          VPOS="2015"
                          HPOS="249"
                          CONTENT="illatum"/>
                  <SP HEIGHT="39" WIDTH="11" VPOS="2015" HPOS="369"/>
                  <String HEIGHT="39" WIDTH="65" VPOS="2015" HPOS="336" CONTENT="no"/>
                  <SP HEIGHT="39" WIDTH="11" VPOS="2015" HPOS="401"/>
                  <String HEIGHT="39" WIDTH="76" VPOS="2015" HPOS="369" CONTENT="est"/>
                  <SP HEIGHT="39" WIDTH="11" VPOS="2015" HPOS="445"/>
                  <String HEIGHT="39"
                          WIDTH="174"
                          VPOS="2015"
                          HPOS="412"
                          CONTENT="inconueniens"/>
                  <SP HEIGHT="39" WIDTH="11" VPOS="2015" HPOS="586"/>
                  <String HEIGHT="39"
                          WIDTH="87"
                          VPOS="2015"
                          HPOS="553"
                          CONTENT="apud"/>
                  <SP HEIGHT="39" WIDTH="11" VPOS="2015" HPOS="640"/>
                  <String HEIGHT="39" WIDTH="65" VPOS="2015" HPOS="608" CONTENT="me"/>
                  <SP HEIGHT="39" WIDTH="11" VPOS="2015" HPOS="673"/>
                  <String HEIGHT="39" WIDTH="65" VPOS="2015" HPOS="640" CONTENT="vt"/>
                  <SP HEIGHT="39" WIDTH="11" VPOS="2015" HPOS="706"/>
                  <String HEIGHT="39"
                          WIDTH="87"
                          VPOS="2015"
                          HPOS="662"
                          CONTENT="patuit"/>
               </TextLine>
               <TextLine ID="r1l143"
                         BASELINE="2084"
                         HEIGHT="45"
                         WIDTH="599"
                         VPOS="2039"
                         HPOS="154">
                  <String HEIGHT="45"
                          WIDTH="92"
                          VPOS="2039"
                          HPOS="145"
                          CONTENT="supra."/>
                  <SP HEIGHT="45" WIDTH="9" VPOS="2039" HPOS="237"/>
                  <String HEIGHT="45" WIDTH="46" VPOS="2039" HPOS="209" CONTENT="⁋"/>
                  <SP HEIGHT="45" WIDTH="9" VPOS="2039" HPOS="255"/>
                  <String HEIGHT="45" WIDTH="55" VPOS="2039" HPOS="228" CONTENT="Et"/>
                  <SP HEIGHT="45" WIDTH="9" VPOS="2039" HPOS="283"/>
                  <String HEIGHT="45" WIDTH="55" VPOS="2039" HPOS="255" CONTENT="ad"/>
                  <SP HEIGHT="45" WIDTH="9" VPOS="2039" HPOS="311"/>
                  <String HEIGHT="45"
                          WIDTH="147"
                          VPOS="2039"
                          HPOS="283"
                          CONTENT="auctoritates"/>
                  <SP HEIGHT="45" WIDTH="9" VPOS="2039" HPOS="430"/>
                  <String HEIGHT="45"
                          WIDTH="101"
                          VPOS="2039"
                          HPOS="403"
                          CONTENT="dicitur"/>
                  <SP HEIGHT="45" WIDTH="9" VPOS="2039" HPOS="504"/>
                  <String HEIGHT="45"
                          WIDTH="74"
                          VPOS="2039"
                          HPOS="477"
                          CONTENT="quod"/>
                  <SP HEIGHT="45" WIDTH="9" VPOS="2039" HPOS="550"/>
                  <String HEIGHT="45"
                          WIDTH="83"
                          VPOS="2039"
                          HPOS="523"
                          CONTENT="anime"/>
                  <SP HEIGHT="45" WIDTH="9" VPOS="2039" HPOS="606"/>
                  <String HEIGHT="45"
                          WIDTH="101"
                          VPOS="2039"
                          HPOS="578"
                          CONTENT="Christi"/>
                  <SP HEIGHT="45" WIDTH="9" VPOS="2039" HPOS="679"/>
                  <String HEIGHT="45"
                          WIDTH="74"
                          VPOS="2039"
                          HPOS="652"
                          CONTENT="deus"/>
                  <SP HEIGHT="45" WIDTH="9" VPOS="2039" HPOS="725"/>
                  <String HEIGHT="45"
                          WIDTH="65"
                          VPOS="2039"
                          HPOS="688"
                          CONTENT="contu"/>
               </TextLine>
               <TextLine ID="r1l145"
                         BASELINE="2117"
                         HEIGHT="50"
                         WIDTH="585"
                         VPOS="2067"
                         HPOS="163">
                  <String HEIGHT="50" WIDTH="73" VPOS="2067" HPOS="153" CONTENT="lit"/>
                  <SP HEIGHT="50" WIDTH="10" VPOS="2067" HPOS="226"/>
                  <String HEIGHT="50"
                          WIDTH="115"
                          VPOS="2067"
                          HPOS="194"
                          CONTENT="quantum"/>
                  <SP HEIGHT="50" WIDTH="10" VPOS="2067" HPOS="309"/>
                  <String HEIGHT="50"
                          WIDTH="84"
                          VPOS="2067"
                          HPOS="278"
                          CONTENT="dare"/>
                  <SP HEIGHT="50" WIDTH="10" VPOS="2067" HPOS="361"/>
                  <String HEIGHT="50"
                          WIDTH="104"
                          VPOS="2067"
                          HPOS="330"
                          CONTENT="potuit"/>
                  <SP HEIGHT="50" WIDTH="10" VPOS="2067" HPOS="435"/>
                  <String HEIGHT="50"
                          WIDTH="104"
                          VPOS="2067"
                          HPOS="403"
                          CONTENT="illius"/>
                  <SP HEIGHT="50" WIDTH="10" VPOS="2067" HPOS="508"/>
                  <String HEIGHT="50"
                          WIDTH="115"
                          VPOS="2067"
                          HPOS="476"
                          CONTENT="speciei"/>
                  <SP HEIGHT="50" WIDTH="10" VPOS="2067" HPOS="591"/>
                  <String HEIGHT="50"
                          WIDTH="167"
                          VPOS="2067"
                          HPOS="560"
                          CONTENT="beatitudinis"/>
                  <SP HEIGHT="50" WIDTH="10" VPOS="2067" HPOS="727"/>
                  <String HEIGHT="50"
                          WIDTH="63"
                          VPOS="2067"
                          HPOS="685"
                          CONTENT="quan"/>
               </TextLine>
               <TextLine ID="r1l147"
                         BASELINE="2155"
                         HEIGHT="57"
                         WIDTH="593"
                         VPOS="2098"
                         HPOS="160">
                  <String HEIGHT="57"
                          WIDTH="121"
                          VPOS="2098"
                          HPOS="150"
                          CONTENT="contulit"/>
                  <SP HEIGHT="57" WIDTH="10" VPOS="2098" HPOS="271"/>
                  <String HEIGHT="57" WIDTH="60" VPOS="2098" HPOS="240" CONTENT="eo"/>
                  <SP HEIGHT="57" WIDTH="10" VPOS="2098" HPOS="301"/>
                  <String HEIGHT="57"
                          WIDTH="80"
                          VPOS="2098"
                          HPOS="271"
                          CONTENT="quod"/>
                  <SP HEIGHT="57" WIDTH="10" VPOS="2098" HPOS="351"/>
                  <String HEIGHT="57"
                          WIDTH="131"
                          VPOS="2098"
                          HPOS="321"
                          CONTENT="amplioris"/>
                  <SP HEIGHT="57" WIDTH="10" VPOS="2098" HPOS="451"/>
                  <String HEIGHT="57" WIDTH="60" VPOS="2098" HPOS="421" CONTENT="in"/>
                  <SP HEIGHT="57" WIDTH="10" VPOS="2098" HPOS="482"/>
                  <String HEIGHT="57"
                          WIDTH="80"
                          VPOS="2098"
                          HPOS="451"
                          CONTENT="illa"/>
                  <SP HEIGHT="57" WIDTH="10" VPOS="2098" HPOS="532"/>
                  <String HEIGHT="57"
                          WIDTH="101"
                          VPOS="2098"
                          HPOS="502"
                          CONTENT="specie"/>
                  <SP HEIGHT="57" WIDTH="10" VPOS="2098" HPOS="602"/>
                  <String HEIGHT="57" WIDTH="70" VPOS="2098" HPOS="572" CONTENT="non"/>
                  <SP HEIGHT="57" WIDTH="10" VPOS="2098" HPOS="642"/>
                  <String HEIGHT="57"
                          WIDTH="80"
                          VPOS="2098"
                          HPOS="612"
                          CONTENT="fuit"/>
                  <SP HEIGHT="57" WIDTH="10" VPOS="2098" HPOS="693"/>
                  <String HEIGHT="57"
                          WIDTH="90"
                          VPOS="2098"
                          HPOS="663"
                          CONTENT="capax"/>
                  <SP HEIGHT="57" WIDTH="10" VPOS="2098" HPOS="753"/>
                  <String HEIGHT="57" WIDTH="40" VPOS="2098" HPOS="713" CONTENT="na"/>
               </TextLine>
            </TextBlock>
            <TextBlock ID="TextRegion_1611932856295_202"
                       HEIGHT="1931"
                       WIDTH="624"
                       VPOS="253"
                       HPOS="783">
               <Shape>
                  <Polygon POINTS="783,253 1407,253 1407,273 1388,1447 1381,2184 783,2184"/>
               </Shape>
               <TextLine ID="r1l4"
                         BASELINE="317"
                         HEIGHT="58"
                         WIDTH="594"
                         VPOS="259"
                         HPOS="806">
                  <String HEIGHT="58"
                          WIDTH="127"
                          VPOS="259"
                          HPOS="796"
                          CONTENT="turaliter"/>
                  <SP HEIGHT="58" WIDTH="10" VPOS="259" HPOS="923"/>
                  <String HEIGHT="58" WIDTH="78" VPOS="259" HPOS="894" CONTENT="fine"/>
                  <SP HEIGHT="58" WIDTH="10" VPOS="259" HPOS="972"/>
                  <String HEIGHT="58"
                          WIDTH="117"
                          VPOS="259"
                          HPOS="942"
                          CONTENT="miraculo"/>
                  <SP HEIGHT="58" WIDTH="10" VPOS="259" HPOS="1059"/>
                  <String HEIGHT="58"
                          WIDTH="127"
                          VPOS="259"
                          HPOS="1030"
                          CONTENT="speciali."/>
                  <SP HEIGHT="58" WIDTH="10" VPOS="259" HPOS="1157"/>
                  <String HEIGHT="58" WIDTH="49" VPOS="259" HPOS="1127" CONTENT="⁋"/>
                  <SP HEIGHT="58" WIDTH="10" VPOS="259" HPOS="1176"/>
                  <String HEIGHT="58" WIDTH="58" VPOS="259" HPOS="1147" CONTENT="Ad"/>
                  <SP HEIGHT="58" WIDTH="10" VPOS="259" HPOS="1205"/>
                  <String HEIGHT="58"
                          WIDTH="107"
                          VPOS="259"
                          HPOS="1176"
                          CONTENT="tertium"/>
                  <SP HEIGHT="58" WIDTH="10" VPOS="259" HPOS="1283"/>
                  <String HEIGHT="58"
                          WIDTH="88"
                          VPOS="259"
                          HPOS="1254"
                          CONTENT="patet"/>
                  <SP HEIGHT="58" WIDTH="10" VPOS="259" HPOS="1342"/>
                  <String HEIGHT="58"
                          WIDTH="97"
                          VPOS="259"
                          HPOS="1303"
                          CONTENT="secundum"/>
               </TextLine>
               <TextLine ID="r1l6"
                         BASELINE="349"
                         HEIGHT="45"
                         WIDTH="597"
                         VPOS="304"
                         HPOS="810">
                  <String HEIGHT="45"
                          WIDTH="122"
                          VPOS="304"
                          HPOS="799"
                          CONTENT="tertiam"/>
                  <SP HEIGHT="45" WIDTH="11" VPOS="304" HPOS="921"/>
                  <String HEIGHT="45" WIDTH="88" VPOS="304" HPOS="887" CONTENT="viam"/>
                  <SP HEIGHT="45" WIDTH="11" VPOS="304" HPOS="976"/>
                  <String HEIGHT="45"
                          WIDTH="144"
                          VPOS="304"
                          HPOS="943"
                          CONTENT="pretactam"/>
                  <SP HEIGHT="45" WIDTH="11" VPOS="304" HPOS="1086"/>
                  <String HEIGHT="45"
                          WIDTH="88"
                          VPOS="304"
                          HPOS="1053"
                          CONTENT="quid"/>
                  <SP HEIGHT="45" WIDTH="11" VPOS="304" HPOS="1142"/>
                  <String HEIGHT="45" WIDTH="77" VPOS="304" HPOS="1109" CONTENT="sit"/>
                  <SP HEIGHT="45" WIDTH="11" VPOS="304" HPOS="1186"/>
                  <String HEIGHT="45"
                          WIDTH="133"
                          VPOS="304"
                          HPOS="1153"
                          CONTENT="dicendum"/>
                  <SP HEIGHT="45" WIDTH="11" VPOS="304" HPOS="1285"/>
                  <String HEIGHT="45"
                          WIDTH="88"
                          VPOS="304"
                          HPOS="1252"
                          CONTENT="quia"/>
                  <SP HEIGHT="45" WIDTH="11" VPOS="304" HPOS="1341"/>
                  <String HEIGHT="45"
                          WIDTH="111"
                          VPOS="304"
                          HPOS="1296"
                          CONTENT="procedit"/>
               </TextLine>
               <TextLine ID="r1l9"
                         BASELINE="378"
                         HEIGHT="46"
                         WIDTH="593"
                         VPOS="332"
                         HPOS="804">
                  <String HEIGHT="46" WIDTH="74" VPOS="332" HPOS="792" CONTENT="de"/>
                  <SP HEIGHT="46" WIDTH="12" VPOS="332" HPOS="866"/>
                  <String HEIGHT="46" WIDTH="99" VPOS="332" HPOS="829" CONTENT="actu"/>
                  <SP HEIGHT="46" WIDTH="12" VPOS="332" HPOS="928"/>
                  <String HEIGHT="46"
                          WIDTH="161"
                          VPOS="332"
                          HPOS="890"
                          CONTENT="beatifico"/>
                  <SP HEIGHT="46" WIDTH="12" VPOS="332" HPOS="1051"/>
                  <String HEIGHT="46"
                          WIDTH="148"
                          VPOS="332"
                          HPOS="1014"
                          CONTENT="audabili"/>
                  <SP HEIGHT="46" WIDTH="12" VPOS="332" HPOS="1162"/>
                  <String HEIGHT="46" WIDTH="62" VPOS="332" HPOS="1125" CONTENT="a"/>
                  <SP HEIGHT="46" WIDTH="12" VPOS="332" HPOS="1187"/>
                  <String HEIGHT="46"
                          WIDTH="99"
                          VPOS="332"
                          HPOS="1150"
                          CONTENT="solo"/>
                  <SP HEIGHT="46" WIDTH="12" VPOS="332" HPOS="1249"/>
                  <String HEIGHT="46"
                          WIDTH="99"
                          VPOS="332"
                          HPOS="1212"
                          CONTENT="deo."/>
                  <SP HEIGHT="46" WIDTH="12" VPOS="332" HPOS="1311"/>
                  <String HEIGHT="46" WIDTH="62" VPOS="332" HPOS="1273" CONTENT="⁋"/>
                  <SP HEIGHT="46" WIDTH="12" VPOS="332" HPOS="1335"/>
                  <String HEIGHT="46" WIDTH="74" VPOS="332" HPOS="1298" CONTENT="Ad"/>
                  <SP HEIGHT="46" WIDTH="12" VPOS="332" HPOS="1372"/>
                  <String HEIGHT="46"
                          WIDTH="74"
                          VPOS="332"
                          HPOS="1323"
                          CONTENT="quar"/>
               </TextLine>
               <TextLine ID="r1l12"
                         BASELINE="405"
                         HEIGHT="45"
                         WIDTH="593"
                         VPOS="360"
                         HPOS="809">
                  <String HEIGHT="45" WIDTH="77" VPOS="360" HPOS="798" CONTENT="tum"/>
                  <SP HEIGHT="45" WIDTH="11" VPOS="360" HPOS="875"/>
                  <String HEIGHT="45"
                          WIDTH="99"
                          VPOS="360"
                          HPOS="842"
                          CONTENT="iuxta"/>
                  <SP HEIGHT="45" WIDTH="11" VPOS="360" HPOS="941"/>
                  <String HEIGHT="45"
                          WIDTH="132"
                          VPOS="360"
                          HPOS="908"
                          CONTENT="secundam"/>
                  <SP HEIGHT="45" WIDTH="11" VPOS="360" HPOS="1040"/>
                  <String HEIGHT="45"
                          WIDTH="88"
                          VPOS="360"
                          HPOS="1007"
                          CONTENT="viam"/>
                  <SP HEIGHT="45" WIDTH="11" VPOS="360" HPOS="1095"/>
                  <String HEIGHT="45"
                          WIDTH="110"
                          VPOS="360"
                          HPOS="1062"
                          CONTENT="teneri"/>
                  <SP HEIGHT="45" WIDTH="11" VPOS="360" HPOS="1171"/>
                  <String HEIGHT="45"
                          WIDTH="99"
                          VPOS="360"
                          HPOS="1138"
                          CONTENT="debet"/>
                  <SP HEIGHT="45" WIDTH="11" VPOS="360" HPOS="1237"/>
                  <String HEIGHT="45"
                          WIDTH="88"
                          VPOS="360"
                          HPOS="1204"
                          CONTENT="quod"/>
                  <SP HEIGHT="45" WIDTH="11" VPOS="360" HPOS="1292"/>
                  <String HEIGHT="45"
                          WIDTH="88"
                          VPOS="360"
                          HPOS="1259"
                          CONTENT="illa"/>
                  <SP HEIGHT="45" WIDTH="11" VPOS="360" HPOS="1347"/>
                  <String HEIGHT="45"
                          WIDTH="99"
                          VPOS="360"
                          HPOS="1303"
                          CONTENT="fruitio"/>
               </TextLine>
               <TextLine ID="r1l15"
                         BASELINE="435"
                         HEIGHT="44"
                         WIDTH="588"
                         VPOS="391"
                         HPOS="810">
                  <String HEIGHT="44" WIDTH="74" VPOS="391" HPOS="800" CONTENT="est"/>
                  <SP HEIGHT="44" WIDTH="11" VPOS="391" HPOS="873"/>
                  <String HEIGHT="44"
                          WIDTH="137"
                          VPOS="391"
                          HPOS="842"
                          CONTENT="beatifica"/>
                  <SP HEIGHT="44" WIDTH="11" VPOS="391" HPOS="978"/>
                  <String HEIGHT="44"
                          WIDTH="158"
                          VPOS="391"
                          HPOS="947"
                          CONTENT="simpliciter"/>
                  <SP HEIGHT="44" WIDTH="11" VPOS="391" HPOS="1104"/>
                  <String HEIGHT="44" WIDTH="74" VPOS="391" HPOS="1073" CONTENT="sed"/>
                  <SP HEIGHT="44" WIDTH="11" VPOS="391" HPOS="1146"/>
                  <String HEIGHT="44"
                          WIDTH="95"
                          VPOS="391"
                          HPOS="1115"
                          CONTENT="iuxta"/>
                  <SP HEIGHT="44" WIDTH="11" VPOS="391" HPOS="1209"/>
                  <String HEIGHT="44"
                          WIDTH="116"
                          VPOS="391"
                          HPOS="1178"
                          CONTENT="tertiam"/>
                  <SP HEIGHT="44" WIDTH="11" VPOS="391" HPOS="1293"/>
                  <String HEIGHT="44"
                          WIDTH="84"
                          VPOS="391"
                          HPOS="1262"
                          CONTENT="quod"/>
                  <SP HEIGHT="44" WIDTH="11" VPOS="391" HPOS="1346"/>
                  <String HEIGHT="44" WIDTH="74" VPOS="391" HPOS="1314" CONTENT="est"/>
                  <SP HEIGHT="44" WIDTH="11" VPOS="391" HPOS="1388"/>
                  <String HEIGHT="44" WIDTH="53" VPOS="391" HPOS="1346" CONTENT="bea"/>
               </TextLine>
               <TextLine ID="r1l18"
                         BASELINE="461"
                         HEIGHT="43"
                         WIDTH="595"
                         VPOS="418"
                         HPOS="806">
                  <String HEIGHT="43"
                          WIDTH="106"
                          VPOS="418"
                          HPOS="795"
                          CONTENT="tifica"/>
                  <SP HEIGHT="43" WIDTH="11" VPOS="418" HPOS="902"/>
                  <String HEIGHT="43"
                          WIDTH="128"
                          VPOS="418"
                          HPOS="870"
                          CONTENT="secundum"/>
                  <SP HEIGHT="43" WIDTH="11" VPOS="418" HPOS="997"/>
                  <String HEIGHT="43" WIDTH="85" VPOS="418" HPOS="965" CONTENT="quid"/>
                  <SP HEIGHT="43" WIDTH="11" VPOS="418" HPOS="1050"/>
                  <String HEIGHT="43" WIDTH="64" VPOS="418" HPOS="1019" CONTENT="et"/>
                  <SP HEIGHT="43" WIDTH="11" VPOS="418" HPOS="1082"/>
                  <String HEIGHT="43"
                          WIDTH="96"
                          VPOS="418"
                          HPOS="1050"
                          CONTENT="longe"/>
                  <SP HEIGHT="43" WIDTH="11" VPOS="418" HPOS="1146"/>
                  <String HEIGHT="43"
                          WIDTH="128"
                          VPOS="418"
                          HPOS="1114"
                          CONTENT="inferior"/>
                  <SP HEIGHT="43" WIDTH="11" VPOS="418" HPOS="1242"/>
                  <String HEIGHT="43"
                          WIDTH="85"
                          VPOS="418"
                          HPOS="1210"
                          CONTENT="illa"/>
                  <SP HEIGHT="43" WIDTH="11" VPOS="418" HPOS="1295"/>
                  <String HEIGHT="43" WIDTH="74" VPOS="418" HPOS="1263" CONTENT="que"/>
                  <SP HEIGHT="43" WIDTH="11" VPOS="418" HPOS="1337"/>
                  <String HEIGHT="43" WIDTH="74" VPOS="418" HPOS="1305" CONTENT="est"/>
                  <SP HEIGHT="43" WIDTH="11" VPOS="418" HPOS="1380"/>
                  <String HEIGHT="43"
                          WIDTH="64"
                          VPOS="418"
                          HPOS="1337"
                          CONTENT="sim"
                          SUBS_TYPE="HypPart1"
                          SUBS_CONTENT="simpliciter"/>
                  <HYP CONTENT="-"/>
               </TextLine>
               <TextLine ID="r1l21"
                         BASELINE="481"
                         HEIGHT="35"
                         WIDTH="593"
                         VPOS="446"
                         HPOS="809">
                  <String HEIGHT="35"
                          WIDTH="129"
                          VPOS="446"
                          HPOS="798"
                          CONTENT="pliciter"
                          SUBS_TYPE="HypPart2"
                          SUBS_CONTENT="simpliciter"/>
                  <SP HEIGHT="35" WIDTH="11" VPOS="446" HPOS="928"/>
                  <String HEIGHT="35" WIDTH="65" VPOS="446" HPOS="895" CONTENT="et"/>
                  <SP HEIGHT="35" WIDTH="11" VPOS="446" HPOS="960"/>
                  <String HEIGHT="35"
                          WIDTH="205"
                          VPOS="446"
                          HPOS="928"
                          CONTENT="prorincipaliter"/>
                  <SP HEIGHT="35" WIDTH="11" VPOS="446" HPOS="1132"/>
                  <String HEIGHT="35"
                          WIDTH="151"
                          VPOS="446"
                          HPOS="1100"
                          CONTENT="beatifica."/>
                  <SP HEIGHT="35" WIDTH="11" VPOS="446" HPOS="1251"/>
                  <String HEIGHT="35" WIDTH="54" VPOS="446" HPOS="1219" CONTENT="⁋"/>
                  <SP HEIGHT="35" WIDTH="11" VPOS="446" HPOS="1273"/>
                  <String HEIGHT="35" WIDTH="65" VPOS="446" HPOS="1240" CONTENT="Et"/>
                  <SP HEIGHT="35" WIDTH="11" VPOS="446" HPOS="1305"/>
                  <String HEIGHT="35"
                          WIDTH="119"
                          VPOS="446"
                          HPOS="1273"
                          CONTENT="concedi"/>
                  <SP HEIGHT="35" WIDTH="11" VPOS="446" HPOS="1391"/>
                  <String HEIGHT="35"
                          WIDTH="54"
                          VPOS="446"
                          HPOS="1348"
                          CONTENT="po"
                          SUBS_TYPE="HypPart1"
                          SUBS_CONTENT="potest"/>
                  <HYP CONTENT="-"/>
               </TextLine>
               <TextLine ID="r1l24"
                         BASELINE="517"
                         HEIGHT="41"
                         WIDTH="593"
                         VPOS="476"
                         HPOS="805">
                  <String HEIGHT="41"
                          WIDTH="85"
                          VPOS="476"
                          HPOS="794"
                          CONTENT="test"
                          SUBS_TYPE="HypPart2"
                          SUBS_CONTENT="potest"/>
                  <SP HEIGHT="41" WIDTH="11" VPOS="476" HPOS="879"/>
                  <String HEIGHT="41" WIDTH="85" VPOS="476" HPOS="847" CONTENT="quod"/>
                  <SP HEIGHT="41" WIDTH="11" VPOS="476" HPOS="932"/>
                  <String HEIGHT="41" WIDTH="74" VPOS="476" HPOS="900" CONTENT="due"/>
                  <SP HEIGHT="41" WIDTH="11" VPOS="476" HPOS="974"/>
                  <String HEIGHT="41"
                          WIDTH="148"
                          VPOS="476"
                          HPOS="943"
                          CONTENT="fruitiones"/>
                  <SP HEIGHT="41" WIDTH="11" VPOS="476" HPOS="1091"/>
                  <String HEIGHT="41"
                          WIDTH="169"
                          VPOS="476"
                          HPOS="1059"
                          CONTENT="compatiuntur"/>
                  <SP HEIGHT="41" WIDTH="11" VPOS="476" HPOS="1229"/>
                  <String HEIGHT="41" WIDTH="64" VPOS="476" HPOS="1197" CONTENT="se"/>
                  <SP HEIGHT="41" WIDTH="11" VPOS="476" HPOS="1260"/>
                  <String HEIGHT="41"
                          WIDTH="95"
                          VPOS="476"
                          HPOS="1229"
                          CONTENT="sicut"/>
                  <SP HEIGHT="41" WIDTH="11" VPOS="476" HPOS="1324"/>
                  <String HEIGHT="41" WIDTH="64" VPOS="476" HPOS="1292" CONTENT="et"/>
                  <SP HEIGHT="41" WIDTH="11" VPOS="476" HPOS="1356"/>
                  <String HEIGHT="41" WIDTH="74" VPOS="476" HPOS="1324" CONTENT="due"/>
                  <SP HEIGHT="41" WIDTH="11" VPOS="476" HPOS="1398"/>
                  <String HEIGHT="41" WIDTH="42" VPOS="476" HPOS="1356" CONTENT="vi"/>
               </TextLine>
               <TextLine ID="r1l26"
                         BASELINE="545"
                         HEIGHT="41"
                         WIDTH="605"
                         VPOS="504"
                         HPOS="798">
                  <String HEIGHT="41"
                          WIDTH="123"
                          VPOS="504"
                          HPOS="786"
                          CONTENT="siones"/>
                  <SP HEIGHT="41" WIDTH="12" VPOS="504" HPOS="909"/>
                  <String HEIGHT="41"
                          WIDTH="136"
                          VPOS="504"
                          HPOS="872"
                          CONTENT="eiusdem"/>
                  <SP HEIGHT="41" WIDTH="12" VPOS="504" HPOS="1008"/>
                  <String HEIGHT="41" WIDTH="86" VPOS="504" HPOS="971" CONTENT="rei"/>
                  <SP HEIGHT="41" WIDTH="12" VPOS="504" HPOS="1057"/>
                  <String HEIGHT="41" WIDTH="86" VPOS="504" HPOS="1020" CONTENT="vna"/>
                  <SP HEIGHT="41" WIDTH="12" VPOS="504" HPOS="1107"/>
                  <String HEIGHT="41" WIDTH="74" VPOS="504" HPOS="1070" CONTENT="in"/>
                  <SP HEIGHT="41" WIDTH="12" VPOS="504" HPOS="1144"/>
                  <String HEIGHT="41"
                          WIDTH="111"
                          VPOS="504"
                          HPOS="1107"
                          CONTENT="verbo"/>
                  <SP HEIGHT="41" WIDTH="12" VPOS="504" HPOS="1218"/>
                  <String HEIGHT="41" WIDTH="74" VPOS="504" HPOS="1181" CONTENT="et"/>
                  <SP HEIGHT="41" WIDTH="12" VPOS="504" HPOS="1255"/>
                  <String HEIGHT="41"
                          WIDTH="99"
                          VPOS="504"
                          HPOS="1218"
                          CONTENT="alia"/>
                  <SP HEIGHT="41" WIDTH="12" VPOS="504" HPOS="1317"/>
                  <String HEIGHT="41" WIDTH="74" VPOS="504" HPOS="1280" CONTENT="in"/>
                  <SP HEIGHT="41" WIDTH="12" VPOS="504" HPOS="1354"/>
                  <String HEIGHT="41"
                          WIDTH="99"
                          VPOS="504"
                          HPOS="1304"
                          CONTENT="genere"/>
               </TextLine>
               <TextLine ID="r1l28"
                         BASELINE="570"
                         HEIGHT="38"
                         WIDTH="593"
                         VPOS="532"
                         HPOS="805">
                  <String HEIGHT="38"
                          WIDTH="137"
                          VPOS="532"
                          HPOS="794"
                          CONTENT="proprio."/>
                  <SP HEIGHT="38" WIDTH="11" VPOS="532" HPOS="930"/>
                  <String HEIGHT="38" WIDTH="57" VPOS="532" HPOS="896" CONTENT="⁋"/>
                  <SP HEIGHT="38" WIDTH="11" VPOS="532" HPOS="953"/>
                  <String HEIGHT="38" WIDTH="68" VPOS="532" HPOS="919" CONTENT="Ad"/>
                  <SP HEIGHT="38" WIDTH="11" VPOS="532" HPOS="987"/>
                  <String HEIGHT="38"
                          WIDTH="125"
                          VPOS="532"
                          HPOS="953"
                          CONTENT="quintum"/>
                  <SP HEIGHT="38" WIDTH="11" VPOS="532" HPOS="1079"/>
                  <String HEIGHT="38"
                          WIDTH="91"
                          VPOS="532"
                          HPOS="1044"
                          CONTENT="quod"/>
                  <SP HEIGHT="38" WIDTH="11" VPOS="532" HPOS="1136"/>
                  <String HEIGHT="38"
                          WIDTH="103"
                          VPOS="532"
                          HPOS="1102"
                          CONTENT="bonum"/>
                  <SP HEIGHT="38" WIDTH="11" VPOS="532" HPOS="1204"/>
                  <String HEIGHT="38" WIDTH="80" VPOS="532" HPOS="1170" CONTENT="est"/>
                  <SP HEIGHT="38" WIDTH="11" VPOS="532" HPOS="1250"/>
                  <String HEIGHT="38" WIDTH="68" VPOS="532" HPOS="1216" CONTENT="et"/>
                  <SP HEIGHT="38" WIDTH="11" VPOS="532" HPOS="1284"/>
                  <String HEIGHT="38"
                          WIDTH="148"
                          VPOS="532"
                          HPOS="1250"
                          CONTENT="difficile"/>
                  <SP HEIGHT="38" WIDTH="11" VPOS="532" HPOS="1398"/>
                  <String HEIGHT="38" WIDTH="46" VPOS="532" HPOS="1352" CONTENT="re"/>
               </TextLine>
               <TextLine ID="r1l30"
                         BASELINE="594"
                         HEIGHT="33"
                         WIDTH="594"
                         VPOS="561"
                         HPOS="800">
                  <String HEIGHT="33"
                          WIDTH="140"
                          VPOS="561"
                          HPOS="788"
                          CONTENT="sponderi"/>
                  <SP HEIGHT="33" WIDTH="12" VPOS="561" HPOS="928"/>
                  <String HEIGHT="33"
                          WIDTH="116"
                          VPOS="561"
                          HPOS="893"
                          CONTENT="potest"/>
                  <SP HEIGHT="33" WIDTH="12" VPOS="561" HPOS="1010"/>
                  <String HEIGHT="33"
                          WIDTH="198"
                          VPOS="561"
                          HPOS="975"
                          CONTENT="multipliciter"/>
                  <SP HEIGHT="33" WIDTH="12" VPOS="561" HPOS="1173"/>
                  <String HEIGHT="33" WIDTH="82" VPOS="561" HPOS="1138" CONTENT="vno"/>
                  <SP HEIGHT="33" WIDTH="12" VPOS="561" HPOS="1219"/>
                  <String HEIGHT="33"
                          WIDTH="93"
                          VPOS="561"
                          HPOS="1184"
                          CONTENT="modo"/>
                  <SP HEIGHT="33" WIDTH="12" VPOS="561" HPOS="1278"/>
                  <String HEIGHT="33"
                          WIDTH="93"
                          VPOS="561"
                          HPOS="1243"
                          CONTENT="quod"/>
                  <SP HEIGHT="33" WIDTH="12" VPOS="561" HPOS="1336"/>
                  <String HEIGHT="33" WIDTH="82" VPOS="561" HPOS="1301" CONTENT="non"/>
                  <SP HEIGHT="33" WIDTH="12" VPOS="561" HPOS="1382"/>
                  <String HEIGHT="33"
                          WIDTH="58"
                          VPOS="561"
                          HPOS="1336"
                          CONTENT="te"
                          SUBS_TYPE="HypPart1"
                          SUBS_CONTENT="tenet"/>
                  <HYP CONTENT="-"/>
               </TextLine>
               <TextLine ID="r1l32"
                         BASELINE="625"
                         HEIGHT="35"
                         WIDTH="592"
                         VPOS="590"
                         HPOS="800">
                  <String HEIGHT="35"
                          WIDTH="80"
                          VPOS="590"
                          HPOS="789"
                          CONTENT="net"
                          SUBS_TYPE="HypPart2"
                          SUBS_CONTENT="tenet"/>
                  <SP HEIGHT="35" WIDTH="11" VPOS="590" HPOS="868"/>
                  <String HEIGHT="35"
                          WIDTH="182"
                          VPOS="590"
                          HPOS="834"
                          CONTENT="consequentia"/>
                  <SP HEIGHT="35" WIDTH="11" VPOS="590" HPOS="1016"/>
                  <String HEIGHT="35" WIDTH="91" VPOS="590" HPOS="982" CONTENT="quia"/>
                  <SP HEIGHT="35" WIDTH="11" VPOS="590" HPOS="1073"/>
                  <String HEIGHT="35"
                          WIDTH="102"
                          VPOS="590"
                          HPOS="1039"
                          CONTENT="visio"/>
                  <SP HEIGHT="35" WIDTH="11" VPOS="590" HPOS="1142"/>
                  <String HEIGHT="35" WIDTH="80" VPOS="590" HPOS="1107" CONTENT="dei"/>
                  <SP HEIGHT="35" WIDTH="11" VPOS="590" HPOS="1187"/>
                  <String HEIGHT="35"
                          WIDTH="137"
                          VPOS="590"
                          HPOS="1153"
                          CONTENT="causatur"/>
                  <SP HEIGHT="35" WIDTH="11" VPOS="590" HPOS="1290"/>
                  <String HEIGHT="35" WIDTH="80" VPOS="590" HPOS="1255" CONTENT="non"/>
                  <SP HEIGHT="35" WIDTH="11" VPOS="590" HPOS="1335"/>
                  <String HEIGHT="35"
                          WIDTH="102"
                          VPOS="590"
                          HPOS="1290"
                          CONTENT="natura"
                          SUBS_TYPE="HypPart1"
                          SUBS_CONTENT="naturaliter"/>
                  <HYP CONTENT="-"/>
               </TextLine>
               <TextLine ID="r1l34"
                         BASELINE="653"
                         HEIGHT="40"
                         WIDTH="586"
                         VPOS="613"
                         HPOS="804">
                  <String HEIGHT="40"
                          WIDTH="103"
                          VPOS="613"
                          HPOS="793"
                          CONTENT="liter"
                          SUBS_TYPE="HypPart2"
                          SUBS_CONTENT="naturaliter"/>
                  <SP HEIGHT="40" WIDTH="11" VPOS="613" HPOS="896"/>
                  <String HEIGHT="40" WIDTH="80" VPOS="613" HPOS="861" CONTENT="nec"/>
                  <SP HEIGHT="40" WIDTH="11" VPOS="613" HPOS="942"/>
                  <String HEIGHT="40" WIDTH="57" VPOS="613" HPOS="907" CONTENT="a"/>
                  <SP HEIGHT="40" WIDTH="11" VPOS="613" HPOS="965"/>
                  <String HEIGHT="40"
                          WIDTH="138"
                          VPOS="613"
                          HPOS="930"
                          CONTENT="creatura"/>
                  <SP HEIGHT="40" WIDTH="11" VPOS="613" HPOS="1068"/>
                  <String HEIGHT="40" WIDTH="80" VPOS="613" HPOS="1034" CONTENT="sed"/>
                  <SP HEIGHT="40" WIDTH="11" VPOS="613" HPOS="1114"/>
                  <String HEIGHT="40" WIDTH="57" VPOS="613" HPOS="1080" CONTENT="a"/>
                  <SP HEIGHT="40" WIDTH="11" VPOS="613" HPOS="1137"/>
                  <String HEIGHT="40"
                          WIDTH="92"
                          VPOS="613"
                          HPOS="1103"
                          CONTENT="solo"/>
                  <SP HEIGHT="40" WIDTH="11" VPOS="613" HPOS="1195"/>
                  <String HEIGHT="40" WIDTH="80" VPOS="613" HPOS="1160" CONTENT="deo"/>
                  <SP HEIGHT="40" WIDTH="11" VPOS="613" HPOS="1241"/>
                  <String HEIGHT="40" WIDTH="80" VPOS="613" HPOS="1206" CONTENT="qui"/>
                  <SP HEIGHT="40" WIDTH="11" VPOS="613" HPOS="1287"/>
                  <String HEIGHT="40" WIDTH="80" VPOS="613" HPOS="1252" CONTENT="non"/>
                  <SP HEIGHT="40" WIDTH="11" VPOS="613" HPOS="1333"/>
                  <String HEIGHT="40" WIDTH="80" VPOS="613" HPOS="1298" CONTENT="dat"/>
                  <SP HEIGHT="40" WIDTH="11" VPOS="613" HPOS="1379"/>
                  <String HEIGHT="40"
                          WIDTH="57"
                          VPOS="613"
                          HPOS="1333"
                          CONTENT="vi"
                          SUBS_TYPE="HypPart1"
                          SUBS_CONTENT="visionem"/>
                  <HYP CONTENT="-"/>
               </TextLine>
               <TextLine ID="r1l36"
                         BASELINE="684"
                         HEIGHT="41"
                         WIDTH="597"
                         VPOS="643"
                         HPOS="800">
                  <String HEIGHT="41"
                          WIDTH="133"
                          VPOS="643"
                          HPOS="787"
                          CONTENT="sionem"
                          SUBS_TYPE="HypPart2"
                          SUBS_CONTENT="visionem"/>
                  <SP HEIGHT="41" WIDTH="13" VPOS="643" HPOS="919"/>
                  <String HEIGHT="41"
                          WIDTH="159"
                          VPOS="643"
                          HPOS="880"
                          CONTENT="secundum"/>
                  <SP HEIGHT="41" WIDTH="13" VPOS="643" HPOS="1039"/>
                  <String HEIGHT="41"
                          WIDTH="172"
                          VPOS="643"
                          HPOS="999"
                          CONTENT="bonitatem"/>
                  <SP HEIGHT="41" WIDTH="13" VPOS="643" HPOS="1171"/>
                  <String HEIGHT="41"
                          WIDTH="133"
                          VPOS="643"
                          HPOS="1132"
                          CONTENT="nature"/>
                  <SP HEIGHT="41" WIDTH="13" VPOS="643" HPOS="1264"/>
                  <String HEIGHT="41"
                          WIDTH="186"
                          VPOS="643"
                          HPOS="1211"
                          CONTENT="beatificabi"
                          SUBS_TYPE="HypPart1"
                          SUBS_CONTENT="beatificabilis"/>
                  <HYP CONTENT="-"/>
               </TextLine>
               <TextLine ID="r1l38"
                         BASELINE="713"
                         HEIGHT="45"
                         WIDTH="594"
                         VPOS="668"
                         HPOS="795">
                  <String HEIGHT="45"
                          WIDTH="88"
                          VPOS="668"
                          HPOS="782"
                          CONTENT="lis"
                          SUBS_TYPE="HypPart2"
                          SUBS_CONTENT="beatificabilis"/>
                  <SP HEIGHT="45" WIDTH="13" VPOS="668" HPOS="871"/>
                  <String HEIGHT="45" WIDTH="88" VPOS="668" HPOS="833" CONTENT="sed"/>
                  <SP HEIGHT="45" WIDTH="13" VPOS="668" HPOS="921"/>
                  <String HEIGHT="45"
                          WIDTH="152"
                          VPOS="668"
                          HPOS="883"
                          CONTENT="secundum"/>
                  <SP HEIGHT="45" WIDTH="13" VPOS="668" HPOS="1035"/>
                  <String HEIGHT="45"
                          WIDTH="177"
                          VPOS="668"
                          HPOS="997"
                          CONTENT="exigentiam"/>
                  <SP HEIGHT="45" WIDTH="13" VPOS="668" HPOS="1174"/>
                  <String HEIGHT="45"
                          WIDTH="164"
                          VPOS="668"
                          HPOS="1136"
                          CONTENT="meritorum"/>
                  <SP HEIGHT="45" WIDTH="13" VPOS="668" HPOS="1301"/>
                  <String HEIGHT="45" WIDTH="76" VPOS="668" HPOS="1263" CONTENT="et"/>
                  <SP HEIGHT="45" WIDTH="13" VPOS="668" HPOS="1338"/>
                  <String HEIGHT="45"
                          WIDTH="101"
                          VPOS="668"
                          HPOS="1288"
                          CONTENT="gratie"/>
               </TextLine>
               <TextLine ID="r1l40"
                         BASELINE="736"
                         HEIGHT="38"
                         WIDTH="592"
                         VPOS="698"
                         HPOS="798">
                  <String HEIGHT="38" WIDTH="70" VPOS="698" HPOS="786" CONTENT="in"/>
                  <SP HEIGHT="38" WIDTH="12" VPOS="698" HPOS="856"/>
                  <String HEIGHT="38" WIDTH="81" VPOS="698" HPOS="821" CONTENT="via"/>
                  <SP HEIGHT="38" WIDTH="12" VPOS="698" HPOS="902"/>
                  <String HEIGHT="38"
                          WIDTH="128"
                          VPOS="698"
                          HPOS="868"
                          CONTENT="collate"/>
                  <SP HEIGHT="38" WIDTH="12" VPOS="698" HPOS="995"/>
                  <String HEIGHT="38" WIDTH="70" VPOS="698" HPOS="961" CONTENT="et"/>
                  <SP HEIGHT="38" WIDTH="12" VPOS="698" HPOS="1030"/>
                  <String HEIGHT="38" WIDTH="93" VPOS="698" HPOS="995" CONTENT="ideo"/>
                  <SP HEIGHT="38" WIDTH="12" VPOS="698" HPOS="1088"/>
                  <String HEIGHT="38"
                          WIDTH="93"
                          VPOS="698"
                          HPOS="1053"
                          CONTENT="quia"/>
                  <SP HEIGHT="38" WIDTH="12" VPOS="698" HPOS="1146"/>
                  <String HEIGHT="38"
                          WIDTH="128"
                          VPOS="698"
                          HPOS="1111"
                          CONTENT="fruitio"/>
                  <SP HEIGHT="38" WIDTH="12" VPOS="698" HPOS="1239"/>
                  <String HEIGHT="38"
                          WIDTH="174"
                          VPOS="698"
                          HPOS="1204"
                          CONTENT="naturaliter"/>
                  <SP HEIGHT="38" WIDTH="12" VPOS="698" HPOS="1378"/>
                  <String HEIGHT="38" WIDTH="58" VPOS="698" HPOS="1332" CONTENT="cau"/>
               </TextLine>
               <TextLine ID="r1l42"
                         BASELINE="768"
                         HEIGHT="42"
                         WIDTH="588"
                         VPOS="726"
                         HPOS="800">
                  <String HEIGHT="42"
                          WIDTH="118"
                          VPOS="726"
                          HPOS="788"
                          CONTENT="satura"/>
                  <SP HEIGHT="42" WIDTH="12" VPOS="726" HPOS="906"/>
                  <String HEIGHT="42"
                          WIDTH="153"
                          VPOS="726"
                          HPOS="871"
                          CONTENT="voluntate"/>
                  <SP HEIGHT="42" WIDTH="12" VPOS="726" HPOS="1023"/>
                  <String HEIGHT="42" WIDTH="82" VPOS="726" HPOS="988" CONTENT="vel"/>
                  <SP HEIGHT="42" WIDTH="12" VPOS="726" HPOS="1070"/>
                  <String HEIGHT="42"
                          WIDTH="165"
                          VPOS="726"
                          HPOS="1035"
                          CONTENT="cognitione"/>
                  <SP HEIGHT="42" WIDTH="12" VPOS="726" HPOS="1200"/>
                  <String HEIGHT="42"
                          WIDTH="118"
                          VPOS="726"
                          HPOS="1165"
                          CONTENT="visiua"/>
                  <SP HEIGHT="42" WIDTH="12" VPOS="726" HPOS="1282"/>
                  <String HEIGHT="42"
                          WIDTH="106"
                          VPOS="726"
                          HPOS="1247"
                          CONTENT="simul"/>
                  <SP HEIGHT="42" WIDTH="12" VPOS="726" HPOS="1353"/>
                  <String HEIGHT="42"
                          WIDTH="82"
                          VPOS="726"
                          HPOS="1306"
                          CONTENT="secun"/>
               </TextLine>
               <TextLine ID="r1l44"
                         BASELINE="795"
                         HEIGHT="43"
                         WIDTH="586"
                         VPOS="752"
                         HPOS="803">
                  <String HEIGHT="43" WIDTH="80" VPOS="752" HPOS="792" CONTENT="dum"/>
                  <SP HEIGHT="43" WIDTH="11" VPOS="752" HPOS="872"/>
                  <String HEIGHT="43" WIDTH="92" VPOS="752" HPOS="837" CONTENT="quod"/>
                  <SP HEIGHT="43" WIDTH="11" VPOS="752" HPOS="929"/>
                  <String HEIGHT="43"
                          WIDTH="103"
                          VPOS="752"
                          HPOS="895"
                          CONTENT="visio"/>
                  <SP HEIGHT="43" WIDTH="11" VPOS="752" HPOS="998"/>
                  <String HEIGHT="43"
                          WIDTH="115"
                          VPOS="752"
                          HPOS="964"
                          CONTENT="fuerit"/>
                  <SP HEIGHT="43" WIDTH="11" VPOS="752" HPOS="1079"/>
                  <String HEIGHT="43"
                          WIDTH="161"
                          VPOS="752"
                          HPOS="1044"
                          CONTENT="perfectior"/>
                  <SP HEIGHT="43" WIDTH="11" VPOS="752" HPOS="1205"/>
                  <String HEIGHT="43" WIDTH="80" VPOS="752" HPOS="1171" CONTENT="vel"/>
                  <SP HEIGHT="43" WIDTH="11" VPOS="752" HPOS="1251"/>
                  <String HEIGHT="43"
                          WIDTH="103"
                          VPOS="752"
                          HPOS="1217"
                          CONTENT="minus"/>
                  <SP HEIGHT="43" WIDTH="11" VPOS="752" HPOS="1320"/>
                  <String HEIGHT="43"
                          WIDTH="115"
                          VPOS="752"
                          HPOS="1274"
                          CONTENT="perfecta"/>
               </TextLine>
               <TextLine ID="r1l46"
                         BASELINE="825"
                         HEIGHT="40"
                         WIDTH="579"
                         VPOS="785"
                         HPOS="805">
                  <String HEIGHT="40"
                          WIDTH="136"
                          VPOS="785"
                          HPOS="793"
                          CONTENT="clarior"/>
                  <SP HEIGHT="40" WIDTH="12" VPOS="785" HPOS="928"/>
                  <String HEIGHT="40" WIDTH="86" VPOS="785" HPOS="891" CONTENT="vel"/>
                  <SP HEIGHT="40" WIDTH="12" VPOS="785" HPOS="977"/>
                  <String HEIGHT="40"
                          WIDTH="111"
                          VPOS="785"
                          HPOS="941"
                          CONTENT="minus"/>
                  <SP HEIGHT="40" WIDTH="12" VPOS="785" HPOS="1051"/>
                  <String HEIGHT="40"
                          WIDTH="111"
                          VPOS="785"
                          HPOS="1014"
                          CONTENT="clara"/>
                  <SP HEIGHT="40" WIDTH="12" VPOS="785" HPOS="1125"/>
                  <String HEIGHT="40"
                          WIDTH="148"
                          VPOS="785"
                          HPOS="1088"
                          CONTENT="secundum"/>
                  <SP HEIGHT="40" WIDTH="12" VPOS="785" HPOS="1236"/>
                  <String HEIGHT="40" WIDTH="86" VPOS="785" HPOS="1199" CONTENT="hoc"/>
                  <SP HEIGHT="40" WIDTH="12" VPOS="785" HPOS="1285"/>
                  <String HEIGHT="40"
                          WIDTH="111"
                          VPOS="785"
                          HPOS="1248"
                          CONTENT="etiam"/>
                  <SP HEIGHT="40" WIDTH="12" VPOS="785" HPOS="1359"/>
                  <String HEIGHT="40"
                          WIDTH="74"
                          VPOS="785"
                          HPOS="1310"
                          CONTENT="erui"/>
               </TextLine>
               <TextLine ID="r1l48"
                         BASELINE="846"
                         HEIGHT="34"
                         WIDTH="589"
                         VPOS="812"
                         HPOS="794">
                  <String HEIGHT="34"
                          WIDTH="240"
                          VPOS="812"
                          HPOS="782"
                          CONTENT="proportionaliter"/>
                  <SP HEIGHT="34" WIDTH="12" VPOS="812" HPOS="1022"/>
                  <String HEIGHT="34" WIDTH="72" VPOS="812" HPOS="986" CONTENT="de"/>
                  <SP HEIGHT="34" WIDTH="12" VPOS="812" HPOS="1058"/>
                  <String HEIGHT="34"
                          WIDTH="156"
                          VPOS="812"
                          HPOS="1022"
                          CONTENT="fruitione"/>
                  <SP HEIGHT="34" WIDTH="12" VPOS="812" HPOS="1179"/>
                  <String HEIGHT="34" WIDTH="72" VPOS="812" HPOS="1143" CONTENT="et"/>
                  <SP HEIGHT="34" WIDTH="12" VPOS="812" HPOS="1215"/>
                  <String HEIGHT="34" WIDTH="84" VPOS="812" HPOS="1179" CONTENT="ita"/>
                  <SP HEIGHT="34" WIDTH="12" VPOS="812" HPOS="1263"/>
                  <String HEIGHT="34" WIDTH="84" VPOS="812" HPOS="1227" CONTENT="non"/>
                  <SP HEIGHT="34" WIDTH="12" VPOS="812" HPOS="1311"/>
                  <String HEIGHT="34"
                          WIDTH="120"
                          VPOS="812"
                          HPOS="1263"
                          CONTENT="secundum"/>
               </TextLine>
               <TextLine ID="r1l50"
                         BASELINE="883"
                         HEIGHT="38"
                         WIDTH="594"
                         VPOS="845"
                         HPOS="795">
                  <String HEIGHT="38"
                          WIDTH="173"
                          VPOS="845"
                          HPOS="783"
                          CONTENT="exigentiam"/>
                  <SP HEIGHT="38" WIDTH="12" VPOS="845" HPOS="956"/>
                  <String HEIGHT="38"
                          WIDTH="173"
                          VPOS="845"
                          HPOS="919"
                          CONTENT="naturalium"/>
                  <SP HEIGHT="38" WIDTH="12" VPOS="845" HPOS="1092"/>
                  <String HEIGHT="38" WIDTH="74" VPOS="845" HPOS="1055" CONTENT="et"/>
                  <SP HEIGHT="38" WIDTH="12" VPOS="845" HPOS="1129"/>
                  <String HEIGHT="38" WIDTH="87" VPOS="845" HPOS="1092" CONTENT="hec"/>
                  <SP HEIGHT="38" WIDTH="12" VPOS="845" HPOS="1179"/>
                  <String HEIGHT="38" WIDTH="87" VPOS="845" HPOS="1142" CONTENT="via"/>
                  <SP HEIGHT="38" WIDTH="12" VPOS="845" HPOS="1228"/>
                  <String HEIGHT="38" WIDTH="87" VPOS="845" HPOS="1191" CONTENT="est"/>
                  <SP HEIGHT="38" WIDTH="12" VPOS="845" HPOS="1278"/>
                  <String HEIGHT="38"
                          WIDTH="99"
                          VPOS="845"
                          HPOS="1241"
                          CONTENT="mihi"/>
                  <SP HEIGHT="38" WIDTH="12" VPOS="845" HPOS="1340"/>
                  <String HEIGHT="38"
                          WIDTH="99"
                          VPOS="845"
                          HPOS="1290"
                          CONTENT="multum"/>
               </TextLine>
               <TextLine ID="r1l52"
                         BASELINE="912"
                         HEIGHT="46"
                         WIDTH="599"
                         VPOS="866"
                         HPOS="795">
                  <String HEIGHT="46"
                          WIDTH="163"
                          VPOS="866"
                          HPOS="784"
                          CONTENT="probabilis."/>
                  <SP HEIGHT="46" WIDTH="11" VPOS="866" HPOS="947"/>
                  <String HEIGHT="46" WIDTH="54" VPOS="866" HPOS="915" CONTENT="⁋"/>
                  <SP HEIGHT="46" WIDTH="11" VPOS="866" HPOS="969"/>
                  <String HEIGHT="46"
                          WIDTH="109"
                          VPOS="866"
                          HPOS="937"
                          CONTENT="Aliter"/>
                  <SP HEIGHT="46" WIDTH="11" VPOS="866" HPOS="1045"/>
                  <String HEIGHT="46"
                          WIDTH="142"
                          VPOS="866"
                          HPOS="1013"
                          CONTENT="diceretur"/>
                  <SP HEIGHT="46" WIDTH="11" VPOS="866" HPOS="1154"/>
                  <String HEIGHT="46"
                          WIDTH="87"
                          VPOS="866"
                          HPOS="1122"
                          CONTENT="quod"/>
                  <SP HEIGHT="46" WIDTH="11" VPOS="866" HPOS="1209"/>
                  <String HEIGHT="46"
                          WIDTH="98"
                          VPOS="866"
                          HPOS="1176"
                          CONTENT="visio"/>
                  <SP HEIGHT="46" WIDTH="11" VPOS="866" HPOS="1274"/>
                  <String HEIGHT="46"
                          WIDTH="142"
                          VPOS="866"
                          HPOS="1242"
                          CONTENT="beatifica"/>
                  <SP HEIGHT="46" WIDTH="11" VPOS="866" HPOS="1383"/>
                  <String HEIGHT="46" WIDTH="54" VPOS="866" HPOS="1340" CONTENT="cau"/>
               </TextLine>
               <TextLine ID="r1l54"
                         BASELINE="941"
                         HEIGHT="41"
                         WIDTH="604"
                         VPOS="900"
                         HPOS="791">
                  <String HEIGHT="41"
                          WIDTH="136"
                          VPOS="900"
                          HPOS="779"
                          CONTENT="saretur"/>
                  <SP HEIGHT="41" WIDTH="12" VPOS="900" HPOS="914"/>
                  <String HEIGHT="41"
                          WIDTH="185"
                          VPOS="900"
                          HPOS="877"
                          CONTENT="partialiter"/>
                  <SP HEIGHT="41" WIDTH="12" VPOS="900" HPOS="1062"/>
                  <String HEIGHT="41" WIDTH="74" VPOS="900" HPOS="1025" CONTENT="ab"/>
                  <SP HEIGHT="41" WIDTH="12" VPOS="900" HPOS="1099"/>
                  <String HEIGHT="41"
                          WIDTH="111"
                          VPOS="900"
                          HPOS="1062"
                          CONTENT="anima"/>
                  <SP HEIGHT="41" WIDTH="12" VPOS="900" HPOS="1173"/>
                  <String HEIGHT="41"
                          WIDTH="111"
                          VPOS="900"
                          HPOS="1136"
                          CONTENT="tamen"/>
                  <SP HEIGHT="41" WIDTH="12" VPOS="900" HPOS="1247"/>
                  <String HEIGHT="41"
                          WIDTH="99"
                          VPOS="900"
                          HPOS="1210"
                          CONTENT="deus"/>
                  <SP HEIGHT="41" WIDTH="12" VPOS="900" HPOS="1309"/>
                  <String HEIGHT="41"
                          WIDTH="136"
                          VPOS="900"
                          HPOS="1259"
                          CONTENT="concurren"/>
               </TextLine>
               <TextLine ID="r1l56"
                         BASELINE="960"
                         HEIGHT="37"
                         WIDTH="596"
                         VPOS="923"
                         HPOS="799">
                  <String HEIGHT="37" WIDTH="73" VPOS="923" HPOS="787" CONTENT="do"/>
                  <SP HEIGHT="37" WIDTH="12" VPOS="923" HPOS="860"/>
                  <String HEIGHT="37" WIDTH="85" VPOS="923" HPOS="823" CONTENT="per"/>
                  <SP HEIGHT="37" WIDTH="12" VPOS="923" HPOS="908"/>
                  <String HEIGHT="37"
                          WIDTH="109"
                          VPOS="923"
                          HPOS="872"
                          CONTENT="modum"/>
                  <SP HEIGHT="37" WIDTH="12" VPOS="923" HPOS="981"/>
                  <String HEIGHT="37"
                          WIDTH="134"
                          VPOS="923"
                          HPOS="945"
                          CONTENT="obiecti"/>
                  <SP HEIGHT="37" WIDTH="12" VPOS="923" HPOS="1079"/>
                  <String HEIGHT="37"
                          WIDTH="182"
                          VPOS="923"
                          HPOS="1042"
                          CONTENT="specialiter"/>
                  <SP HEIGHT="37" WIDTH="12" VPOS="923" HPOS="1225"/>
                  <String HEIGHT="37"
                          WIDTH="97"
                          VPOS="923"
                          HPOS="1188"
                          CONTENT="agit"/>
                  <SP HEIGHT="37" WIDTH="12" VPOS="923" HPOS="1286"/>
                  <String HEIGHT="37"
                          WIDTH="122"
                          VPOS="923"
                          HPOS="1249"
                          CONTENT="libere"/>
                  <SP HEIGHT="37" WIDTH="12" VPOS="923" HPOS="1371"/>
                  <String HEIGHT="37"
                          WIDTH="73"
                          VPOS="923"
                          HPOS="1322"
                          CONTENT="effi"/>
               </TextLine>
               <TextLine ID="r1l58"
                         BASELINE="996"
                         HEIGHT="40"
                         WIDTH="589"
                         VPOS="956"
                         HPOS="795">
                  <String HEIGHT="40"
                          WIDTH="123"
                          VPOS="956"
                          HPOS="783"
                          CONTENT="catius"/>
                  <SP HEIGHT="40" WIDTH="12" VPOS="956" HPOS="905"/>
                  <String HEIGHT="40" WIDTH="86" VPOS="956" HPOS="869" CONTENT="vel"/>
                  <SP HEIGHT="40" WIDTH="12" VPOS="956" HPOS="955"/>
                  <String HEIGHT="40"
                          WIDTH="110"
                          VPOS="956"
                          HPOS="918"
                          CONTENT="minus"/>
                  <SP HEIGHT="40" WIDTH="12" VPOS="956" HPOS="1028"/>
                  <String HEIGHT="40"
                          WIDTH="184"
                          VPOS="956"
                          HPOS="991"
                          CONTENT="efficaciter"/>
                  <SP HEIGHT="40" WIDTH="12" VPOS="956" HPOS="1175"/>
                  <String HEIGHT="40"
                          WIDTH="147"
                          VPOS="956"
                          HPOS="1139"
                          CONTENT="secundum"/>
                  <SP HEIGHT="40" WIDTH="12" VPOS="956" HPOS="1286"/>
                  <String HEIGHT="40"
                          WIDTH="147"
                          VPOS="956"
                          HPOS="1237"
                          CONTENT="exigentiam"/>
               </TextLine>
               <TextLine ID="r1l60"
                         BASELINE="1024"
                         HEIGHT="40"
                         WIDTH="596"
                         VPOS="984"
                         HPOS="794">
                  <String HEIGHT="40"
                          WIDTH="165"
                          VPOS="984"
                          HPOS="781"
                          CONTENT="meritorum"/>
                  <SP HEIGHT="40" WIDTH="13" VPOS="984" HPOS="946"/>
                  <String HEIGHT="40" WIDTH="89" VPOS="984" HPOS="908" CONTENT="vie"/>
                  <SP HEIGHT="40" WIDTH="13" VPOS="984" HPOS="997"/>
                  <String HEIGHT="40" WIDTH="76" VPOS="984" HPOS="959" CONTENT="et"/>
                  <SP HEIGHT="40" WIDTH="13" VPOS="984" HPOS="1035"/>
                  <String HEIGHT="40"
                          WIDTH="101"
                          VPOS="984"
                          HPOS="997"
                          CONTENT="tunc"/>
                  <SP HEIGHT="40" WIDTH="13" VPOS="984" HPOS="1098"/>
                  <String HEIGHT="40"
                          WIDTH="152"
                          VPOS="984"
                          HPOS="1060"
                          CONTENT="voluntas"/>
                  <SP HEIGHT="40" WIDTH="13" VPOS="984" HPOS="1212"/>
                  <String HEIGHT="40"
                          WIDTH="203"
                          VPOS="984"
                          HPOS="1174"
                          CONTENT="consequenter"/>
                  <SP HEIGHT="40" WIDTH="13" VPOS="984" HPOS="1377"/>
                  <String HEIGHT="40" WIDTH="63" VPOS="984" HPOS="1327" CONTENT="ope"/>
               </TextLine>
               <TextLine ID="r1l62"
                         BASELINE="1051"
                         HEIGHT="39"
                         WIDTH="591"
                         VPOS="1012"
                         HPOS="799">
                  <String HEIGHT="39"
                          WIDTH="116"
                          VPOS="1012"
                          HPOS="786"
                          CONTENT="ratur"/>
                  <SP HEIGHT="39" WIDTH="13" VPOS="1012" HPOS="902"/>
                  <String HEIGHT="39" WIDTH="77" VPOS="1012" HPOS="863" CONTENT="ad"/>
                  <SP HEIGHT="39" WIDTH="13" VPOS="1012" HPOS="940"/>
                  <String HEIGHT="39"
                          WIDTH="180"
                          VPOS="1012"
                          HPOS="902"
                          CONTENT="fruitionem"/>
                  <SP HEIGHT="39" WIDTH="13" VPOS="1012" HPOS="1082"/>
                  <String HEIGHT="39"
                          WIDTH="231"
                          VPOS="1012"
                          HPOS="1043"
                          CONTENT="proportionalem"/>
                  <SP HEIGHT="39" WIDTH="13" VPOS="1012" HPOS="1274"/>
                  <String HEIGHT="39"
                          WIDTH="141"
                          VPOS="1012"
                          HPOS="1236"
                          CONTENT="visioni"/>
                  <SP HEIGHT="39" WIDTH="13" VPOS="1012" HPOS="1377"/>
                  <String HEIGHT="39"
                          WIDTH="64"
                          VPOS="1012"
                          HPOS="1326"
                          CONTENT="iam"/>
               </TextLine>
               <TextLine ID="r1l64"
                         BASELINE="1078"
                         HEIGHT="41"
                         WIDTH="592"
                         VPOS="1037"
                         HPOS="796">
                  <String HEIGHT="41"
                          WIDTH="121"
                          VPOS="1037"
                          HPOS="784"
                          CONTENT="habite"/>
                  <SP HEIGHT="41" WIDTH="12" VPOS="1037" HPOS="905"/>
                  <String HEIGHT="41" WIDTH="72" VPOS="1037" HPOS="868" CONTENT="et"/>
                  <SP HEIGHT="41" WIDTH="12" VPOS="1037" HPOS="941"/>
                  <String HEIGHT="41" WIDTH="85" VPOS="1037" HPOS="905" CONTENT="hec"/>
                  <SP HEIGHT="41" WIDTH="12" VPOS="1037" HPOS="989"/>
                  <String HEIGHT="41" WIDTH="85" VPOS="1037" HPOS="953" CONTENT="via"/>
                  <SP HEIGHT="41" WIDTH="12" VPOS="1037" HPOS="1038"/>
                  <String HEIGHT="41"
                          WIDTH="157"
                          VPOS="1037"
                          HPOS="1001"
                          CONTENT="similiter"/>
                  <SP HEIGHT="41" WIDTH="12" VPOS="1037" HPOS="1158"/>
                  <String HEIGHT="41"
                          WIDTH="85"
                          VPOS="1037"
                          HPOS="1122"
                          CONTENT="est"/>
                  <SP HEIGHT="41" WIDTH="12" VPOS="1037" HPOS="1207"/>
                  <String HEIGHT="41"
                          WIDTH="121"
                          VPOS="1037"
                          HPOS="1171"
                          CONTENT="multum"/>
                  <SP HEIGHT="41" WIDTH="12" VPOS="1037" HPOS="1291"/>
                  <String HEIGHT="41"
                          WIDTH="145"
                          VPOS="1037"
                          HPOS="1243"
                          CONTENT="probabilis"/>
               </TextLine>
               <TextLine ID="r1l66"
                         BASELINE="1110"
                         HEIGHT="46"
                         WIDTH="577"
                         VPOS="1064"
                         HPOS="807">
                  <String HEIGHT="46" WIDTH="49" VPOS="1064" HPOS="797" CONTENT="⁋"/>
                  <SP HEIGHT="46" WIDTH="10" VPOS="1064" HPOS="846"/>
                  <String HEIGHT="46"
                          WIDTH="98"
                          VPOS="1064"
                          HPOS="817"
                          CONTENT="Tertia"/>
                  <SP HEIGHT="46" WIDTH="10" VPOS="1064" HPOS="915"/>
                  <String HEIGHT="46" WIDTH="68" VPOS="1064" HPOS="885" CONTENT="via"/>
                  <SP HEIGHT="46" WIDTH="10" VPOS="1064" HPOS="954"/>
                  <String HEIGHT="46"
                          WIDTH="117"
                          VPOS="1064"
                          HPOS="924"
                          CONTENT="pretacta"/>
                  <SP HEIGHT="46" WIDTH="10" VPOS="1064" HPOS="1042"/>
                  <String HEIGHT="46"
                          WIDTH="68"
                          VPOS="1064"
                          HPOS="1012"
                          CONTENT="est"/>
                  <SP HEIGHT="46" WIDTH="10" VPOS="1064" HPOS="1081"/>
                  <String HEIGHT="46"
                          WIDTH="117"
                          VPOS="1064"
                          HPOS="1051"
                          CONTENT="scilicet"/>
                  <SP HEIGHT="46" WIDTH="10" VPOS="1064" HPOS="1169"/>
                  <String HEIGHT="46"
                          WIDTH="78"
                          VPOS="1064"
                          HPOS="1140"
                          CONTENT="quod"/>
                  <SP HEIGHT="46" WIDTH="10" VPOS="1064" HPOS="1218"/>
                  <String HEIGHT="46"
                          WIDTH="78"
                          VPOS="1064"
                          HPOS="1188"
                          CONTENT="deus"/>
                  <SP HEIGHT="46" WIDTH="10" VPOS="1064" HPOS="1267"/>
                  <String HEIGHT="46"
                          WIDTH="117"
                          VPOS="1064"
                          HPOS="1237"
                          CONTENT="causaret"/>
                  <SP HEIGHT="46" WIDTH="10" VPOS="1064" HPOS="1355"/>
                  <String HEIGHT="46"
                          WIDTH="68"
                          VPOS="1064"
                          HPOS="1316"
                          CONTENT="aliam"/>
               </TextLine>
               <TextLine ID="r1l68"
                         BASELINE="1134"
                         HEIGHT="40"
                         WIDTH="589"
                         VPOS="1094"
                         HPOS="799">
                  <String HEIGHT="40"
                          WIDTH="179"
                          VPOS="1094"
                          HPOS="786"
                          CONTENT="fruitionem"/>
                  <SP HEIGHT="40" WIDTH="13" VPOS="1094" HPOS="965"/>
                  <String HEIGHT="40" WIDTH="77" VPOS="1094" HPOS="927" CONTENT="et"/>
                  <SP HEIGHT="40" WIDTH="13" VPOS="1094" HPOS="1004"/>
                  <String HEIGHT="40"
                          WIDTH="154"
                          VPOS="1094"
                          HPOS="965"
                          CONTENT="meliorem"/>
                  <SP HEIGHT="40" WIDTH="13" VPOS="1094" HPOS="1119"/>
                  <String HEIGHT="40"
                          WIDTH="102"
                          VPOS="1094"
                          HPOS="1081"
                          CONTENT="illa"/>
                  <SP HEIGHT="40" WIDTH="13" VPOS="1094" HPOS="1183"/>
                  <String HEIGHT="40"
                          WIDTH="102"
                          VPOS="1094"
                          HPOS="1145"
                          CONTENT="quam"/>
                  <SP HEIGHT="40" WIDTH="13" VPOS="1094" HPOS="1247"/>
                  <String HEIGHT="40"
                          WIDTH="154"
                          VPOS="1094"
                          HPOS="1209"
                          CONTENT="voluntas"/>
                  <SP HEIGHT="40" WIDTH="13" VPOS="1094" HPOS="1362"/>
                  <String HEIGHT="40"
                          WIDTH="77"
                          VPOS="1094"
                          HPOS="1311"
                          CONTENT="cau"
                          SUBS_TYPE="HypPart1"
                          SUBS_CONTENT="causare"/>
                  <HYP CONTENT="-"/>
               </TextLine>
               <TextLine ID="r1l70"
                         BASELINE="1164"
                         HEIGHT="43"
                         WIDTH="597"
                         VPOS="1121"
                         HPOS="794">
                  <String HEIGHT="43"
                          WIDTH="90"
                          VPOS="1121"
                          HPOS="783"
                          CONTENT="sare"
                          SUBS_TYPE="HypPart2"
                          SUBS_CONTENT="causare"/>
                  <SP HEIGHT="43" WIDTH="11" VPOS="1121" HPOS="873"/>
                  <String HEIGHT="43"
                          WIDTH="113"
                          VPOS="1121"
                          HPOS="839"
                          CONTENT="posset"/>
                  <SP HEIGHT="43" WIDTH="11" VPOS="1121" HPOS="952"/>
                  <String HEIGHT="43" WIDTH="79" VPOS="1121" HPOS="918" CONTENT="sed"/>
                  <SP HEIGHT="43" WIDTH="11" VPOS="1121" HPOS="997"/>
                  <String HEIGHT="43"
                          WIDTH="90"
                          VPOS="1121"
                          HPOS="963"
                          CONTENT="tunc"/>
                  <SP HEIGHT="43" WIDTH="11" VPOS="1121" HPOS="1053"/>
                  <String HEIGHT="43"
                          WIDTH="124"
                          VPOS="1121"
                          HPOS="1019"
                          CONTENT="videtur"/>
                  <SP HEIGHT="43" WIDTH="11" VPOS="1121" HPOS="1143"/>
                  <String HEIGHT="43"
                          WIDTH="101"
                          VPOS="1121"
                          HPOS="1109"
                          CONTENT="sequi"/>
                  <SP HEIGHT="43" WIDTH="11" VPOS="1121" HPOS="1211"/>
                  <String HEIGHT="43"
                          WIDTH="90"
                          VPOS="1121"
                          HPOS="1177"
                          CONTENT="quod"/>
                  <SP HEIGHT="43" WIDTH="11" VPOS="1121" HPOS="1267"/>
                  <String HEIGHT="43"
                          WIDTH="135"
                          VPOS="1121"
                          HPOS="1233"
                          CONTENT="visiones"/>
                  <SP HEIGHT="43" WIDTH="11" VPOS="1121" HPOS="1368"/>
                  <String HEIGHT="43"
                          WIDTH="68"
                          VPOS="1121"
                          HPOS="1323"
                          CONTENT="bea"
                          SUBS_TYPE="HypPart1"
                          SUBS_CONTENT="beatifice"/>
                  <HYP CONTENT="-"/>
               </TextLine>
               <TextLine ID="r1l72"
                         BASELINE="1193"
                         HEIGHT="43"
                         WIDTH="591"
                         VPOS="1150"
                         HPOS="799">
                  <String HEIGHT="43"
                          WIDTH="116"
                          VPOS="1150"
                          HPOS="787"
                          CONTENT="tifice"
                          SUBS_TYPE="HypPart2"
                          SUBS_CONTENT="beatifice"/>
                  <SP HEIGHT="43" WIDTH="12" VPOS="1150" HPOS="903"/>
                  <String HEIGHT="43"
                          WIDTH="162"
                          VPOS="1150"
                          HPOS="869"
                          CONTENT="diuersorum"/>
                  <SP HEIGHT="43" WIDTH="12" VPOS="1150" HPOS="1031"/>
                  <String HEIGHT="43"
                          WIDTH="139"
                          VPOS="1150"
                          HPOS="996"
                          CONTENT="beatorum"/>
                  <SP HEIGHT="43" WIDTH="12" VPOS="1150" HPOS="1135"/>
                  <String HEIGHT="43"
                          WIDTH="93"
                          VPOS="1150"
                          HPOS="1100"
                          CONTENT="sunt"/>
                  <SP HEIGHT="43" WIDTH="12" VPOS="1150" HPOS="1193"/>
                  <String HEIGHT="43"
                          WIDTH="139"
                          VPOS="1150"
                          HPOS="1158"
                          CONTENT="alterius"/>
                  <SP HEIGHT="43" WIDTH="12" VPOS="1150" HPOS="1297"/>
                  <String HEIGHT="43"
                          WIDTH="127"
                          VPOS="1150"
                          HPOS="1263"
                          CONTENT="speciei"/>
                  <SP HEIGHT="43" WIDTH="12" VPOS="1150" HPOS="1390"/>
                  <String HEIGHT="43" WIDTH="46" VPOS="1150" HPOS="1344" CONTENT="et"/>
               </TextLine>
               <TextLine ID="r1l74"
                         BASELINE="1220"
                         HEIGHT="43"
                         WIDTH="590"
                         VPOS="1177"
                         HPOS="795">
                  <String HEIGHT="43"
                          WIDTH="162"
                          VPOS="1177"
                          HPOS="783"
                          CONTENT="fruitiones"/>
                  <SP HEIGHT="43" WIDTH="12" VPOS="1177" HPOS="945"/>
                  <String HEIGHT="43"
                          WIDTH="150"
                          VPOS="1177"
                          HPOS="911"
                          CONTENT="similiter"/>
                  <SP HEIGHT="43" WIDTH="12" VPOS="1177" HPOS="1061"/>
                  <String HEIGHT="43" WIDTH="69" VPOS="1177" HPOS="1026" CONTENT="et"/>
                  <SP HEIGHT="43" WIDTH="12" VPOS="1177" HPOS="1096"/>
                  <String HEIGHT="43"
                          WIDTH="81"
                          VPOS="1177"
                          HPOS="1061"
                          CONTENT="ita"/>
                  <SP HEIGHT="43" WIDTH="12" VPOS="1177" HPOS="1142"/>
                  <String HEIGHT="43"
                          WIDTH="81"
                          VPOS="1177"
                          HPOS="1107"
                          CONTENT="non"/>
                  <SP HEIGHT="43" WIDTH="12" VPOS="1177" HPOS="1188"/>
                  <String HEIGHT="43"
                          WIDTH="104"
                          VPOS="1177"
                          HPOS="1154"
                          CONTENT="solum"/>
                  <SP HEIGHT="43" WIDTH="12" VPOS="1177" HPOS="1258"/>
                  <String HEIGHT="43"
                          WIDTH="150"
                          VPOS="1177"
                          HPOS="1223"
                          CONTENT="differunt"/>
                  <SP HEIGHT="43" WIDTH="12" VPOS="1177" HPOS="1373"/>
                  <String HEIGHT="43"
                          WIDTH="58"
                          VPOS="1177"
                          HPOS="1327"
                          CONTENT="se"
                          SUBS_TYPE="HypPart1"
                          SUBS_CONTENT="secundum"/>
                  <HYP CONTENT="-"/>
               </TextLine>
               <TextLine ID="r1l76"
                         BASELINE="1243"
                         HEIGHT="37"
                         WIDTH="593"
                         VPOS="1206"
                         HPOS="797">
                  <String HEIGHT="37"
                          WIDTH="126"
                          VPOS="1206"
                          HPOS="784"
                          CONTENT="cundum"
                          SUBS_TYPE="HypPart2"
                          SUBS_CONTENT="secundum"/>
                  <SP HEIGHT="37" WIDTH="13" VPOS="1206" HPOS="911"/>
                  <String HEIGHT="37"
                          WIDTH="177"
                          VPOS="1206"
                          HPOS="873"
                          CONTENT="perfectius"/>
                  <SP HEIGHT="37" WIDTH="13" VPOS="1206" HPOS="1049"/>
                  <String HEIGHT="37" WIDTH="76" VPOS="1206" HPOS="1011" CONTENT="et"/>
                  <SP HEIGHT="37" WIDTH="13" VPOS="1206" HPOS="1087"/>
                  <String HEIGHT="37"
                          WIDTH="114"
                          VPOS="1206"
                          HPOS="1049"
                          CONTENT="minus"/>
                  <SP HEIGHT="37" WIDTH="13" VPOS="1206" HPOS="1163"/>
                  <String HEIGHT="37"
                          WIDTH="164"
                          VPOS="1206"
                          HPOS="1125"
                          CONTENT="perfectum"/>
                  <SP HEIGHT="37" WIDTH="13" VPOS="1206" HPOS="1289"/>
                  <String HEIGHT="37"
                          WIDTH="114"
                          VPOS="1206"
                          HPOS="1251"
                          CONTENT="intra"/>
                  <SP HEIGHT="37" WIDTH="13" VPOS="1206" HPOS="1365"/>
                  <String HEIGHT="37"
                          WIDTH="76"
                          VPOS="1206"
                          HPOS="1314"
                          CONTENT="ean"
                          SUBS_TYPE="HypPart1"
                          SUBS_CONTENT="eandem"/>
                  <HYP CONTENT="-"/>
               </TextLine>
               <TextLine ID="r1l78"
                         BASELINE="1275"
                         HEIGHT="38"
                         WIDTH="595"
                         VPOS="1237"
                         HPOS="792">
                  <String HEIGHT="38"
                          WIDTH="83"
                          VPOS="1237"
                          HPOS="780"
                          CONTENT="dem"
                          SUBS_TYPE="HypPart2"
                          SUBS_CONTENT="eandem"/>
                  <SP HEIGHT="38" WIDTH="12" VPOS="1237" HPOS="863"/>
                  <String HEIGHT="38"
                          WIDTH="143"
                          VPOS="1237"
                          HPOS="828"
                          CONTENT="speciem."/>
                  <SP HEIGHT="38" WIDTH="12" VPOS="1237" HPOS="971"/>
                  <String HEIGHT="38" WIDTH="60" VPOS="1237" HPOS="935" CONTENT="⁋"/>
                  <SP HEIGHT="38" WIDTH="12" VPOS="1237" HPOS="994"/>
                  <String HEIGHT="38"
                          WIDTH="107"
                          VPOS="1237"
                          HPOS="959"
                          CONTENT="Etiam"/>
                  <SP HEIGHT="38" WIDTH="12" VPOS="1237" HPOS="1066"/>
                  <String HEIGHT="38"
                          WIDTH="107"
                          VPOS="1237"
                          HPOS="1030"
                          CONTENT="sicut"/>
                  <SP HEIGHT="38" WIDTH="12" VPOS="1237" HPOS="1137"/>
                  <String HEIGHT="38"
                          WIDTH="119"
                          VPOS="1237"
                          HPOS="1101"
                          CONTENT="sancti"/>
                  <SP HEIGHT="38" WIDTH="12" VPOS="1237" HPOS="1220"/>
                  <String HEIGHT="38"
                          WIDTH="119"
                          VPOS="1237"
                          HPOS="1185"
                          CONTENT="dicunt"/>
                  <SP HEIGHT="38" WIDTH="12" VPOS="1237" HPOS="1304"/>
                  <String HEIGHT="38"
                          WIDTH="131"
                          VPOS="1237"
                          HPOS="1256"
                          CONTENT="differen"
                          SUBS_TYPE="HypPart1"
                          SUBS_CONTENT="differentia"/>
                  <HYP CONTENT="-"/>
               </TextLine>
               <TextLine ID="r1l81"
                         BASELINE="1305"
                         HEIGHT="41"
                         WIDTH="597"
                         VPOS="1264"
                         HPOS="794">
                  <String HEIGHT="41"
                          WIDTH="80"
                          VPOS="1264"
                          HPOS="783"
                          CONTENT="tia"
                          SUBS_TYPE="HypPart2"
                          SUBS_CONTENT="differentia"/>
                  <SP HEIGHT="41" WIDTH="11" VPOS="1264" HPOS="863"/>
                  <String HEIGHT="41"
                          WIDTH="103"
                          VPOS="1264"
                          HPOS="828"
                          CONTENT="inter"/>
                  <SP HEIGHT="41" WIDTH="11" VPOS="1264" HPOS="932"/>
                  <String HEIGHT="41"
                          WIDTH="138"
                          VPOS="1264"
                          HPOS="897"
                          CONTENT="visionem"/>
                  <SP HEIGHT="41" WIDTH="11" VPOS="1264" HPOS="1035"/>
                  <String HEIGHT="41"
                          WIDTH="92"
                          VPOS="1264"
                          HPOS="1001"
                          CONTENT="lini"/>
                  <SP HEIGHT="41" WIDTH="11" VPOS="1264" HPOS="1093"/>
                  <String HEIGHT="41" WIDTH="69" VPOS="1264" HPOS="1058" CONTENT="et"/>
                  <SP HEIGHT="41" WIDTH="11" VPOS="1264" HPOS="1127"/>
                  <String HEIGHT="41"
                          WIDTH="103"
                          VPOS="1264"
                          HPOS="1093"
                          CONTENT="petri"/>
                  <SP HEIGHT="41" WIDTH="11" VPOS="1264" HPOS="1196"/>
                  <String HEIGHT="41" WIDTH="69" VPOS="1264" HPOS="1161" CONTENT="et"/>
                  <SP HEIGHT="41" WIDTH="11" VPOS="1264" HPOS="1230"/>
                  <String HEIGHT="41"
                          WIDTH="126"
                          VPOS="1264"
                          HPOS="1196"
                          CONTENT="aliorum"/>
                  <SP HEIGHT="41" WIDTH="11" VPOS="1264" HPOS="1322"/>
                  <String HEIGHT="41"
                          WIDTH="115"
                          VPOS="1264"
                          HPOS="1276"
                          CONTENT="secundum"/>
               </TextLine>
               <TextLine ID="r1l84"
                         BASELINE="1329"
                         HEIGHT="34"
                         WIDTH="593"
                         VPOS="1295"
                         HPOS="792">
                  <String HEIGHT="34"
                          WIDTH="173"
                          VPOS="1295"
                          HPOS="780"
                          CONTENT="exigentiam"/>
                  <SP HEIGHT="34" WIDTH="12" VPOS="1295" HPOS="953"/>
                  <String HEIGHT="34"
                          WIDTH="161"
                          VPOS="1295"
                          HPOS="916"
                          CONTENT="meritorum"/>
                  <SP HEIGHT="34" WIDTH="12" VPOS="1295" HPOS="1076"/>
                  <String HEIGHT="34"
                          WIDTH="161"
                          VPOS="1295"
                          HPOS="1039"
                          CONTENT="similiter"/>
                  <SP HEIGHT="34" WIDTH="12" VPOS="1295" HPOS="1200"/>
                  <String HEIGHT="34"
                          WIDTH="86"
                          VPOS="1295"
                          HPOS="1163"
                          CONTENT="est"/>
                  <SP HEIGHT="34" WIDTH="12" VPOS="1295" HPOS="1249"/>
                  <String HEIGHT="34" WIDTH="74" VPOS="1295" HPOS="1212" CONTENT="de"/>
                  <SP HEIGHT="34" WIDTH="12" VPOS="1295" HPOS="1286"/>
                  <String HEIGHT="34"
                          WIDTH="148"
                          VPOS="1295"
                          HPOS="1237"
                          CONTENT="fruitioni"
                          SUBS_TYPE="HypPart1"
                          SUBS_CONTENT="fruitionibus."/>
                  <HYP CONTENT="-"/>
               </TextLine>
               <TextLine ID="r1l87"
                         BASELINE="1356"
                         HEIGHT="36"
                         WIDTH="592"
                         VPOS="1320"
                         HPOS="793">
                  <String HEIGHT="36"
                          WIDTH="97"
                          VPOS="1320"
                          HPOS="781"
                          CONTENT="bus."
                          SUBS_TYPE="HypPart2"
                          SUBS_CONTENT="fruitionibus."/>
                  <SP HEIGHT="36" WIDTH="12" VPOS="1320" HPOS="878"/>
                  <String HEIGHT="36" WIDTH="60" VPOS="1320" HPOS="841" CONTENT="⁋"/>
                  <SP HEIGHT="36" WIDTH="12" VPOS="1320" HPOS="902"/>
                  <String HEIGHT="36"
                          WIDTH="97"
                          VPOS="1320"
                          HPOS="865"
                          CONTENT="Ideo"/>
                  <SP HEIGHT="36" WIDTH="12" VPOS="1320" HPOS="962"/>
                  <String HEIGHT="36"
                          WIDTH="133"
                          VPOS="1320"
                          HPOS="926"
                          CONTENT="frustra"/>
                  <SP HEIGHT="36" WIDTH="12" VPOS="1320" HPOS="1059"/>
                  <String HEIGHT="36"
                          WIDTH="133"
                          VPOS="1320"
                          HPOS="1023"
                          CONTENT="ponitur"/>
                  <SP HEIGHT="36" WIDTH="12" VPOS="1320" HPOS="1155"/>
                  <String HEIGHT="36"
                          WIDTH="121"
                          VPOS="1320"
                          HPOS="1119"
                          CONTENT="duplex"/>
                  <SP HEIGHT="36" WIDTH="12" VPOS="1320" HPOS="1240"/>
                  <String HEIGHT="36"
                          WIDTH="133"
                          VPOS="1320"
                          HPOS="1204"
                          CONTENT="fruitio"/>
                  <SP HEIGHT="36" WIDTH="12" VPOS="1320" HPOS="1337"/>
                  <String HEIGHT="36"
                          WIDTH="97"
                          VPOS="1320"
                          HPOS="1288"
                          CONTENT="igitur"/>
               </TextLine>
               <TextLine ID="r1l91"
                         BASELINE="1387"
                         HEIGHT="37"
                         WIDTH="585"
                         VPOS="1350"
                         HPOS="793">
                  <String HEIGHT="37"
                          WIDTH="90"
                          VPOS="1350"
                          HPOS="782"
                          CONTENT="etc."/>
                  <SP HEIGHT="37" WIDTH="11" VPOS="1350" HPOS="872"/>
                  <String HEIGHT="37" WIDTH="56" VPOS="1350" HPOS="838" CONTENT="⁋"/>
                  <SP HEIGHT="37" WIDTH="11" VPOS="1350" HPOS="894"/>
                  <String HEIGHT="37"
                          WIDTH="135"
                          VPOS="1350"
                          HPOS="861"
                          CONTENT="Probatur"/>
                  <SP HEIGHT="37" WIDTH="11" VPOS="1350" HPOS="996"/>
                  <String HEIGHT="37"
                          WIDTH="101"
                          VPOS="1350"
                          HPOS="962"
                          CONTENT="adhuc"/>
                  <SP HEIGHT="37" WIDTH="11" VPOS="1350" HPOS="1063"/>
                  <String HEIGHT="37"
                          WIDTH="79"
                          VPOS="1350"
                          HPOS="1029"
                          CONTENT="est"/>
                  <SP HEIGHT="37" WIDTH="11" VPOS="1350" HPOS="1108"/>
                  <String HEIGHT="37"
                          WIDTH="90"
                          VPOS="1350"
                          HPOS="1074"
                          CONTENT="alia"/>
                  <SP HEIGHT="37" WIDTH="11" VPOS="1350" HPOS="1164"/>
                  <String HEIGHT="37"
                          WIDTH="79"
                          VPOS="1350"
                          HPOS="1131"
                          CONTENT="via"/>
                  <SP HEIGHT="37" WIDTH="11" VPOS="1350" HPOS="1209"/>
                  <String HEIGHT="37"
                          WIDTH="90"
                          VPOS="1350"
                          HPOS="1176"
                          CONTENT="quia"/>
                  <SP HEIGHT="37" WIDTH="11" VPOS="1350" HPOS="1266"/>
                  <String HEIGHT="37"
                          WIDTH="135"
                          VPOS="1350"
                          HPOS="1232"
                          CONTENT="charitas"/>
                  <SP HEIGHT="37" WIDTH="11" VPOS="1350" HPOS="1367"/>
                  <String HEIGHT="37"
                          WIDTH="56"
                          VPOS="1350"
                          HPOS="1322"
                          CONTENT="con"/>
               </TextLine>
               <TextLine ID="r1l94"
                         BASELINE="1419"
                         HEIGHT="45"
                         WIDTH="578"
                         VPOS="1374"
                         HPOS="797">
                  <String HEIGHT="45"
                          WIDTH="132"
                          VPOS="1374"
                          HPOS="785"
                          CONTENT="summata"/>
                  <SP HEIGHT="45" WIDTH="12" VPOS="1374" HPOS="917"/>
                  <String HEIGHT="45"
                          WIDTH="132"
                          VPOS="1374"
                          HPOS="881"
                          CONTENT="bonorum"/>
                  <SP HEIGHT="45" WIDTH="12" VPOS="1374" HPOS="1014"/>
                  <String HEIGHT="45"
                          WIDTH="120"
                          VPOS="1374"
                          HPOS="978"
                          CONTENT="reddit"/>
                  <SP HEIGHT="45" WIDTH="12" VPOS="1374" HPOS="1098"/>
                  <String HEIGHT="45"
                          WIDTH="108"
                          VPOS="1374"
                          HPOS="1062"
                          CONTENT="actum"/>
                  <SP HEIGHT="45" WIDTH="12" VPOS="1374" HPOS="1170"/>
                  <String HEIGHT="45"
                          WIDTH="181"
                          VPOS="1374"
                          HPOS="1134"
                          CONTENT="intensiorem"/>
                  <SP HEIGHT="45" WIDTH="12" VPOS="1374" HPOS="1315"/>
                  <String HEIGHT="45"
                          WIDTH="96"
                          VPOS="1374"
                          HPOS="1279"
                          CONTENT="quam"/>
                  <SP HEIGHT="45" WIDTH="12" VPOS="1374" HPOS="1375"/>
                  <String HEIGHT="45" WIDTH="48" VPOS="1374" HPOS="1327" CONTENT="so"/>
               </TextLine>
               <TextLine ID="r1l97"
                         BASELINE="1446"
                         HEIGHT="42"
                         WIDTH="582"
                         VPOS="1404"
                         HPOS="796">
                  <String HEIGHT="42" WIDTH="71" VPOS="1404" HPOS="784" CONTENT="la"/>
                  <SP HEIGHT="42" WIDTH="12" VPOS="1404" HPOS="855"/>
                  <String HEIGHT="42"
                          WIDTH="143"
                          VPOS="1404"
                          HPOS="820"
                          CONTENT="voluntas"/>
                  <SP HEIGHT="42" WIDTH="12" VPOS="1404" HPOS="962"/>
                  <String HEIGHT="42"
                          WIDTH="119"
                          VPOS="1404"
                          HPOS="927"
                          CONTENT="potest"/>
                  <SP HEIGHT="42" WIDTH="12" VPOS="1404" HPOS="1045"/>
                  <String HEIGHT="42" WIDTH="71" VPOS="1404" HPOS="1010" CONTENT="et"/>
                  <SP HEIGHT="42" WIDTH="12" VPOS="1404" HPOS="1081"/>
                  <String HEIGHT="42"
                          WIDTH="107"
                          VPOS="1404"
                          HPOS="1045"
                          CONTENT="etiam"/>
                  <SP HEIGHT="42" WIDTH="12" VPOS="1404" HPOS="1152"/>
                  <String HEIGHT="42" WIDTH="71" VPOS="1404" HPOS="1117" CONTENT="ex"/>
                  <SP HEIGHT="42" WIDTH="12" VPOS="1404" HPOS="1188"/>
                  <String HEIGHT="42"
                          WIDTH="83"
                          VPOS="1404"
                          HPOS="1152"
                          CONTENT="hoc"/>
                  <SP HEIGHT="42" WIDTH="12" VPOS="1404" HPOS="1235"/>
                  <String HEIGHT="42"
                          WIDTH="107"
                          VPOS="1404"
                          HPOS="1200"
                          CONTENT="patet"/>
                  <SP HEIGHT="42" WIDTH="12" VPOS="1404" HPOS="1307"/>
                  <String HEIGHT="42"
                          WIDTH="131"
                          VPOS="1404"
                          HPOS="1271"
                          CONTENT="quomodo"/>
                  <SP HEIGHT="42" WIDTH="12" VPOS="1404" HPOS="1402"/>
                  <String HEIGHT="42" WIDTH="24" VPOS="1404" HPOS="1354" CONTENT=""/>
               </TextLine>
               <TextLine ID="r1l100"
                         BASELINE="1477"
                         HEIGHT="44"
                         WIDTH="587"
                         VPOS="1433"
                         HPOS="793">
                  <String HEIGHT="44" WIDTH="76" VPOS="1433" HPOS="782" CONTENT="non"/>
                  <SP HEIGHT="44" WIDTH="11" VPOS="1433" HPOS="858"/>
                  <String HEIGHT="44"
                          WIDTH="109"
                          VPOS="1433"
                          HPOS="826"
                          CONTENT="potest"/>
                  <SP HEIGHT="44" WIDTH="11" VPOS="1433" HPOS="934"/>
                  <String HEIGHT="44"
                          WIDTH="163"
                          VPOS="1433"
                          HPOS="902"
                          CONTENT="beatificare"/>
                  <SP HEIGHT="44" WIDTH="11" VPOS="1433" HPOS="1065"/>
                  <String HEIGHT="44" WIDTH="65" VPOS="1433" HPOS="1032" CONTENT="se"/>
                  <SP HEIGHT="44" WIDTH="11" VPOS="1433" HPOS="1097"/>
                  <String HEIGHT="44" WIDTH="65" VPOS="1433" HPOS="1065" CONTENT="ex"/>
                  <SP HEIGHT="44" WIDTH="11" VPOS="1433" HPOS="1130"/>
                  <String HEIGHT="44"
                          WIDTH="98"
                          VPOS="1433"
                          HPOS="1097"
                          CONTENT="puris"/>
                  <SP HEIGHT="44" WIDTH="11" VPOS="1433" HPOS="1195"/>
                  <String HEIGHT="44"
                          WIDTH="163"
                          VPOS="1433"
                          HPOS="1163"
                          CONTENT="naturalibus"/>
                  <SP HEIGHT="44" WIDTH="11" VPOS="1433" HPOS="1326"/>
                  <String HEIGHT="44" WIDTH="54" VPOS="1433" HPOS="1293" CONTENT="⁋"/>
                  <SP HEIGHT="44" WIDTH="11" VPOS="1433" HPOS="1347"/>
                  <String HEIGHT="44" WIDTH="65" VPOS="1433" HPOS="1315" CONTENT="Ad"/>
                  <SP HEIGHT="44" WIDTH="11" VPOS="1433" HPOS="1380"/>
                  <String HEIGHT="44" WIDTH="43" VPOS="1433" HPOS="1337" CONTENT="se"/>
               </TextLine>
               <TextLine ID="r1l102"
                         BASELINE="1496"
                         HEIGHT="33"
                         WIDTH="596"
                         VPOS="1463"
                         HPOS="789">
                  <String HEIGHT="33"
                          WIDTH="88"
                          VPOS="1463"
                          HPOS="778"
                          CONTENT="xtum"/>
                  <SP HEIGHT="33" WIDTH="11" VPOS="1463" HPOS="866"/>
                  <String HEIGHT="33"
                          WIDTH="155"
                          VPOS="1463"
                          HPOS="833"
                          CONTENT="antecedens"/>
                  <SP HEIGHT="33" WIDTH="11" VPOS="1463" HPOS="988"/>
                  <String HEIGHT="33" WIDTH="77" VPOS="1463" HPOS="955" CONTENT="est"/>
                  <SP HEIGHT="33" WIDTH="11" VPOS="1463" HPOS="1032"/>
                  <String HEIGHT="33"
                          WIDTH="88"
                          VPOS="1463"
                          HPOS="999"
                          CONTENT="mihi"/>
                  <SP HEIGHT="33" WIDTH="11" VPOS="1463" HPOS="1087"/>
                  <String HEIGHT="33"
                          WIDTH="143"
                          VPOS="1463"
                          HPOS="1054"
                          CONTENT="probabile"/>
                  <SP HEIGHT="33" WIDTH="11" VPOS="1463" HPOS="1197"/>
                  <String HEIGHT="33"
                          WIDTH="110"
                          VPOS="1463"
                          HPOS="1164"
                          CONTENT="dubium"/>
                  <SP HEIGHT="33" WIDTH="11" VPOS="1463" HPOS="1275"/>
                  <String HEIGHT="33"
                          WIDTH="99"
                          VPOS="1463"
                          HPOS="1242"
                          CONTENT="tamen"/>
                  <SP HEIGHT="33" WIDTH="11" VPOS="1463" HPOS="1341"/>
                  <String HEIGHT="33"
                          WIDTH="77"
                          VPOS="1463"
                          HPOS="1308"
                          CONTENT="pro"/>
                  <SP HEIGHT="33" WIDTH="11" VPOS="1463" HPOS="1385"/>
                  <String HEIGHT="33" WIDTH="44" VPOS="1463" HPOS="1341" CONTENT="eo"/>
               </TextLine>
               <TextLine ID="r1l104"
                         BASELINE="1527"
                         HEIGHT="36"
                         WIDTH="590"
                         VPOS="1491"
                         HPOS="795">
                  <String HEIGHT="36"
                          WIDTH="83"
                          VPOS="1491"
                          HPOS="785"
                          CONTENT="quod"/>
                  <SP HEIGHT="36" WIDTH="10" VPOS="1491" HPOS="867"/>
                  <String HEIGHT="36" WIDTH="72" VPOS="1491" HPOS="836" CONTENT="non"/>
                  <SP HEIGHT="36" WIDTH="10" VPOS="1491" HPOS="909"/>
                  <String HEIGHT="36" WIDTH="72" VPOS="1491" HPOS="878" CONTENT="est"/>
                  <SP HEIGHT="36" WIDTH="10" VPOS="1491" HPOS="950"/>
                  <String HEIGHT="36" WIDTH="62" VPOS="1491" HPOS="919" CONTENT="de"/>
                  <SP HEIGHT="36" WIDTH="10" VPOS="1491" HPOS="981"/>
                  <String HEIGHT="36" WIDTH="72" VPOS="1491" HPOS="950" CONTENT="deo"/>
                  <SP HEIGHT="36" WIDTH="10" VPOS="1491" HPOS="1023"/>
                  <String HEIGHT="36"
                          WIDTH="93"
                          VPOS="1491"
                          HPOS="992"
                          CONTENT="sicut"/>
                  <SP HEIGHT="36" WIDTH="10" VPOS="1491" HPOS="1085"/>
                  <String HEIGHT="36" WIDTH="62" VPOS="1491" HPOS="1054" CONTENT="de"/>
                  <SP HEIGHT="36" WIDTH="10" VPOS="1491" HPOS="1116"/>
                  <String HEIGHT="36"
                          WIDTH="83"
                          VPOS="1491"
                          HPOS="1085"
                          CONTENT="alus"/>
                  <SP HEIGHT="36" WIDTH="10" VPOS="1491" HPOS="1168"/>
                  <String HEIGHT="36"
                          WIDTH="124"
                          VPOS="1491"
                          HPOS="1137"
                          CONTENT="obiectis"/>
                  <SP HEIGHT="36" WIDTH="10" VPOS="1491" HPOS="1261"/>
                  <String HEIGHT="36"
                          WIDTH="135"
                          VPOS="1491"
                          HPOS="1230"
                          CONTENT="quodlibet"/>
                  <SP HEIGHT="36" WIDTH="10" VPOS="1491" HPOS="1364"/>
                  <String HEIGHT="36"
                          WIDTH="62"
                          VPOS="1491"
                          HPOS="1323"
                          CONTENT="enim"/>
               </TextLine>
               <TextLine ID="r1l106"
                         BASELINE="1554"
                         HEIGHT="33"
                         WIDTH="590"
                         VPOS="1521"
                         HPOS="791">
                  <String HEIGHT="33"
                          WIDTH="108"
                          VPOS="1521"
                          HPOS="779"
                          CONTENT="aliud"/>
                  <SP HEIGHT="33" WIDTH="12" VPOS="1521" HPOS="887"/>
                  <String HEIGHT="33"
                          WIDTH="144"
                          VPOS="1521"
                          HPOS="851"
                          CONTENT="obiectum"/>
                  <SP HEIGHT="33" WIDTH="12" VPOS="1521" HPOS="996"/>
                  <String HEIGHT="33" WIDTH="84" VPOS="1521" HPOS="960" CONTENT="sta"/>
                  <SP HEIGHT="33" WIDTH="12" VPOS="1521" HPOS="1044"/>
                  <String HEIGHT="33"
                          WIDTH="181"
                          VPOS="1521"
                          HPOS="1008"
                          CONTENT="naturaliter"/>
                  <SP HEIGHT="33" WIDTH="12" VPOS="1521" HPOS="1188"/>
                  <String HEIGHT="33"
                          WIDTH="108"
                          VPOS="1521"
                          HPOS="1152"
                          CONTENT="mouet"/>
                  <SP HEIGHT="33" WIDTH="12" VPOS="1521" HPOS="1261"/>
                  <String HEIGHT="33"
                          WIDTH="157"
                          VPOS="1521"
                          HPOS="1224"
                          CONTENT="potentiam"/>
                  <SP HEIGHT="33" WIDTH="12" VPOS="1521" HPOS="1381"/>
                  <String HEIGHT="33" WIDTH="48" VPOS="1521" HPOS="1333" CONTENT="co"/>
               </TextLine>
               <TextLine ID="r1l108"
                         BASELINE="1587"
                         HEIGHT="42"
                         WIDTH="592"
                         VPOS="1545"
                         HPOS="791">
                  <String HEIGHT="42"
                          WIDTH="122"
                          VPOS="1545"
                          HPOS="781"
                          CONTENT="gnitiuam"/>
                  <SP HEIGHT="42" WIDTH="10" VPOS="1545" HPOS="903"/>
                  <String HEIGHT="42"
                          WIDTH="82"
                          VPOS="1545"
                          HPOS="873"
                          CONTENT="sibi"/>
                  <SP HEIGHT="42" WIDTH="10" VPOS="1545" HPOS="954"/>
                  <String HEIGHT="42"
                          WIDTH="204"
                          VPOS="1545"
                          HPOS="924"
                          CONTENT="proportionaliter"/>
                  <SP HEIGHT="42" WIDTH="10" VPOS="1545" HPOS="1128"/>
                  <String HEIGHT="42"
                          WIDTH="143"
                          VPOS="1545"
                          HPOS="1097"
                          CONTENT="praesentem"/>
                  <SP HEIGHT="42" WIDTH="10" VPOS="1545" HPOS="1240"/>
                  <String HEIGHT="42" WIDTH="61" VPOS="1545" HPOS="1209" CONTENT="et"/>
                  <SP HEIGHT="42" WIDTH="10" VPOS="1545" HPOS="1271"/>
                  <String HEIGHT="42"
                          WIDTH="143"
                          VPOS="1545"
                          HPOS="1240"
                          CONTENT="dispositam"/>
                  <SP HEIGHT="42" WIDTH="10" VPOS="1545" HPOS="1383"/>
                  <String HEIGHT="42" WIDTH="41" VPOS="1545" HPOS="1342" CONTENT="si"/>
               </TextLine>
               <TextLine ID="r1l110"
                         BASELINE="1616"
                         HEIGHT="37"
                         WIDTH="593"
                         VPOS="1579"
                         HPOS="788">
                  <String HEIGHT="37"
                          WIDTH="90"
                          VPOS="1579"
                          HPOS="777"
                          CONTENT="alia"/>
                  <SP HEIGHT="37" WIDTH="11" VPOS="1579" HPOS="866"/>
                  <String HEIGHT="37"
                          WIDTH="145"
                          VPOS="1579"
                          HPOS="833"
                          CONTENT="requisita"/>
                  <SP HEIGHT="37" WIDTH="11" VPOS="1579" HPOS="978"/>
                  <String HEIGHT="37"
                          WIDTH="157"
                          VPOS="1579"
                          HPOS="945"
                          CONTENT="concurrant"/>
                  <SP HEIGHT="37" WIDTH="11" VPOS="1579" HPOS="1101"/>
                  <String HEIGHT="37"
                          WIDTH="101"
                          VPOS="1579"
                          HPOS="1068"
                          CONTENT="sicut"/>
                  <SP HEIGHT="37" WIDTH="11" VPOS="1579" HPOS="1168"/>
                  <String HEIGHT="37"
                          WIDTH="101"
                          VPOS="1579"
                          HPOS="1135"
                          CONTENT="ignis"/>
                  <SP HEIGHT="37" WIDTH="11" VPOS="1579" HPOS="1236"/>
                  <String HEIGHT="37"
                          WIDTH="123"
                          VPOS="1579"
                          HPOS="1202"
                          CONTENT="coburit"/>
                  <SP HEIGHT="37" WIDTH="11" VPOS="1579" HPOS="1325"/>
                  <String HEIGHT="37"
                          WIDTH="101"
                          VPOS="1579"
                          HPOS="1280"
                          CONTENT="stuppan"/>
               </TextLine>
               <TextLine ID="r1l112"
                         BASELINE="1640"
                         HEIGHT="39"
                         WIDTH="598"
                         VPOS="1601"
                         HPOS="787">
                  <String HEIGHT="39"
                          WIDTH="89"
                          VPOS="1601"
                          HPOS="776"
                          CONTENT="deus"/>
                  <SP HEIGHT="39" WIDTH="11" VPOS="1601" HPOS="865"/>
                  <String HEIGHT="39"
                          WIDTH="100"
                          VPOS="1601"
                          HPOS="831"
                          CONTENT="autem"/>
                  <SP HEIGHT="39" WIDTH="11" VPOS="1601" HPOS="931"/>
                  <String HEIGHT="39" WIDTH="78" VPOS="1601" HPOS="898" CONTENT="est"/>
                  <SP HEIGHT="39" WIDTH="11" VPOS="1601" HPOS="975"/>
                  <String HEIGHT="39"
                          WIDTH="133"
                          VPOS="1601"
                          HPOS="942"
                          CONTENT="obiectum"/>
                  <SP HEIGHT="39" WIDTH="11" VPOS="1601" HPOS="1075"/>
                  <String HEIGHT="39"
                          WIDTH="155"
                          VPOS="1601"
                          HPOS="1042"
                          CONTENT="voluntarie"/>
                  <SP HEIGHT="39" WIDTH="11" VPOS="1601" HPOS="1197"/>
                  <String HEIGHT="39"
                          WIDTH="100"
                          VPOS="1601"
                          HPOS="1164"
                          CONTENT="solum"/>
                  <SP HEIGHT="39" WIDTH="11" VPOS="1601" HPOS="1263"/>
                  <String HEIGHT="39"
                          WIDTH="122"
                          VPOS="1601"
                          HPOS="1230"
                          CONTENT="mouetus"/>
                  <SP HEIGHT="39" WIDTH="11" VPOS="1601" HPOS="1352"/>
                  <String HEIGHT="39" WIDTH="66" VPOS="1601" HPOS="1319" CONTENT="ad"/>
                  <SP HEIGHT="39" WIDTH="11" VPOS="1601" HPOS="1385"/>
                  <String HEIGHT="39" WIDTH="44" VPOS="1601" HPOS="1341" CONTENT="no"/>
               </TextLine>
               <TextLine ID="r1l114"
                         BASELINE="1667"
                         HEIGHT="36"
                         WIDTH="593"
                         VPOS="1631"
                         HPOS="791">
                  <String HEIGHT="36"
                          WIDTH="96"
                          VPOS="1631"
                          HPOS="781"
                          CONTENT="ticiam"/>
                  <SP HEIGHT="36" WIDTH="10" VPOS="1631" HPOS="877"/>
                  <String HEIGHT="36"
                          WIDTH="86"
                          VPOS="1631"
                          HPOS="848"
                          CONTENT="etiam"/>
                  <SP HEIGHT="36" WIDTH="10" VPOS="1631" HPOS="934"/>
                  <String HEIGHT="36"
                          WIDTH="153"
                          VPOS="1631"
                          HPOS="906"
                          CONTENT="quibuscumque"/>
                  <SP HEIGHT="36" WIDTH="10" VPOS="1631" HPOS="1059"/>
                  <String HEIGHT="36"
                          WIDTH="86"
                          VPOS="1631"
                          HPOS="1030"
                          CONTENT="aliis"/>
                  <SP HEIGHT="36" WIDTH="10" VPOS="1631" HPOS="1116"/>
                  <String HEIGHT="36"
                          WIDTH="134"
                          VPOS="1631"
                          HPOS="1088"
                          CONTENT="requisitis"/>
                  <SP HEIGHT="36" WIDTH="10" VPOS="1631" HPOS="1221"/>
                  <String HEIGHT="36"
                          WIDTH="172"
                          VPOS="1631"
                          HPOS="1193"
                          CONTENT="concurrentibus"/>
                  <SP HEIGHT="36" WIDTH="10" VPOS="1631" HPOS="1365"/>
                  <String HEIGHT="36"
                          WIDTH="57"
                          VPOS="1631"
                          HPOS="1327"
                          CONTENT="quia"/>
               </TextLine>
               <TextLine ID="r1l116"
                         BASELINE="1699"
                         HEIGHT="42"
                         WIDTH="590"
                         VPOS="1657"
                         HPOS="791">
                  <String HEIGHT="42"
                          WIDTH="89"
                          VPOS="1657"
                          HPOS="781"
                          CONTENT="secum"/>
                  <SP HEIGHT="42" WIDTH="10" VPOS="1657" HPOS="870"/>
                  <String HEIGHT="42"
                          WIDTH="148"
                          VPOS="1657"
                          HPOS="840"
                          CONTENT="augustinus."/>
                  <SP HEIGHT="42" WIDTH="10" VPOS="1657" HPOS="988"/>
                  <String HEIGHT="42" WIDTH="59" VPOS="1657" HPOS="958" CONTENT="oe"/>
                  <SP HEIGHT="42" WIDTH="10" VPOS="1657" HPOS="1017"/>
                  <String HEIGHT="42"
                          WIDTH="108"
                          VPOS="1657"
                          HPOS="988"
                          CONTENT="videndo"/>
                  <SP HEIGHT="42" WIDTH="10" VPOS="1657" HPOS="1096"/>
                  <String HEIGHT="42"
                          WIDTH="69"
                          VPOS="1657"
                          HPOS="1066"
                          CONTENT="deo"/>
                  <SP HEIGHT="42" WIDTH="10" VPOS="1657" HPOS="1135"/>
                  <String HEIGHT="42" WIDTH="59" VPOS="1657" HPOS="1106" CONTENT="si"/>
                  <SP HEIGHT="42" WIDTH="10" VPOS="1657" HPOS="1165"/>
                  <String HEIGHT="42"
                          WIDTH="79"
                          VPOS="1657"
                          HPOS="1135"
                          CONTENT="vult"/>
                  <SP HEIGHT="42" WIDTH="10" VPOS="1657" HPOS="1214"/>
                  <String HEIGHT="42"
                          WIDTH="108"
                          VPOS="1657"
                          HPOS="1184"
                          CONTENT="videtur"/>
                  <SP HEIGHT="42" WIDTH="10" VPOS="1657" HPOS="1293"/>
                  <String HEIGHT="42" WIDTH="59" VPOS="1657" HPOS="1263" CONTENT="si"/>
                  <SP HEIGHT="42" WIDTH="10" VPOS="1657" HPOS="1322"/>
                  <String HEIGHT="42"
                          WIDTH="69"
                          VPOS="1657"
                          HPOS="1293"
                          CONTENT="non"/>
                  <SP HEIGHT="42" WIDTH="10" VPOS="1657" HPOS="1361"/>
                  <String HEIGHT="42"
                          WIDTH="59"
                          VPOS="1657"
                          HPOS="1322"
                          CONTENT="vult"/>
               </TextLine>
               <TextLine ID="r1l118"
                         BASELINE="1729"
                         HEIGHT="39"
                         WIDTH="590"
                         VPOS="1690"
                         HPOS="795">
                  <String HEIGHT="39" WIDTH="71" VPOS="1690" HPOS="785" CONTENT="non"/>
                  <SP HEIGHT="39" WIDTH="10" VPOS="1690" HPOS="856"/>
                  <String HEIGHT="39"
                          WIDTH="112"
                          VPOS="1690"
                          HPOS="826"
                          CONTENT="videtur"/>
                  <SP HEIGHT="39" WIDTH="10" VPOS="1690" HPOS="937"/>
                  <String HEIGHT="39"
                          WIDTH="92"
                          VPOS="1690"
                          HPOS="907"
                          CONTENT="etiam"/>
                  <SP HEIGHT="39" WIDTH="10" VPOS="1690" HPOS="998"/>
                  <String HEIGHT="39"
                          WIDTH="81"
                          VPOS="1690"
                          HPOS="968"
                          CONTENT="deus"/>
                  <SP HEIGHT="39" WIDTH="10" VPOS="1690" HPOS="1049"/>
                  <String HEIGHT="39"
                          WIDTH="122"
                          VPOS="1690"
                          HPOS="1019"
                          CONTENT="quicquid"/>
                  <SP HEIGHT="39" WIDTH="10" VPOS="1690" HPOS="1141"/>
                  <String HEIGHT="39"
                          WIDTH="81"
                          VPOS="1690"
                          HPOS="1110"
                          CONTENT="agit"/>
                  <SP HEIGHT="39" WIDTH="10" VPOS="1690" HPOS="1192"/>
                  <String HEIGHT="39" WIDTH="61" VPOS="1690" HPOS="1161" CONTENT="ad"/>
                  <SP HEIGHT="39" WIDTH="10" VPOS="1690" HPOS="1222"/>
                  <String HEIGHT="39"
                          WIDTH="92"
                          VPOS="1690"
                          HPOS="1192"
                          CONTENT="extra"/>
                  <SP HEIGHT="39" WIDTH="10" VPOS="1690" HPOS="1283"/>
                  <String HEIGHT="39"
                          WIDTH="142"
                          VPOS="1690"
                          HPOS="1243"
                          CONTENT="contingenter"/>
               </TextLine>
               <TextLine ID="r1l120"
                         BASELINE="1756"
                         HEIGHT="38"
                         WIDTH="598"
                         VPOS="1718"
                         HPOS="785">
                  <String HEIGHT="38"
                          WIDTH="84"
                          VPOS="1718"
                          HPOS="775"
                          CONTENT="agit"/>
                  <SP HEIGHT="38" WIDTH="10" VPOS="1718" HPOS="858"/>
                  <String HEIGHT="38" WIDTH="63" VPOS="1718" HPOS="827" CONTENT="et"/>
                  <SP HEIGHT="38" WIDTH="10" VPOS="1718" HPOS="890"/>
                  <String HEIGHT="38"
                          WIDTH="105"
                          VPOS="1718"
                          HPOS="858"
                          CONTENT="libere"/>
                  <SP HEIGHT="38" WIDTH="10" VPOS="1718" HPOS="963"/>
                  <String HEIGHT="38"
                          WIDTH="105"
                          VPOS="1718"
                          HPOS="932"
                          CONTENT="igitur"/>
                  <SP HEIGHT="38" WIDTH="10" VPOS="1718" HPOS="1037"/>
                  <String HEIGHT="38" WIDTH="63" VPOS="1718" HPOS="1005" CONTENT="ad"/>
                  <SP HEIGHT="38" WIDTH="10" VPOS="1718" HPOS="1068"/>
                  <String HEIGHT="38"
                          WIDTH="73"
                          VPOS="1718"
                          HPOS="1037"
                          CONTENT="dei"/>
                  <SP HEIGHT="38" WIDTH="10" VPOS="1718" HPOS="1110"/>
                  <String HEIGHT="38"
                          WIDTH="126"
                          VPOS="1718"
                          HPOS="1079"
                          CONTENT="visionem"/>
                  <SP HEIGHT="38" WIDTH="10" VPOS="1718" HPOS="1205"/>
                  <String HEIGHT="38"
                          WIDTH="73"
                          VPOS="1718"
                          HPOS="1173"
                          CONTENT="non"/>
                  <SP HEIGHT="38" WIDTH="10" VPOS="1718" HPOS="1247"/>
                  <String HEIGHT="38"
                          WIDTH="126"
                          VPOS="1718"
                          HPOS="1215"
                          CONTENT="sufficit"/>
                  <SP HEIGHT="38" WIDTH="10" VPOS="1718" HPOS="1341"/>
                  <String HEIGHT="38"
                          WIDTH="84"
                          VPOS="1718"
                          HPOS="1299"
                          CONTENT="genera"/>
               </TextLine>
               <TextLine ID="r1l122"
                         BASELINE="1784"
                         HEIGHT="43"
                         WIDTH="591"
                         VPOS="1741"
                         HPOS="791">
                  <String HEIGHT="43" WIDTH="68" VPOS="1741" HPOS="781" CONTENT="lis"/>
                  <SP HEIGHT="43" WIDTH="10" VPOS="1741" HPOS="849"/>
                  <String HEIGHT="43"
                          WIDTH="136"
                          VPOS="1741"
                          HPOS="820"
                          CONTENT="infiuentia"/>
                  <SP HEIGHT="43" WIDTH="10" VPOS="1741" HPOS="956"/>
                  <String HEIGHT="43" WIDTH="68" VPOS="1741" HPOS="927" CONTENT="cum"/>
                  <SP HEIGHT="43" WIDTH="10" VPOS="1741" HPOS="994"/>
                  <String HEIGHT="43"
                          WIDTH="87"
                          VPOS="1741"
                          HPOS="965"
                          CONTENT="aliis"/>
                  <SP HEIGHT="43" WIDTH="10" VPOS="1741" HPOS="1053"/>
                  <String HEIGHT="43"
                          WIDTH="97"
                          VPOS="1741"
                          HPOS="1024"
                          CONTENT="natura"/>
                  <SP HEIGHT="43" WIDTH="10" VPOS="1741" HPOS="1120"/>
                  <String HEIGHT="43"
                          WIDTH="78"
                          VPOS="1741"
                          HPOS="1091"
                          CONTENT="iter"/>
                  <SP HEIGHT="43" WIDTH="10" VPOS="1741" HPOS="1169"/>
                  <String HEIGHT="43"
                          WIDTH="145"
                          VPOS="1741"
                          HPOS="1140"
                          CONTENT="requisitis."/>
                  <SP HEIGHT="43" WIDTH="10" VPOS="1741" HPOS="1285"/>
                  <String HEIGHT="43" WIDTH="48" VPOS="1741" HPOS="1256" CONTENT="⁋"/>
                  <SP HEIGHT="43" WIDTH="10" VPOS="1741" HPOS="1304"/>
                  <String HEIGHT="43"
                          WIDTH="78"
                          VPOS="1741"
                          HPOS="1275"
                          CONTENT="Huic"/>
                  <SP HEIGHT="43" WIDTH="10" VPOS="1741" HPOS="1353"/>
                  <String HEIGHT="43"
                          WIDTH="68"
                          VPOS="1741"
                          HPOS="1314"
                          CONTENT="tamen"/>
               </TextLine>
               <TextLine ID="r1l124"
                         BASELINE="1814"
                         HEIGHT="40"
                         WIDTH="600"
                         VPOS="1774"
                         HPOS="784">
                  <String HEIGHT="40" WIDTH="76" VPOS="1774" HPOS="773" CONTENT="non"/>
                  <SP HEIGHT="40" WIDTH="11" VPOS="1774" HPOS="849"/>
                  <String HEIGHT="40"
                          WIDTH="109"
                          VPOS="1774"
                          HPOS="817"
                          CONTENT="obstat"/>
                  <SP HEIGHT="40" WIDTH="11" VPOS="1774" HPOS="926"/>
                  <String HEIGHT="40"
                          WIDTH="87"
                          VPOS="1774"
                          HPOS="893"
                          CONTENT="quin"/>
                  <SP HEIGHT="40" WIDTH="11" VPOS="1774" HPOS="980"/>
                  <String HEIGHT="40" WIDTH="76" VPOS="1774" HPOS="948" CONTENT="deo"/>
                  <SP HEIGHT="40" WIDTH="11" VPOS="1774" HPOS="1024"/>
                  <String HEIGHT="40"
                          WIDTH="164"
                          VPOS="1774"
                          HPOS="991"
                          CONTENT="specialiter"/>
                  <SP HEIGHT="40" WIDTH="11" VPOS="1774" HPOS="1155"/>
                  <String HEIGHT="40"
                          WIDTH="109"
                          VPOS="1774"
                          HPOS="1122"
                          CONTENT="agente"/>
                  <SP HEIGHT="40" WIDTH="11" VPOS="1774" HPOS="1231"/>
                  <String HEIGHT="40"
                          WIDTH="120"
                          VPOS="1774"
                          HPOS="1199"
                          CONTENT="mouente"/>
                  <SP HEIGHT="40" WIDTH="11" VPOS="1774" HPOS="1319"/>
                  <String HEIGHT="40"
                          WIDTH="98"
                          VPOS="1774"
                          HPOS="1286"
                          CONTENT="illam"/>
                  <SP HEIGHT="40" WIDTH="11" VPOS="1774" HPOS="1384"/>
                  <String HEIGHT="40" WIDTH="44" VPOS="1774" HPOS="1340" CONTENT="vi"/>
               </TextLine>
               <TextLine ID="r1l126"
                         BASELINE="1840"
                         HEIGHT="42"
                         WIDTH="585"
                         VPOS="1798"
                         HPOS="792">
                  <String HEIGHT="42"
                          WIDTH="96"
                          VPOS="1798"
                          HPOS="782"
                          CONTENT="sionem"/>
                  <SP HEIGHT="42" WIDTH="10" VPOS="1798" HPOS="878"/>
                  <String HEIGHT="42" WIDTH="58" VPOS="1798" HPOS="850" CONTENT="et"/>
                  <SP HEIGHT="42" WIDTH="10" VPOS="1798" HPOS="907"/>
                  <String HEIGHT="42"
                          WIDTH="115"
                          VPOS="1798"
                          HPOS="878"
                          CONTENT="mouentem"/>
                  <SP HEIGHT="42" WIDTH="10" VPOS="1798" HPOS="993"/>
                  <String HEIGHT="42"
                          WIDTH="144"
                          VPOS="1798"
                          HPOS="965"
                          CONTENT="intellectum"/>
                  <SP HEIGHT="42" WIDTH="10" VPOS="1798" HPOS="1108"/>
                  <String HEIGHT="42"
                          WIDTH="67"
                          VPOS="1798"
                          HPOS="1080"
                          CONTENT="per"/>
                  <SP HEIGHT="42" WIDTH="10" VPOS="1798" HPOS="1147"/>
                  <String HEIGHT="42"
                          WIDTH="153"
                          VPOS="1798"
                          HPOS="1118"
                          CONTENT="impressionem"/>
                  <SP HEIGHT="42" WIDTH="10" VPOS="1798" HPOS="1272"/>
                  <String HEIGHT="42"
                          WIDTH="115"
                          VPOS="1798"
                          HPOS="1243"
                          CONTENT="visionis"/>
                  <SP HEIGHT="42" WIDTH="10" VPOS="1798" HPOS="1358"/>
                  <String HEIGHT="42"
                          WIDTH="58"
                          VPOS="1798"
                          HPOS="1319"
                          CONTENT="ipse"/>
               </TextLine>
               <TextLine ID="r1l128"
                         BASELINE="1870"
                         HEIGHT="43"
                         WIDTH="587"
                         VPOS="1827"
                         HPOS="788">
                  <String HEIGHT="43"
                          WIDTH="154"
                          VPOS="1827"
                          HPOS="778"
                          CONTENT="intellectus"/>
                  <SP HEIGHT="43" WIDTH="10" VPOS="1827" HPOS="932"/>
                  <String HEIGHT="43"
                          WIDTH="103"
                          VPOS="1827"
                          HPOS="901"
                          CONTENT="possit"/>
                  <SP HEIGHT="43" WIDTH="10" VPOS="1827" HPOS="1004"/>
                  <String HEIGHT="43"
                          WIDTH="82"
                          VPOS="1827"
                          HPOS="973"
                          CONTENT="sibi"/>
                  <SP HEIGHT="43" WIDTH="10" VPOS="1827" HPOS="1056"/>
                  <String HEIGHT="43"
                          WIDTH="134"
                          VPOS="1827"
                          HPOS="1025"
                          CONTENT="cooperari"/>
                  <SP HEIGHT="43" WIDTH="10" VPOS="1827" HPOS="1159"/>
                  <String HEIGHT="43"
                          WIDTH="154"
                          VPOS="1827"
                          HPOS="1128"
                          CONTENT="partialiter"/>
                  <SP HEIGHT="43" WIDTH="10" VPOS="1827" HPOS="1282"/>
                  <String HEIGHT="43" WIDTH="62" VPOS="1827" HPOS="1251" CONTENT="si"/>
                  <SP HEIGHT="43" WIDTH="10" VPOS="1827" HPOS="1313"/>
                  <String HEIGHT="43"
                          WIDTH="82"
                          VPOS="1827"
                          HPOS="1282"
                          CONTENT="deus"/>
                  <SP HEIGHT="43" WIDTH="10" VPOS="1827" HPOS="1365"/>
                  <String HEIGHT="43"
                          WIDTH="51"
                          VPOS="1827"
                          HPOS="1324"
                          CONTENT="per"/>
               </TextLine>
               <TextLine ID="r1l130"
                         BASELINE="1895"
                         HEIGHT="39"
                         WIDTH="603"
                         VPOS="1856"
                         HPOS="783">
                  <String HEIGHT="39"
                          WIDTH="110"
                          VPOS="1856"
                          HPOS="772"
                          CONTENT="mittat"/>
                  <SP HEIGHT="39" WIDTH="11" VPOS="1856" HPOS="882"/>
                  <String HEIGHT="39" WIDTH="77" VPOS="1856" HPOS="849" CONTENT="nec"/>
                  <SP HEIGHT="39" WIDTH="11" VPOS="1856" HPOS="926"/>
                  <String HEIGHT="39"
                          WIDTH="99"
                          VPOS="1856"
                          HPOS="893"
                          CONTENT="video"/>
                  <SP HEIGHT="39" WIDTH="11" VPOS="1856" HPOS="991"/>
                  <String HEIGHT="39"
                          WIDTH="121"
                          VPOS="1856"
                          HPOS="958"
                          CONTENT="aliquid"/>
                  <SP HEIGHT="39" WIDTH="11" VPOS="1856" HPOS="1079"/>
                  <String HEIGHT="39"
                          WIDTH="121"
                          VPOS="1856"
                          HPOS="1046"
                          CONTENT="obstare"/>
                  <SP HEIGHT="39" WIDTH="11" VPOS="1856" HPOS="1167"/>
                  <String HEIGHT="39"
                          WIDTH="88"
                          VPOS="1856"
                          HPOS="1134"
                          CONTENT="nisi"/>
                  <SP HEIGHT="39" WIDTH="11" VPOS="1856" HPOS="1222"/>
                  <String HEIGHT="39"
                          WIDTH="88"
                          VPOS="1856"
                          HPOS="1189"
                          CONTENT="quod"/>
                  <SP HEIGHT="39" WIDTH="11" VPOS="1856" HPOS="1276"/>
                  <String HEIGHT="39"
                          WIDTH="88"
                          VPOS="1856"
                          HPOS="1243"
                          CONTENT="tunc"/>
                  <SP HEIGHT="39" WIDTH="11" VPOS="1856" HPOS="1331"/>
                  <String HEIGHT="39"
                          WIDTH="99"
                          VPOS="1856"
                          HPOS="1287"
                          CONTENT="beatifi"/>
               </TextLine>
               <TextLine ID="r1l132"
                         BASELINE="1926"
                         HEIGHT="35"
                         WIDTH="593"
                         VPOS="1891"
                         HPOS="784">
                  <String HEIGHT="35"
                          WIDTH="109"
                          VPOS="1891"
                          HPOS="772"
                          CONTENT="caret"/>
                  <SP HEIGHT="35" WIDTH="12" VPOS="1891" HPOS="881"/>
                  <String HEIGHT="35" WIDTH="73" VPOS="1891" HPOS="845" CONTENT="se"/>
                  <SP HEIGHT="35" WIDTH="12" VPOS="1891" HPOS="917"/>
                  <String HEIGHT="35"
                          WIDTH="182"
                          VPOS="1891"
                          HPOS="881"
                          CONTENT="partialiter"/>
                  <SP HEIGHT="35" WIDTH="12" VPOS="1891" HPOS="1062"/>
                  <String HEIGHT="35" WIDTH="73" VPOS="1891" HPOS="1026" CONTENT="et"/>
                  <SP HEIGHT="35" WIDTH="12" VPOS="1891" HPOS="1099"/>
                  <String HEIGHT="35"
                          WIDTH="109"
                          VPOS="1891"
                          HPOS="1062"
                          CONTENT="certe"/>
                  <SP HEIGHT="35" WIDTH="12" VPOS="1891" HPOS="1171"/>
                  <String HEIGHT="35"
                          WIDTH="145"
                          VPOS="1891"
                          HPOS="1135"
                          CONTENT="secundum"/>
                  <SP HEIGHT="35" WIDTH="12" VPOS="1891" HPOS="1280"/>
                  <String HEIGHT="35"
                          WIDTH="121"
                          VPOS="1891"
                          HPOS="1244"
                          CONTENT="multos"/>
                  <SP HEIGHT="35" WIDTH="12" VPOS="1891" HPOS="1365"/>
                  <String HEIGHT="35"
                          WIDTH="61"
                          VPOS="1891"
                          HPOS="1316"
                          CONTENT="hoc"/>
               </TextLine>
               <TextLine ID="r1l134"
                         BASELINE="1955"
                         HEIGHT="43"
                         WIDTH="595"
                         VPOS="1912"
                         HPOS="785">
                  <String HEIGHT="43" WIDTH="74" VPOS="1912" HPOS="774" CONTENT="est"/>
                  <SP HEIGHT="43" WIDTH="11" VPOS="1912" HPOS="849"/>
                  <String HEIGHT="43" WIDTH="64" VPOS="1912" HPOS="817" CONTENT="ad"/>
                  <SP HEIGHT="43" WIDTH="11" VPOS="1912" HPOS="881"/>
                  <String HEIGHT="43"
                          WIDTH="106"
                          VPOS="1912"
                          HPOS="849"
                          CONTENT="magnam"/>
                  <SP HEIGHT="43" WIDTH="11" VPOS="1912" HPOS="955"/>
                  <String HEIGHT="43"
                          WIDTH="117"
                          VPOS="1912"
                          HPOS="923"
                          CONTENT="gloriam"/>
                  <SP HEIGHT="43" WIDTH="11" VPOS="1912" HPOS="1040"/>
                  <String HEIGHT="43"
                          WIDTH="117"
                          VPOS="1912"
                          HPOS="1008"
                          CONTENT="negatur"/>
                  <SP HEIGHT="43" WIDTH="11" VPOS="1912" HPOS="1125"/>
                  <String HEIGHT="43"
                          WIDTH="85"
                          VPOS="1912"
                          HPOS="1093"
                          CONTENT="quod"/>
                  <SP HEIGHT="43" WIDTH="11" VPOS="1912" HPOS="1178"/>
                  <String HEIGHT="43"
                          WIDTH="138"
                          VPOS="1912"
                          HPOS="1146"
                          CONTENT="premietur"/>
                  <SP HEIGHT="43" WIDTH="11" VPOS="1912" HPOS="1284"/>
                  <String HEIGHT="43" WIDTH="64" VPOS="1912" HPOS="1253" CONTENT="in"/>
                  <SP HEIGHT="43" WIDTH="11" VPOS="1912" HPOS="1316"/>
                  <String HEIGHT="43" WIDTH="64" VPOS="1912" HPOS="1284" CONTENT="eo"/>
                  <SP HEIGHT="43" WIDTH="11" VPOS="1912" HPOS="1348"/>
                  <String HEIGHT="43"
                          WIDTH="85"
                          VPOS="1912"
                          HPOS="1316"
                          CONTENT="quod"/>
                  <SP HEIGHT="43" WIDTH="11" VPOS="1912" HPOS="1401"/>
                  <String HEIGHT="43" WIDTH="21" VPOS="1912" HPOS="1359" CONTENT=""/>
               </TextLine>
               <TextLine ID="r1l136"
                         BASELINE="1983"
                         HEIGHT="44"
                         WIDTH="600"
                         VPOS="1939"
                         HPOS="785">
                  <String HEIGHT="44"
                          WIDTH="113"
                          VPOS="1939"
                          HPOS="774"
                          CONTENT="actiua"/>
                  <SP HEIGHT="44" WIDTH="11" VPOS="1939" HPOS="887"/>
                  <String HEIGHT="44" WIDTH="79" VPOS="1939" HPOS="853" CONTENT="tam"/>
                  <SP HEIGHT="44" WIDTH="11" VPOS="1939" HPOS="932"/>
                  <String HEIGHT="44" WIDTH="68" VPOS="1939" HPOS="898" CONTENT="in"/>
                  <SP HEIGHT="44" WIDTH="11" VPOS="1939" HPOS="966"/>
                  <String HEIGHT="44" WIDTH="68" VPOS="1939" HPOS="932" CONTENT="eo"/>
                  <SP HEIGHT="44" WIDTH="11" VPOS="1939" HPOS="1000"/>
                  <String HEIGHT="44"
                          WIDTH="91"
                          VPOS="1939"
                          HPOS="966"
                          CONTENT="quam"/>
                  <SP HEIGHT="44" WIDTH="11" VPOS="1939" HPOS="1057"/>
                  <String HEIGHT="44"
                          WIDTH="125"
                          VPOS="1939"
                          HPOS="1023"
                          CONTENT="passiua"/>
                  <SP HEIGHT="44" WIDTH="11" VPOS="1939" HPOS="1147"/>
                  <String HEIGHT="44"
                          WIDTH="125"
                          VPOS="1939"
                          HPOS="1113"
                          CONTENT="diceres"/>
                  <SP HEIGHT="44" WIDTH="11" VPOS="1939" HPOS="1238"/>
                  <String HEIGHT="44"
                          WIDTH="91"
                          VPOS="1939"
                          HPOS="1204"
                          CONTENT="quod"/>
                  <SP HEIGHT="44" WIDTH="11" VPOS="1939" HPOS="1294"/>
                  <String HEIGHT="44"
                          WIDTH="91"
                          VPOS="1939"
                          HPOS="1260"
                          CONTENT="tunc"/>
                  <SP HEIGHT="44" WIDTH="11" VPOS="1939" HPOS="1351"/>
                  <String HEIGHT="44"
                          WIDTH="79"
                          VPOS="1939"
                          HPOS="1306"
                          CONTENT="pares"/>
               </TextLine>
               <TextLine ID="r1l138"
                         BASELINE="2009"
                         HEIGHT="41"
                         WIDTH="592"
                         VPOS="1968"
                         HPOS="783">
                  <String HEIGHT="41" WIDTH="72" VPOS="1968" HPOS="771" CONTENT="in"/>
                  <SP HEIGHT="41" WIDTH="12" VPOS="1968" HPOS="843"/>
                  <String HEIGHT="41"
                          WIDTH="181"
                          VPOS="1968"
                          HPOS="807"
                          CONTENT="naturalibus"/>
                  <SP HEIGHT="41" WIDTH="12" VPOS="1968" HPOS="988"/>
                  <String HEIGHT="41"
                          WIDTH="121"
                          VPOS="1968"
                          HPOS="952"
                          CONTENT="essent"/>
                  <SP HEIGHT="41" WIDTH="12" VPOS="1968" HPOS="1073"/>
                  <String HEIGHT="41" WIDTH="72" VPOS="1968" HPOS="1037" CONTENT="eo"/>
                  <SP HEIGHT="41" WIDTH="12" VPOS="1968" HPOS="1109"/>
                  <String HEIGHT="41"
                          WIDTH="97"
                          VPOS="1968"
                          HPOS="1073"
                          CONTENT="ipso"/>
                  <SP HEIGHT="41" WIDTH="12" VPOS="1968" HPOS="1170"/>
                  <String HEIGHT="41"
                          WIDTH="109"
                          VPOS="1968"
                          HPOS="1133"
                          CONTENT="pares"/>
                  <SP HEIGHT="41" WIDTH="12" VPOS="1968" HPOS="1242"/>
                  <String HEIGHT="41" WIDTH="72" VPOS="1968" HPOS="1206" CONTENT="in"/>
                  <SP HEIGHT="41" WIDTH="12" VPOS="1968" HPOS="1278"/>
                  <String HEIGHT="41"
                          WIDTH="145"
                          VPOS="1968"
                          HPOS="1230"
                          CONTENT="beatitudi"
                          SUBS_TYPE="HypPart1"
                          SUBS_CONTENT="beatitudinibus"/>
                  <HYP CONTENT="-"/>
               </TextLine>
               <TextLine ID="line_1611932856315_205"
                         BASELINE="2038"
                         HEIGHT="40"
                         WIDTH="605"
                         VPOS="1998"
                         HPOS="783">
                  <String HEIGHT="40"
                          WIDTH="118"
                          VPOS="1998"
                          HPOS="770"
                          CONTENT="nibus"
                          SUBS_TYPE="HypPart2"
                          SUBS_CONTENT="beatitudinibus"/>
                  <SP HEIGHT="40" WIDTH="13" VPOS="1998" HPOS="888"/>
                  <String HEIGHT="40"
                          WIDTH="105"
                          VPOS="1998"
                          HPOS="849"
                          CONTENT="quod"/>
                  <SP HEIGHT="40" WIDTH="13" VPOS="1998" HPOS="954"/>
                  <String HEIGHT="40" WIDTH="92" VPOS="1998" HPOS="915" CONTENT="est"/>
                  <SP HEIGHT="40" WIDTH="13" VPOS="1998" HPOS="1007"/>
                  <String HEIGHT="40"
                          WIDTH="132"
                          VPOS="1998"
                          HPOS="967"
                          CONTENT="contra"/>
                  <SP HEIGHT="40" WIDTH="13" VPOS="1998" HPOS="1099"/>
                  <String HEIGHT="40"
                          WIDTH="184"
                          VPOS="1998"
                          HPOS="1059"
                          CONTENT="articulum."/>
                  <SP HEIGHT="40" WIDTH="13" VPOS="1998" HPOS="1243"/>
                  <String HEIGHT="40" WIDTH="66" VPOS="1998" HPOS="1204" CONTENT="⁋"/>
                  <SP HEIGHT="40" WIDTH="13" VPOS="1998" HPOS="1270"/>
                  <String HEIGHT="40"
                          WIDTH="171"
                          VPOS="1998"
                          HPOS="1217"
                          CONTENT="Respondetur"/>
               </TextLine>
               <TextLine ID="line_1611932856316_207"
                         BASELINE="2057"
                         HEIGHT="29"
                         WIDTH="606"
                         VPOS="2028"
                         HPOS="782">
                  <String HEIGHT="29"
                          WIDTH="131"
                          VPOS="2028"
                          HPOS="770"
                          CONTENT="negando"/>
                  <SP HEIGHT="29" WIDTH="12" VPOS="2028" HPOS="901"/>
                  <String HEIGHT="29"
                          WIDTH="202"
                          VPOS="2028"
                          HPOS="865"
                          CONTENT="consequentiam"/>
                  <SP HEIGHT="29" WIDTH="12" VPOS="2028" HPOS="1067"/>
                  <String HEIGHT="29"
                          WIDTH="95"
                          VPOS="2028"
                          HPOS="1032"
                          CONTENT="quia"/>
                  <SP HEIGHT="29" WIDTH="12" VPOS="2028" HPOS="1127"/>
                  <String HEIGHT="29"
                          WIDTH="107"
                          VPOS="2028"
                          HPOS="1091"
                          CONTENT="licet"/>
                  <SP HEIGHT="29" WIDTH="12" VPOS="2028" HPOS="1198"/>
                  <String HEIGHT="29"
                          WIDTH="178"
                          VPOS="2028"
                          HPOS="1162"
                          CONTENT="intellectus"/>
                  <SP HEIGHT="29" WIDTH="12" VPOS="2028" HPOS="1340"/>
                  <String HEIGHT="29"
                          WIDTH="95"
                          VPOS="2028"
                          HPOS="1293"
                          CONTENT="coope"
                          SUBS_TYPE="HypPart1"
                          SUBS_CONTENT="cooperetur"/>
                  <HYP CONTENT="-"/>
               </TextLine>
               <TextLine ID="line_1611932856317_209"
                         BASELINE="2102"
                         HEIGHT="46"
                         WIDTH="604"
                         VPOS="2056"
                         HPOS="783">
                  <String HEIGHT="46"
                          WIDTH="94"
                          VPOS="2056"
                          HPOS="773"
                          CONTENT="retur"
                          SUBS_TYPE="HypPart2"
                          SUBS_CONTENT="cooperetur"/>
                  <SP HEIGHT="46" WIDTH="10" VPOS="2056" HPOS="866"/>
                  <String HEIGHT="46"
                          WIDTH="104"
                          VPOS="2056"
                          HPOS="835"
                          CONTENT="semper"/>
                  <SP HEIGHT="46" WIDTH="10" VPOS="2056" HPOS="939"/>
                  <String HEIGHT="46"
                          WIDTH="115"
                          VPOS="2056"
                          HPOS="908"
                          CONTENT="secudum"/>
                  <SP HEIGHT="46" WIDTH="10" VPOS="2056" HPOS="1023"/>
                  <String HEIGHT="46"
                          WIDTH="115"
                          VPOS="2056"
                          HPOS="991"
                          CONTENT="vltimum"/>
                  <SP HEIGHT="46" WIDTH="10" VPOS="2056" HPOS="1106"/>
                  <String HEIGHT="46"
                          WIDTH="73"
                          VPOS="2056"
                          HPOS="1075"
                          CONTENT="sue"/>
                  <SP HEIGHT="46" WIDTH="10" VPOS="2056" HPOS="1147"/>
                  <String HEIGHT="46"
                          WIDTH="135"
                          VPOS="2056"
                          HPOS="1116"
                          CONTENT="potentiem"/>
                  <SP HEIGHT="46" WIDTH="10" VPOS="2056" HPOS="1252"/>
                  <String HEIGHT="46"
                          WIDTH="94"
                          VPOS="2056"
                          HPOS="1220"
                          CONTENT="tamen"/>
                  <SP HEIGHT="46" WIDTH="10" VPOS="2056" HPOS="1314"/>
                  <String HEIGHT="46"
                          WIDTH="83"
                          VPOS="2056"
                          HPOS="1283"
                          CONTENT="deus"/>
                  <SP HEIGHT="46" WIDTH="10" VPOS="2056" HPOS="1366"/>
                  <String HEIGHT="46"
                          WIDTH="62"
                          VPOS="2056"
                          HPOS="1325"
                          CONTENT="agit"/>
               </TextLine>
               <TextLine ID="line_1611932856318_211"
                         BASELINE="2122"
                         HEIGHT="40"
                         WIDTH="605"
                         VPOS="2082"
                         HPOS="783">
                  <String HEIGHT="40"
                          WIDTH="154"
                          VPOS="2082"
                          HPOS="772"
                          CONTENT="efficatius"/>
                  <SP HEIGHT="40" WIDTH="11" VPOS="2082" HPOS="926"/>
                  <String HEIGHT="40" WIDTH="66" VPOS="2082" HPOS="893" CONTENT="et"/>
                  <SP HEIGHT="40" WIDTH="11" VPOS="2082" HPOS="959"/>
                  <String HEIGHT="40"
                          WIDTH="99"
                          VPOS="2082"
                          HPOS="926"
                          CONTENT="minus"/>
                  <SP HEIGHT="40" WIDTH="11" VPOS="2082" HPOS="1025"/>
                  <String HEIGHT="40"
                          WIDTH="165"
                          VPOS="2082"
                          HPOS="992"
                          CONTENT="efficaciter"/>
                  <SP HEIGHT="40" WIDTH="11" VPOS="2082" HPOS="1157"/>
                  <String HEIGHT="40"
                          WIDTH="121"
                          VPOS="2082"
                          HPOS="1124"
                          CONTENT="secudum"/>
                  <SP HEIGHT="40" WIDTH="11" VPOS="2082" HPOS="1245"/>
                  <String HEIGHT="40"
                          WIDTH="176"
                          VPOS="2082"
                          HPOS="1212"
                          CONTENT="proportionem"/>
                  <SP HEIGHT="40" WIDTH="11" VPOS="2082" HPOS="1388"/>
                  <String HEIGHT="40" WIDTH="44" VPOS="2082" HPOS="1344" CONTENT="me"/>
               </TextLine>
               <TextLine ID="r1l148"
                         BASELINE="2163"
                         HEIGHT="51"
                         WIDTH="586"
                         VPOS="2112"
                         HPOS="787">
                  <String HEIGHT="51"
                          WIDTH="103"
                          VPOS="2112"
                          HPOS="776"
                          CONTENT="ritor"/>
                  <SP HEIGHT="51" WIDTH="11" VPOS="2112" HPOS="879"/>
                  <String HEIGHT="51"
                          WIDTH="92"
                          VPOS="2112"
                          HPOS="844"
                          CONTENT="quia"/>
                  <SP HEIGHT="51" WIDTH="11" VPOS="2112" HPOS="936"/>
                  <String HEIGHT="51"
                          WIDTH="103"
                          VPOS="2112"
                          HPOS="902"
                          CONTENT="tamen"/>
                  <SP HEIGHT="51" WIDTH="11" VPOS="2112" HPOS="1005"/>
                  <String HEIGHT="51"
                          WIDTH="103"
                          VPOS="2112"
                          HPOS="971"
                          CONTENT="illud"/>
                  <SP HEIGHT="51" WIDTH="11" VPOS="2112" HPOS="1074"/>
                  <String HEIGHT="51"
                          WIDTH="126"
                          VPOS="2112"
                          HPOS="1040"
                          CONTENT="probare"/>
                  <SP HEIGHT="51" WIDTH="11" VPOS="2112" HPOS="1166"/>
                  <String HEIGHT="51"
                          WIDTH="115"
                          VPOS="2112"
                          HPOS="1132"
                          CONTENT="nescio"/>
                  <SP HEIGHT="51" WIDTH="11" VPOS="2112" HPOS="1247"/>
                  <String HEIGHT="51"
                          WIDTH="103"
                          VPOS="2112"
                          HPOS="1212"
                          CONTENT="totum"/>
                  <SP HEIGHT="51" WIDTH="11" VPOS="2112" HPOS="1316"/>
                  <String HEIGHT="51"
                          WIDTH="103"
                          VPOS="2112"
                          HPOS="1270"
                          CONTENT="reliquo"/>
               </TextLine>
            </TextBlock>
         </PrintSpace>
      </Page>
   </Layout>
</alto>
