1813 2500
332 233 94 54 xime
391 233 70 54 ab
426 233 94 54 illo
485 233 82 54 qui
532 233 106 54 esset
602 233 70 54 in
637 233 152 54 charitate
754 233 94 54 quia
813 233 106 54 talis
872 233 70 54 obli

330 280 92 36 gari
387 280 115 36 posset
467 280 92 36 quod
524 280 172 36 conformaret
662 280 69 36 se
696 280 80 36 deo
742 280 138 36 inuolito
845 280 92 36 etce
891 280 46 36 vi

338 309 129 32 superius
435 309 108 32 tactum
511 309 75 32 est
554 309 75 32 nec
597 309 108 32 obstat
672 309 86 32 quod
726 309 97 32 talis
791 309 129 32 carentia
877 309 54 32 pos

341 332 74 39 set
384 332 85 39 esse
437 332 96 39 valde
501 332 117 39 penalis
586 332 85 39 quia
639 332 106 39 habens
713 332 138 39 perfectam
809 332 127 39 charitatem

338 366 129 36 paratus
432 366 82 36 est
479 366 70 36 ad
514 366 82 36 dei
561 366 164 36 voluntatem
690 366 117 36 grauem
772 366 105 36 penam
831 366 105 36 sustine

334 392 72 36 re
370 392 60 36 ⁋
394 392 72 36 Ad
430 392 144 36 secundum
539 392 132 36 dicitur
635 392 108 36 primo
707 392 132 36 negando
804 392 96 36 quod
852 392 84 36 talis

340 421 154 34 violenter
459 421 143 34 fruentur
566 421 83 34 deo
613 421 107 34 clare
685 421 95 34 viso
744 421 95 34 quia
803 421 83 34 non
839 421 95 34 contra

333 447 157 35 naturalem
454 447 205 35 inclinationem
623 447 85 35 ymo
671 447 109 35 summe
744 447 145 35 secundum
852 447 85 35 eam
889 447 48 35 be

339 476 64 34 ne
371 476 96 34 tamen
435 476 128 34 sequitur
531 476 85 34 quod
584 476 107 34 inuite
659 476 107 34 contra
734 476 117 34 liberam
808 476 128 34 voluntatis

337 504 145 34 electionem
451 504 104 34 possit
523 504 72 34 hoc
564 504 145 34 contingere
678 504 93 34 sicut
740 504 104 34 auteur
813 504 72 34 nec
854 504 72 34 hoc
885 504 52 34 est

342 535 196 32 inconveniens
501 535 98 32 quia
562 535 73 32 et
599 535 159 32 apostolus
721 535 110 32 actus
794 535 135 32 quosdam
880 535 61 32 ap-

335 565 177 36 petitionis
475 565 164 36 fatebatur
601 565 76 36 se
639 565 127 36 habere
728 565 127 36 contra
816 565 101 36 suam
867 565 63 36 ele

339 587 132 38 ctionem
435 587 72 38 et
471 587 108 38 sicut
543 587 108 38 primo
615 587 144 38 supposui
723 587 108 38 nihil
783 587 156 38 apprehensum

337 623 175 28 efficatius
475 623 125 28 potest
563 623 150 28 allicere
675 623 175 28 voluntatem
813 623 75 28 ad
838 623 100 28 amorem

337 644 86 34 sui
386 644 86 34 per
435 644 110 34 modum
508 644 110 34 finis
582 644 86 34 nec
631 644 147 34 alicuius
741 644 184 34 apprehensio
876 644 61 34 per

340 673 95 34 modum
404 673 148 34 efficienti
520 673 84 34 quam
572 673 95 34 clara
635 673 74 34 dei
678 673 95 34 visio
741 673 63 34 ad
772 673 105 34 amonem
846 673 74 34 dei
878 673 63 34 visi

337 703 83 31 tamen
392 703 93 31 potest
457 703 111 31 distigui
540 703 56 31 si
568 703 148 31 efattendamus
688 703 56 31 ad
716 703 93 31 amonem
781 703 74 31 quae
827 703 111 31 voluntas
901 703 37 31 lc

342 730 179 34 necessario
483 730 128 34 sponte
573 730 115 34 tamen
650 730 154 34 secundum
752 730 192 34 conuenientiam

340 759 125 32 nature
428 759 88 32 sue
478 759 100 32 fert
541 759 75 32 se
578 759 75 32 in
616 759 100 32 deum
678 759 113 32 clare
753 759 113 32 visum
816 759 125 32 secundum

343 786 79 38 hoc
388 786 79 38 non
433 786 113 38 inuite
513 786 79 38 sed
558 786 136 38 spotoste
660 786 91 38 amat
716 786 102 38 ipsum
784 786 68 38 si
807 786 136 38 attendamus

342 815 80 33 ad
382 815 119 33 ipsum
461 815 133 33 eundem
554 815 133 33 amorem
647 815 186 33 comparando
793 815 119 33 ipsum
873 815 80 33 ad
899 815 40 33 e

341 842 155 35 lectionem
460 842 83 35 qua
508 842 143 35 eligitur
615 842 83 35 non
663 842 95 35 esse
723 842 72 35 ad
758 842 107 35 horam
830 842 119 35 inuite
901 842 48 35 ha

343 871 105 35 betur
413 871 58 35 ⁋
437 871 117 35 Simile
519 871 105 35 dicit
589 871 164 35 augustinus
717 871 70 35 de
752 871 70 35 li
787 871 82 35 ar.
834 871 82 35 ca.
881 871 93 35 quin

340 898 62 36 to
371 898 82 36 quod
422 898 72 36 qui
463 898 103 36 contra
535 898 123 36 proprium
627 898 164 36 instrumentum
760 898 62 36 et
791 898 103 36 contra
853 898 92 36 propram

337 929 169 33 spontaneam
469 929 205 33 inclinationem
638 929 96 33 ideo
698 929 144 33 mentitur
807 929 96 33 quod
855 929 96 33 mortem

342 961 111 29 euadat
419 961 111 29 potest
497 961 111 29 inquit
574 961 133 29 forsitam
674 961 88 29 dici
729 961 88 29 quod
784 961 133 29 secundum
873 961 77 29 diuer

341 985 83 34 sas
389 985 166 34 voluntates
519 985 83 34 has
567 985 131 34 propter
662 985 71 34 se
698 985 71 34 et
733 985 131 34 propter
828 985 107 34 aliud
888 985 59 34 si-

343 1012 74 33 cut
386 1012 85 33 ipse
439 1012 169 33 exemplificat
576 1012 74 33 ibi
619 1012 116 33 inuitus
703 1012 64 33 et
735 1012 74 33 non
778 1012 116 33 inuitus
852 1012 95 33 mentiir

350 1041 57 35 ⁋
372 1041 68 35 Ad
406 1041 125 35 tertium
497 1041 91 35 dico
554 1041 91 35 quod
610 1041 102 35 causa
678 1041 102 35 quare
746 1041 102 35 beati
814 1041 125 35 possunt
893 1041 57 35 vel

341 1068 74 34 le
378 1068 147 34 experiri
488 1068 74 34 an
525 1068 135 34 possint
623 1068 110 34 actum
696 1068 172 34 fruitionis
819 1068 135 34 beatifice

346 1093 129 39 suspendere
447 1093 64 39 non
484 1093 64 39 est
521 1093 83 39 causa
576 1093 74 39 illa
622 1093 64 39 que
659 1093 64 39 ibi
695 1093 110 39 tangitur
778 1093 64 39 sed
815 1093 83 39 causa
870 1093 64 39 est
898 1093 55 39 quia

349 1125 72 35 non
390 1125 93 35 decet
452 1125 82 35 quod
503 1125 72 35 sic
545 1125 103 35 velint
617 1125 82 35 nisi
668 1125 62 35 ad
699 1125 72 35 hoc
740 1125 186 35 licentiarentur
895 1125 52 35 a
905 1125 52 35 deo

343 1155 102 34 alias
411 1155 159 34 deordinate
535 1155 136 34 vellent.
637 1155 57 34 ⁋
660 1155 113 34 Decima
740 1155 147 34 conclusio
853 1155 91 34 quod
898 1155 57 34 nul

343 1185 77 31 lus
387 1185 110 31 potest
464 1185 88 31 deum
520 1185 99 31 clare
586 1185 99 31 visum
652 1185 77 31 per
696 1185 66 31 se
729 1185 99 31 odire
795 1185 132 31 electiue
884 1185 66 31 pro-

343 1214 98 31 batur
408 1214 87 31 quia
463 1214 76 31 non
506 1214 76 31 est
550 1214 142 31 possibile
659 1214 87 31 quod
713 1214 87 31 deus
768 1214 98 31 clare
833 1214 98 31 visus
899 1214 54 31 p
909 1214 44 31 er

349 1240 75 35 se
386 1240 212 35 apprehendatur
560 1240 87 35 per
610 1240 112 35 modum
685 1240 212 35 displicibilis
859 1240 87 35 vel
909 1240 75 35 in

356 1272 174 34 conuenientis
498 1272 109 34 igitur
574 1272 87 34 etc.
628 1272 54 34 ⁋
650 1272 131 34 Undecima
748 1272 142 34 conclusio
857 1272 87 34 quod
901 1272 54 34 nec

351 1299 103 33 diuina
423 1299 113 33 bonitas
505 1299 72 33 nec
546 1299 113 33 entitas
628 1299 103 33 potest
700 1299 72 33 per
741 1299 62 33 se
772 1299 82 33 esse
823 1299 92 33 causa
875 1299 82 33 vocan-

349 1325 73 33 di
385 1325 170 33 suspendere
519 1325 109 33 actum
592 1325 182 33 dilectionis
738 1325 109 33 cante
811 1325 85 33 vel
848 1325 109 33 causan-

349 1349 72 39 de
385 1349 144 39 respectu
493 1349 84 39 sui
542 1349 108 39 clare
614 1349 96 39 visi
674 1349 144 39 probatur
782 1349 108 39 nulla
843 1349 108 39 bonitas

346 1386 100 34 potest
416 1386 80 34 esse
466 1386 90 34 causa
526 1386 70 34 sub
566 1386 60 34 ea
596 1386 110 34 ratione
677 1386 70 34 qua
717 1386 70 34 est
757 1386 140 34 conueniens
857 1386 100 34 potentie

355 1410 67 32 et
388 1410 67 32 ab
422 1410 90 32 ipsa
478 1410 168 32 naturaliter
612 1410 168 32 appetibilis
746 1410 78 32 vel
791 1410 78 32 pro
836 1410 67 32 vt
869 1410 78 32 est
903 1410 56 32 ap-

348 1439 108 34 parens
424 1439 97 34 talis
489 1439 86 34 quod
543 1439 65 34 ab
575 1439 86 34 ipsa
629 1439 151 34 resiliatur
748 1439 108 34 igitur
823 1439 86 34 etc.
877 1439 54 34 ⁋
888 1439 65 34 Con-

344 1467 138 37 fitmatur
448 1467 104 37 nulla
517 1467 138 37 conditio
621 1467 196 37 displicibilis
782 1467 127 37 obiecti
863 1467 92 37 potest

348 1504 65 27 ex
381 1504 75 27 hoc
424 1504 86 27 quod
477 1504 183 27 displicibilis
628 1504 75 27 est
671 1504 108 27 mouere
746 1504 140 27 appetitum
854 1504 65 27 ad
886 1504 75 27 sui
918 1504 43 27 a-

356 1526 98 33 morem
421 1526 109 33 igitur
497 1526 76 33 nec
541 1526 130 33 conditio
638 1526 152 33 placibilis
758 1526 65 33 ex
790 1526 76 33 hoc
834 1526 87 33 quod
877 1526 76 33 talis

354 1555 67 33 est
393 1555 67 33 vel
431 1555 96 33 potest
499 1555 77 33 esse
547 1555 87 33 causa
605 1555 87 33 quare
663 1555 116 33 voluntas
750 1555 58 33 ab
778 1555 58 33 eo
807 1555 106 33 refutat
875 1555 77 33 igitur

348 1583 96 32 etc.
408 1583 60 32 ⁋
432 1583 155 32 Duodecima
551 1583 155 32 conclusio
671 1583 120 32 diuina
755 1583 132 32 bonitas
850 1583 108 32 clare
910 1583 48 32 vi

351 1608 70 34 sa
386 1608 70 34 ab
421 1608 116 34 aliquo
503 1608 116 34 potest
584 1608 105 34 odiri
654 1608 58 34 a
677 1608 82 34 sic
724 1608 140 34 vidente.
829 1608 58 34 ⁋
841 1608 116 34 Probatur

349 1641 65 34 si
382 1641 130 34 sciretur
479 1641 54 34 a
501 1641 76 34 sic
545 1641 119 34 vidente
631 1641 87 34 esse
686 1641 87 34 suus
740 1641 141 34 perpetuus
838 1641 119 34 affiictor

358 1667 78 30 vel
402 1667 100 30 nolle
469 1667 89 30 sibi
525 1667 89 30 dare
581 1667 89 30 eius
636 1667 156 30 fruitionem
759 1667 67 30 et
792 1667 122 30 similia
881 1667 67 30 et
914 1667 67 30 in

350 1695 92 32 tali
408 1695 92 32 casu
466 1695 150 32 diceretur
582 1695 81 32 per
628 1695 139 32 accidens
732 1695 104 32 solum
801 1695 69 32 et
836 1695 81 32 non
882 1695 81 32 per
917 1695 46 32 se

348 1725 118 34 odiri.
431 1725 59 34 ⁋
454 1725 94 34 Unde
513 1725 118 34 ansel.
595 1725 71 34 de
631 1725 94 34 casu
689 1725 129 34 dyaboli
784 1725 106 34 capi.
854 1725 71 34 12
878 1725 82 34 dicit

350 1751 78 33 qui
395 1751 90 33 vult
451 1751 123 33 aliquid
540 1751 123 33 propter
630 1751 179 33 beatitudinem
775 1751 78 33 non
820 1751 90 33 vult
864 1751 90 33 alitum

356 1778 82 37 quam
407 1778 164 37 beatitudinem
540 1778 92 37 quare
602 1778 102 37 potest
673 1778 61 37 et
704 1778 82 37 quod
755 1778 92 37 putat
817 1778 113 37 prodeem
899 1778 61 37 ad
919 1778 41 37 be

352 1812 174 28 atitudinem
488 1812 74 28 et
525 1812 112 28 solam
600 1812 198 28 beatitudinem
761 1812 112 28 velle
835 1812 124 28 igitur
909 1812 50 28 ea

350 1839 91 30 dem
402 1839 143 30 ratione
506 1839 117 30 illud
584 1839 104 30 quod
649 1839 117 30 solum
727 1839 143 30 propter
831 1839 117 30 aliud
896 1839 65 30 odi

351 1867 69 36 tur
391 1867 69 36 non
430 1867 69 36 per
470 1867 59 36 se
500 1867 109 36 oditur.
579 1867 50 36 ⁋
599 1867 89 36 Dices
658 1867 59 36 si
688 1867 129 36 possibile
787 1867 69 36 est
826 1867 79 36 quod
866 1867 89 36 aliquis

350 1893 80 38 per
395 1893 102 38 accns
463 1893 102 38 odiat
531 1893 91 38 deum
588 1893 102 38 clare
656 1893 102 38 visum
724 1893 68 38 et
759 1893 80 38 per
804 1893 68 38 te
838 1893 80 38 non
872 1893 91 38 potest

347 1920 96 35 ipsum
411 1920 75 35 non
454 1920 128 35 diligere
550 1920 107 35 igitur
625 1920 96 35 simul
689 1920 85 35 idem
743 1920 139 35 diligeret
849 1920 64 35 et
871 1920 96 35 odiret.

350 1948 52 40 ⁋
370 1948 156 40 Respondetur
496 1948 146 40 concedendo
610 1948 146 40 consequens
725 1948 63 40 ex
756 1948 83 40 alia
809 1948 63 40 et
840 1948 83 40 alia
882 1948 83 40 caunsa

344 1978 72 35 et
380 1978 84 35 hoc
428 1978 109 35 patet
501 1978 84 35 per
549 1978 72 35 ma
585 1978 121 35 vltima
670 1978 84 35 di.
718 1978 109 35 primi
790 1978 84 35 ca.
838 1978 60 35 4
863 1978 84 35 vbi
899 1978 60 35 di-

348 2003 76 37 cit
391 2003 87 37 quod
446 2003 130 37 Christus
543 2003 141 37 pateretur
651 2003 108 37 debuit
727 2003 119 37 placere
814 2003 119 37 sanctis
889 2003 76 37 viris

348 2033 128 33 intuitu
441 2033 116 33 nostre
522 2033 186 33 redemptionis
673 2033 81 33 non
719 2033 128 33 intuitu
812 2033 93 33 eius
859 2033 104 33 crucia-

339 2061 104 34 tus.
404 2061 65 34 ⁋
430 2061 156 34 Secundus
547 2061 169 34 articulus
677 2061 91 34 est
729 2061 182 34 respondere
872 2061 78 34 ad
898 2061 65 34 ar-

338 2088 134 51 gumenta
435 2088 182 51 principalia
581 2088 73 51 et
617 2088 97 51 illa
678 2088 97 51 quae
739 2088 146 51 ponuntur
848 2088 73 51 ad
873 2088 97 51 primam

958 234 116 47 partem
1040 234 163 47 questionis
1168 234 128 47 quantum
1261 234 116 47 valent
1342 234 128 47 probant
1423 234 140 47 conclusio-

961 274 86 33 nem
1010 274 110 33 meam.
1083 274 61 33 ⁋
1108 274 73 33 Ad
1144 274 122 33 primum
1230 274 73 33 in
1267 274 159 33 oppositam
1389 274 122 33 partem
1463 274 110 33 conclu-

956 327 142 32 riusvirit
1065 327 65 32 er
1098 327 87 32 iiam
1152 327 87 32 nont
1207 327 98 32 ronis
1273 327 76 32 elo
1316 327 76 32 veo
1360 327 109 32 visita
1436 327 65 32 er
1469 327 120 32 a¬vidna
1545 327 33 32 i

962 342 62 25 s
986 342 62 25 i
1011 342 75 25 Ut
1049 342 87 25 uia
1098 342 100 25 proi
1161 342 100 25 deuu
1223 342 100 25 Ulai
1285 342 62 25 5
1310 342 112 25 viii6
1384 342 100 25 ptei
1447 342 100 25 a1it
1509 342 62 25 Hut

964 358 70 33 ri
999 358 94 33 illa
1058 358 106 33 tamen
1129 358 82 33 non
1176 358 141 33 auferret
1281 358 129 33 gratiam
1375 358 129 33 propter
1469 358 94 33 quam
1516 358 59 33 sit

963 386 80 35 per
1008 386 69 35 se
1043 386 172 35 diligibilis
1180 386 115 35 igitur
1261 386 80 35 non
1306 386 138 35 sequitur
1410 386 92 35 deus
1467 386 103 35 clare
1524 386 46 35 vi

968 419 78 31 sus
1012 419 112 31 potest
1091 419 100 31 odiri
1157 419 112 31 igitur
1235 419 78 31 non
1280 419 123 31 diligi.
1369 419 56 31 ⁋
1392 419 67 31 Ad
1425 419 134 31 secundum
1514 419 56 31 con

970 440 124 35 ceditur
1060 440 90 35 quod
1116 440 101 35 clare
1183 440 135 35 videntes
1285 440 90 35 deum
1341 440 157 35 confirmati
1465 440 90 35 sunt
1510 440 67 35 quam

966 474 88 28 tum
1017 474 75 28 ad
1054 474 126 28 amorem
1142 474 189 28 naturaliter
1293 474 201 28 consequentem
1457 474 113 28 illam
1520 474 50 28 vi

964 500 129 35 sionem
1055 500 91 35 non
1106 500 116 35 tamen
1184 500 91 35 hoc
1236 500 142 35 oportet
1339 500 142 35 quantum
1443 500 78 35 ad
1469 500 103 35 amorem

969 528 179 30 electiuum
1107 528 110 30 quod
1176 528 96 30 aut
1231 528 179 30 assumitur
1368 528 165 30 secundum
1479 528 96 30 augu-

963 555 120 32 stinum
1047 555 96 32 quod
1107 555 120 32 angeli
1191 555 96 32 mali
1251 555 96 32 ante
1310 555 120 32 lapsum
1394 555 108 32 clare
1454 555 120 32 viderunt

958 588 110 29 deum.
1031 588 61 29 ⁋
1056 588 147 29 Dicendum
1166 588 98 29 quod
1227 588 86 29 non
1276 588 86 29 est
1324 588 208 29 intelligendum
1495 588 73 29 de
1520 588 61 29 vi-

960 613 110 35 sione
1033 613 110 35 clara
1106 613 97 35 nude
1167 613 122 35 diuine
1252 613 146 35 essentie
1362 613 85 35 que
1410 613 110 35 esset
1471 613 110 35 eiusdem

974 639 126 39 speciei
1065 639 80 39 cum
1111 639 126 39 visione
1203 639 149 39 beatifica
1318 639 80 39 sed
1364 639 138 39 viderunt
1467 639 80 39 per
1502 639 80 39 specu

966 666 81 37 lum
1013 666 70 37 in
1048 666 139 37 enigmate
1152 666 174 37 perfectiori
1292 666 105 37 tamen
1361 666 163 37 cognitione
1489 666 93 37 quam
1536 666 46 37 me

964 700 64 33 re
996 700 160 33 naturaliter
1125 700 86 33 sibi
1178 700 139 33 possibili
1285 700 64 33 et
1317 700 96 33 illam
1381 700 75 33 per
1424 700 96 33 multa
1488 700 86 33 alia
1531 700 43 33 co

968 729 163 33 gnouerunt
1093 729 175 33 perfectius
1230 729 100 33 quam
1293 729 75 33 in
1330 729 125 33 genere
1405 729 175 33 propriolputa

969 756 107 32 forte
1041 756 83 32 per
1088 756 191 32 abstractiuam
1243 756 83 32 dei
1291 756 143 32 propriam
1398 756 83 32 sed
1446 756 107 32 nullo
1505 756 72 32 modo

964 786 99 32 ista
1025 786 160 32 beatifica
1149 786 136 32 visione
1247 786 74 32 ad
1284 786 86 32 qua
1333 786 148 32 sequitur
1444 786 136 32 aliquam
1531 786 49 32 ha

968 812 95 33 bere
1027 812 166 33 fruitionem
1158 812 166 33 beatificam
1288 812 71 33 et
1323 812 130 33 gaudium
1418 812 71 33 ad
1454 812 95 33 quod
1501 812 83 33 facit

971 838 98 37 illud
1037 838 153 37 augustinus
1157 838 98 37 super
1222 838 120 37 genesis
1310 838 66 37 ad
1343 838 131 37 litteram
1441 838 87 37 quod
1485 838 98 37 allegat

970 868 75 33 ma.
1013 868 75 33 li.
1056 868 54 33 2
1078 868 75 33 di.
1121 868 54 33 3
1142 868 75 33 ca.
1185 868 54 33 ⁋
1207 868 108 33 Deinde
1282 868 97 33 dicit
1347 868 86 33 quod
1400 868 129 33 dyabolus
1497 868 65 33 se
1519 868 65 33 auer

971 893 88 37 tit
1021 893 63 37 a
1046 893 150 37 veritate
1158 893 138 37 propria
1258 893 163 37 voluntate
1383 893 175 37 delectatus
1508 893 75 37 bea-

973 923 104 31 teque
1043 923 92 31 vite
1100 923 161 31 dulcedinem
1227 923 81 31 non
1273 923 138 31 gustauit
1377 923 92 31 quam
1434 923 138 31 acceptam
1526 923 58 31 non

972 952 160 38 fastidiuit
1098 952 80 38 sed
1143 952 126 38 nolendo
1235 952 138 38 accipere
1338 952 126 38 amisit.
1430 952 57 38 ⁋
1453 952 92 38 Item
1499 952 80 38 etiam

977 982 160 35 argumentum
1102 982 68 35 oe
1136 982 103 35 paulo
1205 982 68 35 et
1239 982 68 35 oe
1273 982 103 35 moyse
1342 982 80 35 non
1387 982 103 35 vadit
1456 982 68 35 ad
1478 982 103 35 punctum

975 1010 85 35 quia
1029 1010 85 35 quid
1082 1010 96 35 mirum
1146 1010 85 35 quod
1200 1010 85 35 illi
1253 1010 64 35 in
1285 1010 85 35 bono
1338 1010 150 35 confirmati
1456 1010 75 35 non
1488 1010 96 35 fuerunt

978 1043 71 28 ex
1014 1043 106 28 clara
1085 1043 130 28 visione
1179 1043 118 28 quibus
1262 1043 154 28 abstracta
1380 1043 83 28 est
1427 1043 106 28 visio
1498 1043 71 28 ad
1522 1043 59 28 ho-

970 1066 83 33 ram
1018 1066 142 33 concessa
1124 1066 95 33 sine
1183 1066 107 33 culpa
1254 1066 95 33 sua.
1314 1066 59 33 ⁋
1337 1066 71 33 Ad
1373 1066 130 33 tertium
1456 1066 118 33 dicendum

973 1096 90 34 quod
1029 1096 101 34 omnes
1097 1096 113 34 volunt
1175 1096 90 34 esse
1232 1096 101 34 beati
1299 1096 68 34 et
1333 1096 101 34 etiam
1401 1096 90 34 bene
1457 1096 90 34 esse
1513 1096 68 34 et
1536 1096 45 34 vi

975 1123 87 36 uere
1030 1123 66 36 et
1062 1123 76 36 non
1106 1123 109 36 decipi
1183 1123 66 36 et
1215 1123 120 36 similia
1303 1123 76 36 cum
1347 1123 66 36 de
1379 1123 76 36 hoc
1423 1123 131 36 cogitant
1521 1123 66 36 et
1543 1123 44 36 se

972 1153 138 32 cundum
1069 1153 97 32 hoc
1124 1153 180 32 generalem
1262 1153 221 32 conceptionem
1428 1153 152 32 beatitudi

978 1182 87 28 nis
1027 1182 75 28 et
1065 1182 100 28 sunt
1127 1182 187 28 naturaliter
1277 1182 112 28 proni
1352 1182 75 28 ad
1389 1182 87 28 hoc
1439 1182 150 28 volendum
1539 1182 50 28 et

971 1205 76 41 si
1009 1205 113 41 nihil
1085 1205 151 41 cogitant
1198 1205 113 41 adhuc
1274 1205 164 41 remanebit
1400 1205 164 41 naturalis
1513 1205 76 41 affe

975 1237 94 34 ctio
1034 1237 71 34 ad
1069 1237 141 34 essendum
1175 1237 71 34 et
1211 1237 94 34 bene
1269 1237 141 34 habendum
1375 1237 94 34 nisi
1434 1237 82 34 per
1469 1237 118 34 electio-

973 1264 85 33 nem
1021 1264 134 33 liberam
1119 1264 109 33 actus
1192 1264 109 33 talis
1265 1264 134 33 mediate
1362 1264 182 33 suspendatur
1508 1264 73 33 et
1532 1264 49 33 ni

982 1294 77 35 hil
1026 1294 154 35 commutetur
1147 1294 88 35 quod
1202 1294 99 35 magis
1268 1294 154 35 displiceat
1388 1294 88 35 quam
1443 1294 77 35 hec
1476 1294 110 35 placeant

973 1325 161 30 cogitata
1094 1325 121 30 tamen
1174 1325 148 30 aliquid
1282 1325 282 30 propterinfortunia
1510 1325 81 30 anne

977 1350 76 35 xa
1015 1350 76 35 et
1053 1350 114 35 penas
1129 1350 126 35 nimias
1217 1350 114 35 nihil
1293 1350 164 35 huiusmodi
1419 1350 139 35 possent
1507 1350 76 35 opta

974 1381 72 34 re
1010 1381 84 34 non
1058 1381 96 34 esse
1118 1381 72 34 vt
1154 1381 156 34 euaderent
1274 1381 108 34 penas
1346 1381 108 34 suas.
1418 1381 60 34 ⁋
1442 1381 72 34 Et
1478 1381 96 34 dico
1526 1381 60 34 pro

972 1406 65 35 me
1005 1406 87 35 quod
1059 1406 141 35 libentius
1167 1406 108 35 vellem
1243 1406 163 35 anichillari
1373 1406 87 35 quam
1427 1406 130 35 remanere
1514 1406 65 35 sen-

984 1430 76 40 per
1027 1430 65 40 in
1060 1430 97 40 penis
1125 1430 119 40 inferni
1211 1430 76 40 sed
1255 1430 65 40 ex
1287 1430 76 40 hoc
1330 1430 76 40 non
1374 1430 130 40 sequitur
1471 1430 87 40 quod
1514 1430 65 40 pos-

971 1461 77 43 sim
1015 1461 132 43 absolute
1114 1461 66 43 et
1146 1461 77 43 per
1190 1461 66 43 se
1223 1461 99 43 velle
1289 1461 77 43 non
1333 1461 88 43 esse
1388 1461 77 43 sed
1432 1461 121 43 propter
1508 1461 77 43 aliud

974 1491 75 34 et
1012 1491 88 34 per
1062 1491 151 34 accidens
1176 1491 126 34 possum
1264 1491 88 34 hoc
1314 1491 151 34 eligere.
1427 1491 63 34 ⁋
1452 1491 75 34 Ad
1477 1491 101 34 formam

974 1518 115 33 igitur
1055 1518 150 33 argumenti
1171 1518 81 33 cum
1217 1518 150 33 accipitur
1332 1518 92 33 quod
1390 1518 81 33 non
1436 1518 104 33 minus
1494 1518 92 33 libere

980 1546 69 47 et
1015 1546 185 47 contingenter
1165 1546 127 47 fruitur
1257 1546 92 47 quis
1315 1546 138 47 deoclare
1419 1546 92 47 viso
1477 1546 92 47 quam
1523 1546 69 47 vult

979 1576 205 33 beatitudinem
1146 1576 192 33 generaliter
1300 1576 167 33 conceptam
1428 1576 128 33 igitur
1505 1576 77 33 etc.

981 1605 65 35 ⁋
1007 1605 91 35 Hec
1059 1605 181 35 propositio
1201 1605 91 35 est
1253 1605 143 35 neganda
1357 1605 104 35 quia
1422 1605 117 35 omnis
1486 1605 104 35 conce-

988 1630 90 36 ptio
1044 1630 181 36 beatitudinis
1191 1630 79 36 seu
1236 1630 135 36 actualis
1338 1630 113 36 illius
1417 1630 147 36 cogitatio
1518 1630 68 36 nunc

973 1665 77 36 in
1012 1665 90 36 via
1063 1665 129 36 subest
1153 1665 142 36 imperio
1256 1665 180 36 voluntatis
1398 1665 129 36 saltem
1475 1665 116 36 mediate

988 1689 61 37 vt
1018 1689 71 37 sit
1059 1689 71 37 vel
1100 1689 71 37 non
1141 1689 71 37 sit
1182 1689 61 37 et
1212 1689 82 37 illa
1263 1689 112 37 sublata
1345 1689 122 37 cessabit
1437 1689 92 37 talis
1488 1689 102 37 dilectio

974 1721 205 32 beatitudinis.
1143 1721 60 32 ⁋
1167 1721 84 32 Sed
1215 1721 108 32 clara
1287 1721 84 32 dei
1335 1721 108 32 visio
1407 1721 84 32 non
1456 1721 120 32 subest
1528 1721 60 32 do-

976 1743 89 40 minio
1036 1743 139 40 voluntatis
1145 1743 79 40 etc.
1195 1743 60 40 Et
1224 1743 70 40 cum
1264 1743 89 40 vltra
1324 1743 119 40 arguitur
1413 1743 79 40 quod
1463 1743 70 40 non
1493 1743 99 40 obstante

983 1775 147 35 naturali
1093 1775 172 35 affectione
1228 1775 74 35 ad
1265 1775 147 35 volendum
1375 1775 196 35 beatitudinem
1523 1775 61 35 con

985 1802 116 38 ceptam
1067 1802 81 38 cum
1113 1802 127 38 aliquis
1206 1802 116 38 potest
1287 1802 81 38 non
1333 1802 104 38 velle
1403 1802 185 38 beatitudinem
1542 1802 46 38 ap

979 1832 144 33 prehensam
1090 1832 89 33 quia
1146 1832 111 33 potest
1223 1832 89 33 sibi
1279 1832 100 33 velle
1346 1832 133 33 miseriam
1446 1832 133 33 eternam.
1534 1832 56 33 mi-

978 1857 71 37 hi
1014 1857 130 37 apparet
1108 1857 94 37 quod
1167 1857 71 37 si
1202 1857 153 37 haberetur
1321 1857 130 37 noticia
1403 1857 189 37 experimentalis

986 1892 111 29 illius
1064 1892 89 29 pene
1119 1892 78 29 cum
1164 1892 78 29 sua
1208 1892 222 29 firmacredulitate
1397 1892 89 29 quod
1453 1892 89 29 ipsa
1497 1892 89 29 durarm

982 1913 83 40 fine
1033 1913 83 40 fine
1085 1913 145 40 necessario
1199 1913 124 40 odiretur
1292 1913 72 40 ita
1334 1913 83 40 quod
1385 1913 72 40 non
1427 1913 124 40 subesset
1510 1913 72 40 libet

977 1943 95 38 tati
1037 1943 167 38 voluntatis
1168 1943 107 38 velle
1239 1943 83 38 eam
1287 1943 119 38 saltem
1370 1943 83 38 per
1417 1943 71 38 se
1453 1943 83 38 nec
1489 1943 95 38 aliquo

978 1970 97 35 modo
1038 1970 85 35 non
1087 1970 109 35 odire
1160 1970 97 35 eam.
1220 1970 61 35 ⁋
1245 1970 73 35 Et
1281 1970 85 35 cum
1329 1970 145 35 arguitur
1439 1970 97 35 quod
1499 1970 73 35 si
1523 1970 61 35 dya

983 2001 94 37 bolo
1042 2001 129 37 daretur
1136 2001 106 37 optio
1206 2001 82 37 vel
1253 2001 70 37 de
1288 2001 211 37 amnichilatione
1464 2001 82 37 sui
1511 2001 82 37 vel
1546 2001 47 37 de

978 2030 109 36 eterna
1054 2030 120 36 miseria
1142 2030 87 36 sui.
1196 2030 55 36 ⁋
1218 2030 131 36 Dicendum
1316 2030 87 36 quod
1371 2030 65 36 si
1404 2030 76 36 non
1447 2030 87 36 esse
1502 2030 76 36 vel
1534 2030 55 36 an-

977 2053 153 41 nichilari
1095 2053 82 41 sit
1142 2053 153 41 odibilius
1260 2053 94 41 tali
1319 2053 94 41 pena
1378 2053 94 41 ipse
1437 2053 118 41 posset
1508 2053 82 41 malle

980 2084 128 51 sustinere
1079 2084 89 51 illam
1138 2084 79 51 quam
1187 2084 59 51 am
1217 2084 128 51 nichilari
1316 2084 69 51 cum
1355 2084 69 51 quo
1395 2084 79 51 stat
1444 2084 79 51 quod
1493 2084 118 51 vtrumque
