1813 2500
350 213 70 55 re
385 213 82 55 vel
432 213 128 55 peccare
525 213 70 55 et
560 213 128 55 concant
653 213 70 55 in
688 213 70 55 eo
723 213 105 55 omnem
793 213 105 55 actum
863 213 70 55 ad
886 213 70 55 quem

349 261 150 36 obligatur
465 261 81 36 cum
511 261 81 36 quo
557 261 92 36 stat
615 261 92 36 quod
673 261 104 36 multa
742 261 115 36 libere
823 261 92 36 agat
880 261 69 36 et
903 261 58 36 con

351 294 159 34 tingenter
473 294 110 34 sicut
546 294 159 34 declarabo
668 294 73 34 in
705 294 122 34 tertio
790 294 110 34 libro
851 294 110 34 soluen-

353 323 73 31 do
389 323 244 31 impeccabilitatem
597 323 110 31 beate
670 323 147 31 virginis
780 323 73 31 in
817 323 98 31 via.
878 323 61 31 ⁋
890 323 61 31 Seo

353 348 126 40 primus
442 348 113 40 modus
517 348 139 40 videtur
618 348 139 40 realior
719 348 76 40 et
756 348 164 40 conformis
870 348 88 40 dicto

352 374 120 36 anselmi
439 374 131 36 allegato
537 374 87 36 quia
592 374 87 36 illi
646 374 76 36 qui
690 374 109 36 habent
766 374 120 36 optimum
853 374 87 36 quod
897 374 54 36 vel

359 403 69 39 le
394 403 127 39 possunt
487 403 81 39 non
533 403 127 39 possunt
626 403 116 39 videre
707 403 127 39 aliquid
799 403 69 39 eo
823 403 127 39 amabilius

357 431 68 38 et
391 431 91 38 ideo
447 431 91 38 isto
504 431 91 38 actu
561 431 79 38 vel
606 431 170 38 confirmatur
742 431 57 38 a
764 431 79 38 deo
810 431 79 38 vel
844 431 113 38 necessa-

356 459 80 42 rio
401 459 103 42 ipsum
470 459 172 42 principiant
607 459 103 42 circa
676 459 92 42 deum
733 459 103 42 visum
802 459 92 42 iste
859 459 103 42 autem
916 459 46 42 a-

355 491 85 31 ctus
409 491 74 31 est
451 491 74 31 ita
494 491 149 31 sufficiens
610 491 64 31 et
642 491 117 31 efficax
727 491 85 31 amor
780 491 74 31 dei
823 491 85 31 quod
876 491 85 31 ipse
919 491 43 31 po

355 521 103 31 situs
423 521 68 31 in
457 521 148 31 voluntate
571 521 80 31 cum
617 521 103 31 amore
685 521 125 31 electio
777 521 137 31 concordi
868 521 91 31 conse-

358 543 127 37 quenter
451 543 162 37 necessitat
579 543 81 37 eam
625 543 70 37 ad
660 543 139 37 volendum
764 543 116 37 facere
845 543 81 37 vel
880 543 81 37 omit-

359 572 98 34 tere
420 572 147 34 quicquid
530 572 98 34 deum
592 572 110 34 nouit
665 572 184 34 simpliciter
812 572 110 34 velle
886 572 74 34 ab
910 572 49 34 ea

361 600 100 38 fieri
428 600 78 38 vel
472 600 111 38 omitti
550 600 67 38 et
584 600 89 38 deus
639 600 122 38 ratione
728 600 111 38 status
806 600 145 38 beatifici
906 600 56 38 non

354 630 157 41 permittit
474 630 108 41 beato
547 630 120 41 deesse
631 630 144 41 noticiam
739 630 108 41 eorum
812 630 84 41 qui
848 630 108 41 simplic

359 659 75 37 ter
402 659 85 37 vult
455 659 64 37 ab
487 659 64 37 eo
519 659 96 37 fieri
583 659 75 37 vel
626 659 107 37 omitti
700 659 75 37 hoc
743 659 75 37 est
786 659 85 37 quod
839 659 107 37 nullus
903 659 53 37 bea

358 689 83 33 tus
405 689 130 33 peccare
500 689 118 33 potest
583 689 118 33 stante
666 689 71 33 et
701 689 154 33 obseruato
819 689 83 33 suo
866 689 95 33 actu
914 689 47 33 be

357 716 120 32 atifico
444 716 142 32 fruibundo
554 716 66 32 et
587 716 109 32 libero
663 716 109 32 igitur
739 716 76 32 non
783 716 109 32 potest
849 716 109 32 secundum

360 741 99 37 legem
426 741 77 37 dei
470 741 77 37 non
513 741 109 37 stare.
590 741 55 37 ⁋
612 741 66 37 Ex
645 741 77 37 his
688 741 99 37 patet
754 741 142 37 responsio
864 741 66 37 ad
885 741 77 37 octa-

365 767 78 41 uum
409 767 167 41 principale.
543 767 56 41 ⁋
565 767 67 41 Ad
598 767 111 41 primum
676 767 111 41 contra
754 767 89 41 ans.
809 767 100 41 patet
865 767 100 41 simili-

360 799 84 36 ter
408 799 96 36 quia
468 799 157 36 preceptum
589 799 157 36 adueniens
710 799 109 36 actui
782 799 133 36 fruitio
879 799 72 36 et
903 799 60 36 amo

357 826 75 37 re
395 826 151 37 electiuo
508 826 151 37 concordi
621 826 88 37 quo
671 826 151 37 reguntur
784 826 113 37 opera
847 826 113 37 bonorum

362 855 155 40 integrant
481 855 191 40 necessitatem
636 855 72 40 ad
672 855 95 40 vnam
732 855 131 40 partem.
827 855 60 40 ⁋
851 855 72 40 Ad
875 855 83 40 secun

359 888 85 33 dum
407 888 169 33 conceditur
540 888 109 33 prima
613 888 97 33 pars
673 888 133 33 negatur
770 888 72 33 et
806 888 133 33 negatur
891 888 72 33 quod

365 917 78 35 cum
409 917 78 35 hoc
454 917 111 35 staret
531 917 78 35 eos
576 917 100 35 posse
642 917 122 35 peccare
731 917 89 35 etc.
786 917 67 35 vt
820 917 100 35 patet
886 917 67 35 ex
909 917 55 35 di-

363 938 103 37 ctis.
431 938 57 37 ⁋
454 938 68 37 Ad
488 938 125 37 tertium
579 938 125 37 dicitur
671 938 91 37 quod
728 938 103 37 amant
796 938 137 37 quicquid
887 938 80 37 velle

355 971 118 38 possunt
441 971 65 38 ad
474 971 162 38 essentialem
603 971 172 38 beatitudinem
743 971 140 38 pertinens
851 971 65 38 id
883 971 75 38 est
915 971 54 38 sum

364 997 83 38 mumn
415 997 62 38 et
446 997 114 38 optimum
529 997 83 38 quod
581 997 93 38 velle
643 997 114 38 possunt
726 997 62 38 id
757 997 72 38 est
798 997 104 38 nullum
871 997 72 38 est
902 997 62 38 unum

371 1029 136 33 volibile
473 1029 102 33 aliud
541 1029 68 33 ab
575 1029 91 33 illo
632 1029 80 33 pro
678 1029 80 33 quo
723 1029 125 33 possent
814 1029 91 33 sibi
860 1029 102 33 relicte

366 1053 103 37 anime
434 1053 182 37 rationaliter
582 1053 103 37 velle
651 1053 103 37 illud
719 1053 160 37 preeligere
845 1053 68 37 vt
879 1053 68 37 ly
902 1053 68 37 quic

359 1082 100 38 quid
421 1082 199 38 intelligatur
583 1082 187 38 distribuere
732 1082 87 38 pro
782 1082 150 38 gradibus
882 1082 87 38 boni-

365 1113 109 34 tatis
437 1113 145 34 realiter
546 1113 85 34 vel
594 1113 85 34 per
643 1113 181 34 equalentiam
788 1113 85 34 vel
836 1113 85 34 per
872 1113 97 34 eminen

359 1142 93 36 tiam
417 1142 104 36 natis
487 1142 116 36 alicui
568 1142 104 36 vnico
637 1142 162 36 diligibili
765 1142 151 36 conuenire
880 1142 81 36 vel
915 1142 58 36 pro

363 1173 140 27 quolibet
468 1173 152 27 beatifice
585 1173 164 27 diligibili
714 1173 70 27 et
749 1173 93 27 tunc
807 1173 105 27 illud
878 1173 93 27 quod
924 1173 47 27 i-

372 1198 113 34 statur
451 1198 68 34 oe
485 1198 124 34 corpore
575 1198 79 34 non
620 1198 79 34 est
665 1198 68 34 ad
699 1198 169 34 propositum.
835 1198 56 34 ⁋
857 1198 68 34 De
891 1198 79 34 quo
925 1198 45 34 ta

371 1219 79 39 men
416 1219 91 39 dico
473 1219 91 39 quod
530 1219 79 39 non
575 1219 125 39 possent
666 1219 113 39 stante
745 1219 102 39 amore
813 1219 148 39 beatifico
915 1219 57 39 dei

375 1247 81 37 vel
422 1247 69 37 le
456 1247 127 37 reuniri
549 1247 162 37 corporibus
677 1247 69 37 si
711 1247 139 37 haberent
815 1247 151 37 preceptum
920 1247 46 37 de

375 1283 143 30 opposito
482 1283 71 30 et
518 1283 83 30 hoc
565 1283 83 30 est
613 1283 107 30 verum
684 1283 71 30 de
720 1283 107 30 velle
792 1283 143 30 electiuo
887 1283 83 30 licet

375 1307 134 32 appetitu
475 1307 134 32 naturali
576 1307 78 32 qui
620 1307 78 32 non
665 1307 78 32 est
709 1307 100 32 actus
776 1307 134 32 elicitus
877 1307 78 32 non
910 1307 67 32 pos-

365 1339 96 34 sint
425 1339 84 34 dum
473 1339 72 34 si
509 1339 168 34 separantur
641 1339 84 34 hoc
690 1339 120 34 nolle.
774 1339 60 34 ⁋
798 1339 72 34 Ad
834 1339 132 34 quartum
918 1339 60 34 sa-

376 1365 80 34 tis
421 1365 103 34 patet
490 1365 69 34 ex
524 1365 115 34 dictis
605 1365 126 34 diceres
696 1365 69 34 ex
731 1365 149 34 solutione
845 1365 126 34 secundi
925 1365 46 34 es

372 1397 65 29 et
405 1397 109 29 tertui
481 1397 130 29 sequitur
579 1397 87 29 quod
633 1397 141 29 securitas
742 1397 76 29 non
785 1397 98 29 esset
851 1397 109 29 optiam
916 1397 65 29 pars

372 1421 190 32 beatitudinis
526 1421 142 32 falsitas
633 1421 107 32 patet
704 1421 83 32 per
752 1421 178 32 augustinum.
894 1421 83 32 13.
930 1421 47 32 de

375 1448 87 35 tri.
429 1448 76 35 ca.
473 1448 54 35 7
494 1448 54 35 ⁋
516 1448 162 35 Respondetur
646 1448 87 35 quod
700 1448 76 35 est
743 1448 108 35 optiam
819 1448 87 35 pars
862 1448 108 35 beatitu-

373 1468 98 41 dinis
438 1468 141 41 essential
547 1468 65 41 vt
580 1468 98 41 alias
645 1468 87 41 dixi
699 1468 76 41 non
743 1468 98 41 autem
808 1468 76 41 est
852 1468 109 41 aliqua
917 1468 65 41 pars

372 1505 191 38 beatitudinis.
529 1505 56 38 ⁋
551 1505 123 38 Tertium
641 1505 112 38 dubium
719 1505 78 38 est
764 1505 101 38 vtrum
831 1505 101 38 anima
899 1505 78 38 vel
932 1505 45 38 an

370 1534 107 38 gelus
442 1534 143 38 relictus
549 1534 179 38 naturaliter
692 1534 119 38 nature
775 1534 83 38 sue
811 1534 167 38 necessitetur

375 1561 108 34 odire
447 1561 144 34 miseriam
554 1561 144 34 expertam
662 1561 84 34 vel
710 1561 144 34 diligere
806 1561 179 34 delectationem

375 1590 154 32 beatificam
496 1590 132 32 expertam
595 1590 121 32 videtur
684 1590 88 32 quod
739 1590 77 32 sic
783 1590 77 32 per
827 1590 110 32 ansel.
904 1590 66 32 de
926 1590 55 32 ca-

374 1620 155 34 sudyaboli
493 1620 83 34 ca.
541 1620 60 34 2
565 1620 72 34 si
601 1620 119 34 angeli
684 1620 95 34 mali
744 1620 203 34 presciuissent
899 1620 83 34 mise-

371 1642 92 41 riam
428 1642 92 41 quam
485 1642 172 41 incurrerunt
623 1642 80 41 pro
669 1642 126 41 peccato
760 1642 80 41 non
806 1642 160 41 potuissent
921 1642 57 41 pec

373 1676 94 38 casse
435 1676 83 38 quia
487 1676 73 38 non
529 1676 146 38 potuissent
643 1676 125 38 miseriam
737 1676 94 38 illam
800 1676 94 38 velle
862 1676 83 38 idem
904 1676 83 38 potest

375 1704 104 33 argui
444 1704 69 33 de
478 1704 173 33 beatitudine
616 1704 92 33 quod
674 1704 104 33 omnes
743 1704 115 33 volunt
823 1704 92 33 esse
881 1704 104 33 beati
938 1704 46 33 et

374 1729 98 34 bene
435 1729 98 34 esse
496 1729 147 34 probatur
607 1729 74 34 si
643 1729 147 34 dyabolus
754 1729 123 34 posset
839 1729 98 34 suam
888 1729 86 34 mise-

374 1755 81 38 riam
424 1755 71 38 non
465 1755 91 38 odire
525 1755 81 38 tunc
576 1755 61 38 in
606 1755 81 38 eius
657 1755 131 38 potestate
758 1755 91 38 esset
818 1755 81 38 quod
869 1755 81 38 illa
909 1755 71 38 stanm

378 1792 70 33 te
413 1792 82 33 non
460 1792 129 33 doleret
554 1792 94 33 quia
613 1792 82 33 per
660 1792 117 33 ansel.
742 1792 70 33 ve
777 1792 141 33 conceptu
871 1792 105 33 virgina

376 1815 59 37 li
406 1815 89 37 nihil
465 1815 69 37 est
504 1815 98 37 alicui
573 1815 79 37 pena
622 1815 79 37 nisi
671 1815 79 37 quod
720 1815 69 37 est
760 1815 98 37 contra
829 1815 79 37 eius
868 1815 118 37 voluntatem

379 1839 55 39 ⁋
401 1839 111 39 Contra
478 1839 100 39 talis
545 1839 133 39 creatura
644 1839 111 39 potest
722 1839 133 39 iudicare
821 1839 88 39 quod
876 1839 100 39 talis
932 1839 44 39 pe

375 1870 70 34 na
410 1870 105 34 esset
480 1870 81 34 pro
527 1870 105 34 amore
596 1870 81 34 dei
643 1870 163 34 sustinenda
771 1870 70 34 et
806 1870 81 34 pro
852 1870 116 34 maiori
922 1870 58 34 pre

377 1900 78 38 mio
421 1900 89 38 quam
477 1900 100 38 talis
544 1900 89 38 pena
600 1900 78 38 sit
644 1900 112 38 grauis
723 1900 112 38 igitur
801 1900 134 38 voluntas
890 1900 89 38 potest

385 1932 154 35 conformiter
508 1932 93 35 velle
570 1932 82 35 tali
622 1932 113 35 iudicio
704 1932 124 35 practico
797 1932 62 35 et
828 1932 72 35 per
858 1932 124 35 consequens

379 1956 128 34 eligere
473 1956 105 34 talem
542 1956 105 34 penam
612 1956 151 34 sustinere
729 1956 70 34 et
764 1956 93 34 pari
822 1956 128 34 ratione
903 1956 82 34 velle

379 1987 89 35 pro
430 1987 127 35 maiori
519 1987 76 35 et
557 1987 191 35 diuturniori
710 1987 102 35 bono
774 1987 140 35 priuari
875 1987 76 35 ad
901 1987 89 35 horam

384 2014 192 35 delectatione
540 2014 120 35 aperta
624 2014 108 35 circa
695 2014 96 35 deum
755 2014 108 35 clare
827 2014 120 35 visum.
911 2014 60 35 ⁋
923 2014 60 35 Di-

380 2038 116 38 cendum
462 2038 93 38 mihi
520 2038 128 38 videtur
613 2038 93 38 quod
671 2038 116 38 posito
752 2038 93 38 casu
811 2038 105 38 iuxta
869 2038 116 38 ymagina-

373 2074 111 48 tionem
451 2074 100 48 dicti
517 2074 144 48 argumenti
628 2074 133 48 voluntas
728 2074 111 48 posset
806 2074 144 48 sustinere
906 2074 78 48 velle

975 211 89 56 per
1026 211 127 56 tempus
1115 211 114 56 talem
1191 211 127 56 penam.
1280 211 102 56 etc.
1344 211 64 56 ⁋
1369 211 76 56 Ad
1407 211 127 56 primum
1496 211 76 56 in
1521 211 64 56 op-

983 256 113 40 positum
1065 256 155 40 concedendum
1189 256 72 40 est
1230 256 83 40 quod
1282 256 72 40 non
1323 256 72 40 est
1364 256 62 40 in
1395 256 134 40 potestate
1488 256 93 40 volunta

981 290 81 33 tis
1028 290 104 33 anime
1097 290 81 33 vel
1143 290 116 33 angeli
1224 290 174 33 experientis
1363 290 139 33 obiectum
1456 290 127 33 disconve-

982 316 89 32 niens
1042 316 89 32 penam
1101 316 70 32 non
1141 316 109 32 infligi
1220 316 70 32 vel
1260 316 70 32 non
1300 316 99 32 dolere
1369 316 60 32 de
1399 316 79 32 ipsa
1449 316 70 32 vel
1479 316 99 32 habentis

984 345 153 33 probiecto
1102 345 94 33 tale
1161 345 94 33 quid
1219 345 106 33 ipsum
1290 345 176 33 naturaliter
1431 345 82 33 non
1466 345 94 33 odire.

982 374 58 32 ⁋
1006 374 69 32 Et
1040 374 92 32 dico
1098 374 173 32 naturaliter
1236 374 92 32 quia
1294 374 92 32 bene
1351 374 115 32 staret
1432 374 92 32 quod
1490 374 69 32 ex
1513 374 69 32 bona

980 400 106 33 causa
1051 400 71 33 in
1086 400 82 33 qua
1133 400 141 33 iudicium
1239 400 141 33 rationis
1345 400 176 33 concordaret
1474 400 106 33 posseta

982 427 63 34 le
1013 427 84 34 quid
1065 427 94 34 velle
1128 427 94 34 verum
1191 427 73 34 est
1232 427 73 34 aut
1274 427 84 34 quod
1327 427 115 34 angelus
1410 427 73 34 non
1452 427 136 34 potuisset
1546 427 42 34 in

982 456 142 33 uenisse
1086 456 142 33 aliquod
1189 456 91 33 cur
1241 456 91 33 ita
1293 456 168 33 placibile
1422 456 78 33 ad
1448 456 142 33 causandum

981 482 105 37 actum
1052 482 82 37 quo
1098 482 140 37 peccauit
1204 482 105 37 sicut
1274 482 129 37 miseria
1367 482 82 37 qua
1414 482 129 37 patitur
1496 482 82 37 exper

983 510 69 36 ta
1017 510 80 36 vel
1063 510 103 36 scita
1132 510 138 36 perpetue
1235 510 115 36 debere
1315 510 115 36 durare
1396 510 92 36 sibi
1453 510 126 36 fuisset
1534 510 57 36 di-

984 538 199 37 sciplicibilis
1148 538 70 37 et
1184 538 82 37 per
1231 538 164 37 consequens
1359 538 82 37 non
1406 538 152 37 potuisset
1512 538 82 37 secun

987 573 85 30 dum
1035 573 170 30 instinctum
1169 573 158 30 naturalem
1291 573 182 30 praeligisse
1425 573 170 30 placibilita-

987 596 82 36 tem
1034 596 129 36 peccati
1128 596 59 36 ⁋
1151 596 70 36 Ad
1186 596 140 36 secundum
1292 596 82 36 per
1338 596 94 36 idem
1397 596 82 36 non
1444 596 82 36 est
1490 596 70 36 in
1514 596 70 36 pote

984 625 105 37 state
1055 625 129 37 dyaboli
1148 625 82 37 non
1195 625 117 37 dolere
1277 625 70 37 de
1312 625 105 37 penis
1382 625 94 37 quas
1441 625 152 37 experitur
1546 625 47 37 et

987 654 102 35 forte
1055 654 80 35 est
1100 654 68 35 de
1135 654 102 35 culpa
1203 654 68 35 et
1237 654 68 35 de
1271 654 137 35 carentia
1374 654 159 35 beatitudis
1499 654 80 35 pro
1533 654 57 35 cul

988 684 69 36 pa
1023 684 81 36 hoc
1069 684 92 36 enim
1127 684 81 36 est
1173 684 115 36 vermis
1254 684 104 36 eorum
1323 684 81 36 qui
1369 684 81 36 non
1415 684 127 36 moritur
1507 684 81 36 sed
1542 684 46 36 ta

983 713 81 31 men
1030 713 81 31 hoc
1076 713 81 31 non
1123 713 81 31 est
1169 713 70 31 ex
1204 713 93 31 sola
1262 713 174 31 experientia
1401 713 128 31 obiecti
1483 713 104 31 penalis

986 737 144 35 exterioris
1099 737 82 35 quam
1151 737 93 35 etiam
1213 737 103 35 habent
1285 737 124 35 exesente
1377 737 82 35 anim
1429 737 144 35 purgatorio
1532 737 62 35 qui-

989 766 98 33 licet
1054 766 76 33 non
1098 766 109 33 possit
1174 766 76 33 non
1217 766 109 33 dolere
1293 766 65 33 de
1326 766 87 33 pena
1380 766 98 33 tamen
1445 766 76 33 eam
1477 766 109 33 libenter

988 791 142 36 sustinent
1097 791 65 36 ad
1130 791 87 36 bene
1184 791 131 36 placitum
1283 791 87 36 dei.
1337 791 55 36 ⁋
1359 791 76 36 Sed
1403 791 109 36 contra
1479 791 98 36 sicut
1534 791 65 36 omne

988 821 105 36 bonum
1058 821 82 36 vel
1105 821 140 36 apparens
1210 821 105 36 bonum
1280 821 82 36 est
1327 821 93 36 ante
1385 821 198 36 compositionem
1537 821 58 36 vel

983 855 155 32 diuisionem
1104 855 166 32 naturaliter
1237 855 143 32 placibile
1347 855 77 32 ita
1391 855 88 32 omne
1447 855 99 32 malum
1513 855 77 32 vel
1546 855 44 32 ap

988 885 116 32 parens
1070 885 104 32 malum
1139 885 81 32 est
1186 885 174 32 naturaliter
1325 885 186 32 displicibile
1476 885 93 32 ante
1522 885 70 32 con-

987 907 162 39 positionem
1114 907 69 39 et
1149 907 162 39 diuisionem
1276 907 115 39 igitur
1357 907 69 39 si
1391 907 150 39 afflictio
1495 907 104 39 purgato

986 935 81 36 rum
1033 935 174 36 concipiatur
1172 935 139 36 conceptu
1277 935 139 36 simplici
1381 935 93 36 ante
1428 935 174 36 compositionem

990 963 63 38 et
1021 963 147 38 diuisionem
1136 963 105 38 infert
1210 963 94 38 odium
1273 963 73 38 sui
1315 963 63 38 et
1346 963 94 38 penam
1409 963 63 38 et
1441 963 73 38 per
1472 963 126 38 consequans

987 991 86 41 pari
1041 991 119 41 ratione
1127 991 86 41 illa
1181 991 97 41 aliam
1246 991 65 41 et
1278 991 76 41 sic
1322 991 86 41 fine
1376 991 97 41 statu
1440 991 129 41 Probatur
1527 991 76 41 odium

985 1021 107 34 auget
1057 1021 107 34 penam
1128 1021 71 34 et
1164 1021 95 34 pena
1223 1021 107 34 canst
1295 1021 83 34 vel
1342 1021 107 34 auget
1414 1021 107 34 odium
1485 1021 71 34 et
1509 1021 83 34 magis

988 1050 104 34 aucta
1058 1050 104 34 maius
1127 1050 104 34 odium
1196 1050 115 34 igitur
1277 1050 115 34 nullus
1358 1050 104 34 esset
1427 1050 115 34 status
1508 1050 69 34 in
1531 1050 69 34 pena

999 1075 60 39 ⁋
1023 1075 72 39 Ad
1059 1075 121 39 primum
1144 1075 133 39 dicitur
1240 1075 96 39 quod
1300 1075 121 39 nallus
1385 1075 109 39 actus
1457 1075 145 39 reflexus
1554 1075 48 39 ha

999 1109 100 32 betur
1066 1109 89 32 fine
1121 1109 122 32 imperio
1210 1109 156 32 voluntatis
1332 1109 78 32 vel
1377 1109 100 32 solus
1443 1109 100 32 prius
1510 1109 78 32 vel
1543 1109 56 32 pau

993 1127 74 44 ci
1030 1127 148 44 voluntas
1140 1127 86 44 aut
1189 1127 111 44 nihil
1263 1127 135 44 imperat
1361 1127 98 44 ante
1411 1127 184 44 compositionem

997 1165 68 34 et
1031 1165 159 34 diuisionem
1155 1165 113 34 igitur
1235 1165 102 34 tales
1303 1165 170 34 reflexiones
1438 1165 79 34 non
1472 1165 125 34 procedunt

994 1192 92 32 ante
1051 1192 195 32 compositionem
1211 1192 69 32 et
1245 1192 160 32 diuisionem
1371 1192 80 32 vel
1417 1192 80 32 non
1463 1192 114 32 multum
1531 1192 69 32 quia

1000 1220 118 34 quanto
1083 1220 106 34 tales
1153 1220 176 34 reflexiones
1294 1220 176 34 posteriores
1435 1220 94 34 sunt
1494 1220 106 34 tanto
1553 1220 47 34 re

991 1244 152 35 missiores
1108 1244 70 35 et
1143 1244 152 35 deficiunt
1260 1244 70 35 ab
1295 1244 175 35 efficientia
1435 1244 117 35 agendi
1506 1244 93 35 cogni-

1002 1274 119 36 tionem
1085 1274 95 36 suam
1145 1274 214 36 experimentalem
1323 1274 95 36 fine
1383 1274 131 36 imperio
1466 1274 131 36 voluntati

996 1305 80 33 vel
1041 1305 115 33 saltem
1122 1305 69 33 ad
1156 1305 138 33 imperium
1260 1305 161 33 voluntatis
1386 1305 172 33 intellectus
1512 1305 92 33 potest

995 1333 79 33 non
1040 1333 148 33 attendere
1154 1333 68 33 et
1188 1333 79 33 non
1233 1333 148 33 percipere
1346 1333 102 33 tales
1414 1333 102 33 actus
1483 1333 91 33 nisi
1528 1333 68 33 sint

994 1353 109 42 multum
1070 1353 142 42 excessiui
1180 1353 65 42 et
1212 1353 76 42 ita
1256 1353 76 42 non
1300 1353 131 42 sequitur
1398 1353 142 42 processus
1507 1353 65 42 in
1529 1353 65 42 infi

1000 1385 115 34 nitum
1077 1385 128 34 maxime
1167 1385 102 34 quia
1231 1385 128 34 primum
1320 1385 128 34 penale
1410 1385 90 34 vel
1461 1385 128 34 primum
1538 1385 64 34 cum

995 1417 104 37 secuo
1064 1417 81 37 pro
1110 1417 104 37 statu
1179 1417 92 37 isto
1236 1417 115 37 saltem
1317 1417 81 37 vix
1363 1417 161 37 permittunt
1478 1417 127 37 attendere

1001 1442 64 35 ad
1033 1442 96 35 aliud
1097 1442 85 35 quam
1151 1442 64 35 ad
1183 1442 107 35 ipsum.
1257 1442 53 35 ⁋
1279 1442 64 35 Ad
1311 1442 128 35 secundum
1407 1442 117 35 dicitur
1492 1442 85 35 quod
1535 1442 64 35 exum

1006 1468 79 36 tes
1051 1468 68 36 in
1085 1468 158 36 purgatorio
1209 1468 135 36 electiue
1310 1468 113 36 volunt
1389 1468 101 36 penam
1457 1468 147 36 sustinere
1558 1468 45 36 et

1005 1496 89 39 ideo
1061 1496 67 39 in
1094 1496 100 39 illis
1161 1496 78 39 non
1205 1496 122 39 oportet
1294 1496 111 39 augeri
1372 1496 100 39 penam
1439 1496 67 39 ex
1472 1496 100 39 odiis
1528 1496 78 39 refle

1006 1531 67 31 xis
1045 1531 86 31 sicut
1102 1531 67 31 nec
1140 1531 57 31 in
1169 1531 133 31 martiribus
1273 1531 105 31 damnati
1350 1531 86 31 autem
1407 1531 67 31 non
1445 1531 114 31 posneunt
1521 1531 86 31 seipsos

1001 1555 90 40 plus
1057 1555 146 40 affligere
1170 1555 90 40 quam
1226 1555 169 40 affliguntur
1361 1555 68 40 ex
1395 1555 169 40 impatientia
1519 1555 90 40 tormen

1005 1585 98 33 torum.
1074 1585 49 33 ⁋
1093 1585 88 33 Uerum
1152 1585 88 33 tamen
1210 1585 68 33 non
1249 1585 68 33 est
1288 1585 147 33 ymaginandum
1406 1585 78 33 quod
1455 1585 88 33 odium
1503 1585 98 33 reflexum

1005 1613 110 32 augeat
1082 1613 99 32 penam
1148 1613 88 32 quae
1203 1613 77 32 est
1247 1613 99 32 actus
1313 1613 110 32 primus
1390 1613 110 32 rectus
1467 1613 77 32 sic
1511 1613 88 32 quod
1555 1613 55 32 di-

1007 1639 127 39 sponat
1096 1639 166 39 potentiam
1224 1639 76 39 ad
1262 1639 191 39 intensionem
1415 1639 115 39 penam
1479 1639 127 39 recipien

1002 1668 77 33 dam
1046 1668 55 33 a
1068 1668 99 33 primo
1134 1668 121 33 obiecto
1222 1668 143 33 afflictio
1333 1668 99 33 prout
1399 1668 110 33 aliqui
1476 1668 110 33 dicunt
1542 1668 66 33 quia

1005 1695 101 40 licet
1072 1695 134 40 potentia
1173 1695 112 40 possit
1251 1695 78 40 sic
1296 1695 123 40 disponi
1386 1695 78 40 per
1431 1695 157 40 ablationem
1543 1695 67 40 actu

1005 1721 68 42 um
1039 1721 181 42 repugnantium
1185 1721 102 42 tamen
1253 1721 79 42 per
1298 1721 158 42 positionem
1423 1721 181 42 quoruncumque
1558 1721 34 42 a

1004 1751 106 40 ctuum
1075 1751 82 40 non
1122 1751 106 40 magis
1192 1751 164 40 disponitur
1321 1751 141 40 potentia
1427 1751 70 40 ad
1450 1751 153 40 recipiendum

999 1783 100 40 penam
1065 1783 55 40 a
1088 1783 100 40 primo
1154 1783 122 40 obiecto
1243 1783 144 40 afflictio
1354 1783 89 40 quia
1409 1783 67 40 de
1443 1783 67 40 se
1476 1783 100 40 summe
1531 1783 78 40 dispo

1004 1813 107 32 nitur
1075 1813 71 32 si
1111 1813 107 32 nihil
1182 1813 118 32 obstet
1265 1813 154 32 impediens
1383 1813 107 32 aliud
1454 1813 107 32 auget
1513 1813 95 32 igitur

1005 1837 101 40 penam
1072 1837 90 40 suam
1129 1837 135 40 aliomodo
1230 1837 90 40 quia
1286 1837 135 40 scilicet
1388 1837 124 40 ipsamet
1467 1837 146 40 impatientia

1011 1865 75 34 vel
1054 1865 96 34 odium
1118 1865 75 34 seu
1161 1865 170 34 displicentia
1299 1865 64 34 oe
1331 1865 85 34 pena
1384 1865 96 34 prima
1448 1865 75 34 est
1491 1865 107 34 passio
1555 1865 53 34 vel

1007 1893 101 36 actus
1074 1893 135 36 penialis
1176 1893 192 36 disconveniens
1334 1893 169 36 naturaliter
1469 1893 68 36 et
1503 1893 79 36 sic
1536 1893 68 36 quan

1001 1926 70 31 to
1036 1926 93 31 plus
1094 1926 116 31 volunt
1176 1926 151 31 procedere
1292 1926 81 31 dum
1338 1926 139 31 poterunt
1443 1926 151 31 distincte
1547 1926 70 31 per-

1002 1948 126 38 cipere
1091 1948 114 38 tanto
1167 1948 101 38 plus
1230 1948 190 38 affliguntur
1382 1948 88 38 per
1419 1948 190 38 aggregationem

1011 1984 138 30 variarum
1115 1984 127 30 penarum
1207 1984 69 30 in
1242 1984 92 30 tali
1300 1984 138 30 potentia
1403 1984 92 30 quia
1461 1984 69 30 cu
1496 1984 104 30 actus
1553 1984 58 30 po-

1007 2005 106 36 steri
1078 2005 94 36 ores
1137 2005 118 36 vadunt
1219 2005 71 36 ad
1255 2005 106 36 minus
1325 2005 71 36 et
1361 2005 71 36 ad
1396 2005 106 36 minus
1467 2005 94 36 ideo
1514 2005 94 36 tandem

1002 2036 166 33 deficerent
1133 2036 154 33 totaliter
1251 2036 71 33 et
1287 2036 71 33 ad
1322 2036 225 33 imperceptibiles
1500 2036 119 33 disticte

1004 2066 166 46 deueniretur
1136 2066 66 46 et
1170 2066 66 46 ex
1203 2066 132 46 opposito
1302 2066 88 46 iste
1357 2066 77 46 qui
1401 2066 132 46 gauderet
1501 2066 66 46 de
1534 2066 99 46 primo
