1803 2500
192 249 129 54 dolore
282 249 129 54 posset
373 249 77 54 de
411 249 90 54 suo
463 249 129 54 gaudio
553 249 142 54 gaudere
656 249 116 54 sicut
721 249 90 54 dicit

200 297 163 38 augustinus
328 297 70 38 de
363 297 128 38 materia
457 297 70 38 de
492 297 163 38 penitentia
620 297 116 38 doleat
690 297 116 38 peccator

200 326 69 37 et
235 326 69 37 de
270 326 115 37 dolore
350 326 127 37 gaudeat
443 326 81 37 sed
489 326 81 37 sic
535 326 161 37 procedendo
662 326 69 37 ex
685 326 115 37 curiosi-

199 354 87 33 tate
253 354 76 33 per
297 354 130 33 imperium
395 354 152 33 voluntatis
514 354 109 33 tandem
590 354 141 33 veniretur
699 354 65 33 ad
721 354 76 33 actus

201 384 87 40 qui
250 384 87 40 non
300 384 199 40 cognoscuntur
462 384 75 40 et
499 384 87 40 qui
548 384 87 40 nec
598 384 186 40 delectabunt
735 384 62 40 nec

181 406 144 40 affligent.

300 443 162 54 Trum
401 443 183 54 solus
523 443 162 54 deus
624 443 203 54 licite
746 443 61 54 a

266 470 62 61 ⁋
290 470 161 61 Tcreatura
414 470 161 61 rationali
538 470 149 61 vltimate
649 470 87 61 sit
687 470 111 61 fruibi-

299 512 75 50 lis
342 512 85 50 quod
395 512 75 50 non
438 512 85 50 quia
491 512 117 50 entitas
576 512 138 50 resultans
683 512 64 50 ex
704 512 96 50 humani-

258 529 97 55 tate
319 529 134 55 christi
416 529 73 55 et
452 529 158 55 supposito
573 529 109 55 verbi
646 529 85 55 est
695 529 85 55 ita
731 529 61 55 bo-

191 580 60 39 na
221 580 100 39 sicunt
291 580 80 39 deus
341 580 70 39 vel
382 580 100 39 melior
452 580 60 39 et
482 580 70 39 per
522 580 140 39 consequens
632 580 100 39 licite
693 580 110 39 fruibilis

191 607 61 40 et
221 607 92 40 tamen
282 607 81 40 ipsa
333 607 71 40 non
374 607 71 40 est
415 607 81 40 deus
465 607 71 40 cum
506 607 71 40 sit
547 607 102 40 recens
618 607 61 40 id
648 607 71 40 est
689 607 71 40 non
720 607 81 40 eterna

194 633 107 36 qualis
269 633 75 36 est
312 633 85 36 deus
365 633 128 36 dicente.
461 633 128 36 psalmum.
557 633 107 36 Israel
632 633 64 36 si
664 633 64 36 me
685 633 107 36 audieris

198 665 75 38 non
241 665 86 38 erit
295 665 64 38 in
327 665 64 38 te
359 665 86 38 deus
412 665 118 38 recens.
498 665 54 38 ⁋
520 665 75 38 Sed
562 665 107 38 contra
637 665 75 38 deo
680 665 107 38 licite
744 665 54 38 est

189 689 144 42 fruendum
297 689 72 42 et
333 689 108 42 nullo
405 689 96 42 alio
465 689 60 42 a
489 689 84 42 deo
538 689 132 42 igitur.
634 689 108 42 Prima
706 689 96 42 pars
754 689 48 42 an

197 717 141 44 tecedentis
308 717 91 44 patet
368 717 70 44 per
408 717 141 44 augustinum
519 717 60 44 de
549 717 121 44 doctrina
640 717 141 44 Christiana
741 717 50 44 li-

196 747 103 37 primo
264 747 80 37 ca.
310 747 57 37 2
332 747 68 37 et
367 747 125 37 ponitur
458 747 80 37 hic
504 747 68 37 in
538 747 80 37 di.
583 747 125 37 primas.
675 747 68 37 ca
709 747 57 37 2
732 747 57 37 ⁋
743 747 57 37 Se-

195 780 90 35 cunda
255 780 80 35 pars
305 780 120 35 probatur
395 780 80 35 quia
445 780 90 35 nihil
504 780 70 35 est
544 780 120 35 vltimate
634 780 120 35 fruibile
724 780 50 35 a
734 780 60 35 crea

186 806 87 33 tura
240 806 141 33 rationali
349 806 87 33 nisi
403 806 98 33 finis
468 806 87 33 suus
523 806 141 33 vltimatus
631 806 76 33 sed
675 806 98 33 nihil
729 806 65 33 ali-

191 832 62 39 ud
222 832 52 39 a
242 832 72 39 deo
284 832 72 39 est
325 832 93 39 finis
387 832 134 39 vltimatus
490 832 83 39 eius
542 832 114 39 igitur.
624 832 52 39 ⁋
645 832 72 39 Hic
686 832 93 39 erunt
738 832 62 39 quat

194 859 90 38 tuor
250 859 146 38 articuli.
362 859 101 38 Primo
429 859 146 38 exponetur
541 859 101 38 ratio
609 859 112 38 tituli
687 859 67 38 et
710 859 78 38 disti

191 889 105 40 guetur
264 889 63 40 de
295 889 126 40 fruitioe
390 889 63 40 et
421 889 84 40 alia
473 889 94 40 talia
536 889 94 40 conta
599 889 178 40 premittentur.
746 889 52 40 ⁋
756 889 42 40 Se

185 922 105 34 cundo
255 922 70 34 an
290 922 93 34 deus
348 922 82 34 sit
395 922 70 34 ab
430 922 93 34 omni
488 922 140 34 creatura
593 922 151 34 rationali
698 922 93 34 ordina

189 942 68 43 te
223 942 158 43 fruibilis.
347 942 57 43 ⁋
370 942 113 43 Tertio
449 942 68 43 an
483 942 102 43 aliud
550 942 57 43 a
573 942 79 43 deo
618 942 79 43 sit
663 942 113 43 licite
731 942 68 43 frui

186 970 101 45 bile.
253 970 56 45 ⁋
276 970 112 45 Quarto
354 970 146 45 soluentur
466 970 101 45 dubia
534 970 90 45 quae
590 970 135 45 restant.
691 970 101 45 primo
747 970 45 45 po

189 1000 95 44 nitur
253 1000 84 44 ista
306 1000 137 44 particula
411 1000 106 44 licite
485 1000 84 44 quia
538 1000 127 44 illicite
633 1000 137 44 contingit
728 1000 63 44 frui

187 1032 90 41 aliis
247 1032 50 41 a
267 1032 70 41 deo
307 1032 110 41 dicente
386 1032 140 41 augustinus
496 1032 80 41 dbet
546 1032 150 41 questionum.
665 1032 60 41 q.
695 1032 70 41 3o.
735 1032 50 41 ⁋
745 1032 50 41 Sum

188 1056 67 44 ma
221 1056 123 44 puersio
311 1056 78 44 est
356 1056 134 44 fruendis
456 1056 78 44 vti
501 1056 101 44 velle
568 1056 101 44 atque
635 1056 123 44 vtendis
714 1056 78 44 frui.

183 1083 55 41 ⁋
205 1083 109 41 Addidi
281 1083 98 41 etiam
347 1083 131 41 vltimate
445 1083 87 41 quia
500 1083 142 41 quibusdam
609 1083 142 41 contingit
708 1083 87 41 licite

189 1118 89 37 frui
244 1118 155 37 quodammodo
366 1118 111 37 quorum
444 1118 89 37 amor
499 1118 122 37 propter
588 1118 66 37 se
621 1118 66 37 id
654 1118 78 37 est
687 1118 100 37 absolu-

180 1143 81 40 tus
227 1143 81 40 non
273 1143 162 40 prohibetur
400 1143 69 40 et
435 1143 93 40 isto
493 1143 93 40 modo
551 1143 127 40 secudum
644 1143 116 40 multos
713 1143 81 40 dici-

188 1171 78 42 mur
232 1171 89 42 frui
288 1171 155 42 virtutibus
409 1171 66 42 de
443 1171 78 42 hoc
487 1171 89 42 vide
542 1171 133 42 magister
642 1171 78 42 hic
686 1171 78 42 di.
719 1171 78 42 primo

182 1201 80 36 ca.
227 1201 161 36 penultimo.
354 1201 57 36 ⁋
377 1201 126 36 Propter
469 1201 92 36 quod
526 1201 138 36 sciendum
629 1201 92 36 quod
687 1201 92 36 frui
733 1201 57 36 ca-

181 1226 105 41 pitur
252 1226 164 41 dupliciter
380 1226 105 41 etiam
451 1226 187 41 distinguendo
603 1226 94 41 frui
661 1226 117 41 contra
731 1226 59 41 vti

184 1255 80 36 vno
229 1255 91 36 modo
286 1255 80 36 pro
331 1255 102 36 amore
400 1255 136 36 absoluto
502 1255 136 36 alicuius
604 1255 80 36 quo
650 1255 125 36 aliquid
729 1255 57 36 pro

183 1284 83 40 pter
235 1284 62 40 se
266 1284 135 40 diligitur
369 1284 83 40 sine
421 1284 73 40 hoc
463 1284 83 40 quod
515 1284 83 40 illo
567 1284 93 40 amore
629 1284 62 40 ad
660 1284 104 40 aliqud
722 1284 73 40 aliud

183 1315 148 29 referatur
296 1315 91 29 quod
353 1315 102 29 magis
422 1315 114 29 amatur
501 1315 68 29 et
536 1315 91 29 iste
592 1315 148 29 subduntur
706 1315 68 29 in
729 1315 57 29 amo

183 1342 74 39 rem
226 1342 137 39 sensualem
331 1342 63 39 et
363 1342 190 39 intellectualem
521 1342 63 39 et
553 1342 190 39 intellectualis
701 1342 84 39 diuidi

176 1368 82 42 tur
223 1368 70 42 in
258 1368 117 42 amonem
341 1368 176 42 naturaliter
482 1368 153 42 sequentem
599 1368 153 42 simplicem
705 1368 82 42 appre

182 1393 147 40 hensionem
295 1393 91 40 veri
352 1393 91 40 boni
408 1393 79 40 vel
454 1393 159 40 apparentis
578 1393 91 40 boni
635 1393 68 40 et
669 1393 68 40 in
691 1393 91 40 amorem

181 1423 151 40 sequentem.
300 1423 54 40 6
321 1423 75 40 et.
364 1423 65 40 d.
397 1423 86 40 oens
450 1423 86 40 enim
504 1423 97 40 tales
569 1423 108 40 amores
644 1423 75 40 non
676 1423 108 40 vlterius

182 1452 160 37 referentes
307 1452 91 37 sunt
364 1452 160 37 fruitiones
490 1452 114 37 quodam
569 1452 91 37 modo
626 1452 103 37 licet
695 1452 80 37 non
729 1452 57 37 pro

178 1482 99 40 prie.
244 1482 88 40 Unde
299 1482 99 40 etiam
366 1482 66 40 de
399 1482 132 40 sensuali
498 1482 77 40 seu
542 1482 121 40 brutali
630 1482 99 40 amore
697 1482 66 40 de
719 1482 66 40 quae

182 1512 102 38 videtur
256 1512 74 38 quod
302 1512 65 38 sit
339 1512 102 38 fruitio
414 1512 56 38 de
441 1512 65 38 quo
479 1512 83 38 dicit
534 1512 130 38 augustinu.
636 1512 74 38 gtet
683 1512 56 38 q.
711 1512 65 38 30.
738 1512 56 38 frui

177 1538 89 42 cibo
233 1538 67 42 et
266 1538 134 42 qualibet
366 1538 145 42 corporali
477 1538 145 42 voluptate
589 1538 156 42 estimantur
711 1538 67 42 et
733 1538 45 42 be

178 1562 71 47 stie
222 1562 62 47 vid
258 1562 44 47 i
276 1562 80 47 autem
329 1562 62 47 non
364 1562 89 47 potest
426 1562 89 47 aliqua
488 1562 53 47 re
514 1562 71 47 nisi
559 1562 124 47 animalquod
656 1562 106 47 rationis
727 1562 53 47 qest

177 1591 147 47 particeps.
292 1591 94 47 scire
355 1591 105 47 namque
428 1591 73 47 quo
470 1591 84 47 quid
522 1591 147 47 referendum
637 1591 73 47 est
679 1591 73 47 non
711 1591 73 47 datum

176 1627 69 39 est
216 1627 119 39 rationis
305 1627 60 39 ex
335 1627 129 39 partibus.
434 1627 50 39 ⁋
454 1627 109 39 Secundo
533 1627 169 39 principaliter
672 1627 60 39 et
692 1627 89 39 proprio

176 1648 117 40 sumitur
261 1648 85 40 frui
315 1648 74 40 pro
357 1648 96 40 amore
421 1648 128 40 alicuius
516 1648 74 40 non
559 1648 96 40 solum
623 1648 74 40 non
665 1648 138 40 referendo

176 1679 127 36 dilectum
271 1679 63 36 ad
303 1679 95 36 aliud
366 1679 74 36 sed
409 1679 148 36 acceptante
525 1679 95 36 illud
588 1679 95 36 etiam
651 1679 74 36 pro
694 1679 84 36 fine
736 1679 42 36 vi

177 1703 95 40 timo
236 1703 71 40 et
272 1703 166 40 repugnante
402 1703 178 40 naturaliter
545 1703 107 40 amori
616 1703 142 40 relatiuo
711 1703 71 40 ipsi

170 1735 68 43 us
204 1735 68 43 ad
238 1735 103 43 aliud
306 1735 103 43 sicut
375 1735 68 43 ad
409 1735 103 43 finem
477 1735 103 43 magis
546 1735 137 43 acceptum
648 1735 103 43 sicut
717 1735 91 43 loqu

177 1761 81 45 tur
224 1761 105 45 augu.
294 1761 70 45 d.
329 1761 70 45 si
363 1761 140 45 inherere
468 1761 105 45 finem
538 1761 70 45 in
573 1761 70 45 ea
608 1761 116 45 ponens
677 1761 105 45 leticie

171 1794 70 38 tue
211 1794 81 38 etc.
262 1794 60 38 vt
292 1794 91 38 patet
352 1794 70 38 hic
392 1794 60 38 in
423 1794 91 38 textu
483 1794 60 38 et
513 1794 81 38 iste
564 1794 91 38 modus
624 1794 141 38 fruitionis
725 1794 50 38 non

178 1819 117 41 videtur
263 1819 181 41 comprehendere
412 1819 106 41 amores
487 1819 181 41 praecedentes.
635 1819 53 41 5
657 1819 74 41 et.
699 1819 64 41 d.
731 1819 74 41 sed

174 1847 116 44 amores
255 1847 127 44 habitos
348 1847 150 44 mediante.
464 1847 58 44 d
487 1847 69 44 et
521 1847 104 44 dicit
591 1847 93 44 quod
649 1847 104 44 talis
707 1847 69 44 amor

171 1874 167 45 simplicitur
304 1874 78 45 non
349 1874 122 45 videtur
438 1874 144 45 excludere
549 1874 156 45 relationem
671 1874 100 45 amati
738 1874 67 45 ad

176 1904 86 42 aliud
234 1904 67 42 nec
272 1904 86 42 finem
329 1904 105 42 vltimum
405 1904 67 42 ibi
443 1904 114 42 statuere
529 1904 57 42 et
558 1904 67 42 per
596 1904 133 42 consequens
691 1904 86 42 fruitio

173 1928 147 47 beatifica
286 1928 124 47 videtur
376 1928 147 47 contineri
489 1928 79 47 sub
534 1928 102 47 primo
601 1928 90 47 modo
647 1928 135 47 fruitionis

172 1956 114 44 vterque
254 1956 93 44 tamen
316 1956 93 44 modus
379 1956 145 44 antedictus
492 1956 145 44 fruitionis
606 1956 166 44 distinguitur
741 1956 62 44 ab

173 1989 88 43 actu
228 1989 132 43 vtendire
327 1989 88 43 illa
381 1989 132 43 respectu
480 1989 99 43 cuius
546 1989 121 43 habetur
633 1989 88 43 illa
677 1989 99 43 fruitio

166 2015 70 45 de
201 2015 81 45 qua
248 2015 140 45 loquitur
352 2015 93 45 augu
411 2015 70 45 in
445 2015 174 45 auctoritate
585 2015 198 45 praeallegata.
736 2015 35 45 d

173 2042 83 41 quod
224 2042 72 41 vti
266 2042 62 41 re
296 2042 103 41 aliqua
369 2042 72 41 non
410 2042 103 41 potest
482 2042 83 41 nisi
534 2042 103 41 anunal
606 2042 124 41 rationis
688 2042 83 41 parti-

172 2074 83 40 ceps
224 2074 83 40 quod
276 2074 94 40 autem
338 2074 114 40 aliquid
421 2074 104 40 possit
494 2074 94 40 amari
557 2074 104 40 licite
629 2074 114 40 propter
713 2074 62 40 se
733 2074 42 40 et

162 2100 99 56 tamen
228 2100 77 56 non
272 2100 132 56 vltimate
371 2100 99 56 patet
437 2100 77 56 per
480 2100 132 56 magister
579 2100 77 56 vbi
623 2100 99 56 supra
689 2100 66 56 de
711 2100 66 56 vir

822 259 112 55 tutibus.
905 259 46 55 ⁋
924 259 112 55 Probatur
1008 259 84 55 primo
1063 259 121 55 ethicorum
1156 259 93 55 caitlo
1221 259 56 55 4.
1249 259 102 55 dicitur
1323 259 102 55 quiandm
1389 259 46 55 aut

820 306 114 42 plures
899 306 137 42 videntur
1002 306 125 42 fratres
1093 306 102 42 horum
1161 306 102 42 autem
1229 306 125 42 quosdam
1309 306 114 42 elegimus

823 336 112 41 propter
904 336 112 41 alterum
985 336 81 41 etc.
1036 336 61 41 et
1066 336 101 41 postea
1137 336 142 41 perfectius
1249 336 91 41 autem
1310 336 112 41 dicimus
1381 336 30 41 o

818 365 82 41 secum
873 365 55 41 se
900 365 64 41 est
936 365 146 41 prosequibile
1055 365 55 41 eo
1082 365 73 41 quod
1128 365 100 41 propter
1200 365 100 41 alterum
1273 365 55 41 et
1301 365 73 41 quod
1337 365 82 41 nunquam

817 395 114 40 propter
899 395 93 40 aliud
962 395 114 40 hononem
1044 395 62 40 et
1075 395 135 40 volutatem
1179 395 62 40 et
1210 395 155 40 intellectum
1334 395 62 40 et
1355 395 62 40 pru-

823 421 113 41 dentiam
905 421 61 41 et
935 421 92 41 omnem
997 421 123 41 virtutem
1089 421 123 41 eligimus
1181 421 113 41 propter
1263 421 82 41 ipsa
1315 421 92 41 nullo
1366 421 51 41 equ

816 450 162 43 adueniente
943 450 162 43 eligeremus
1071 450 81 43 vnu
1117 450 127 43 quodque
1209 450 139 43 ipsorum.
1302 450 115 43 eligimus

819 475 77 42 aut
863 475 66 42 et
896 475 165 42 felicitatis
1028 475 110 42 gratia
1105 475 121 42 propter
1194 475 77 42 hoc
1238 475 165 42 suspicantes
1359 475 66 42 feli

818 502 72 50 ces
859 502 82 50 fore
910 502 154 50 felicitatem
1034 502 72 50 aut
1075 502 103 50 nullus
1147 502 103 50 eligit
1219 502 103 50 gratia
1291 502 93 50 horum
1353 502 93 50 neque

821 534 102 40 omino
889 534 125 40 propter
980 534 102 40 aliud
1048 534 80 40 hec
1093 534 102 40 ille.
1162 534 57 40 ⁋
1184 534 125 40 Contra.
1275 534 80 40 13.
1321 534 68 40 de
1343 534 80 40 tri.-

827 563 69 40 ca.
867 563 49 40 6
886 563 89 40 dicit
946 563 138 40 augustinus
1054 563 79 40 quod
1104 563 119 40 virtutes
1193 563 109 40 propter
1272 563 89 40 solam
1321 563 109 40 beatitudi

816 590 88 38 nem
867 590 139 38 amamus.
968 590 63 38 ⁋
993 590 164 38 Respondet
1119 590 151 38 magister
1233 590 101 38 quod
1296 590 88 38 hoc
1334 590 88 38 dicit

819 615 71 40 non
859 615 81 40 quin
910 615 71 40 eas
950 615 111 40 propter
1031 615 61 40 se
1062 615 132 40 diligamus
1163 615 71 40 sed
1203 615 81 40 quia
1254 615 111 40 idipsum
1335 615 81 40 quod
1386 615 61 40 ad

819 645 86 40 eas
868 645 160 40 diligimus
991 645 160 40 referimus
1115 645 74 40 ad
1152 645 111 40 illud
1226 645 111 40 summn
1300 645 111 40 bonum
1361 645 62 40 cui

819 671 88 46 soli
874 671 154 46 inherendum
995 671 77 46 est
1039 671 99 46 dices
1105 671 88 46 iste
1159 671 88 46 amor
1214 671 77 46 quo
1258 671 143 46 diligimus
1357 671 66 46 ali-

823 701 81 43 quid
873 701 121 43 relatiue
964 701 111 43 propter
1045 701 91 43 aliud
1105 701 61 43 si
1136 701 91 43 illud
1196 701 81 43 quod
1247 701 71 43 est
1287 701 61 43 ad
1317 701 91 43 finem
1368 701 50 43 pro

815 732 80 40 pter
865 732 90 40 finem
924 732 70 40 est
964 732 80 40 amor
1014 732 70 40 tam
1054 732 90 40 finis
1114 732 80 40 quam
1163 732 99 40 illius
1233 732 80 40 quod
1283 732 70 40 est
1322 732 60 40 ad
1342 732 70 40 finem

816 761 78 35 vel
860 761 111 35 igitur
938 761 122 35 fruitio
1026 761 78 35 est
1071 761 100 35 vsus.
1137 761 55 35 ⁋
1159 761 66 35 Si
1192 761 111 35 primum
1270 761 89 35 tunc
1314 761 100 35 fruimur

821 787 131 45 creatura
920 787 66 45 si
952 787 131 45 secundum
1051 787 88 45 tunc
1106 787 109 45 vtimur
1182 787 88 45 fine
1237 787 120 45 vltimo.
1314 787 109 45 probatur

818 813 79 43 aut
863 813 90 43 isto
919 813 90 43 actu
976 813 90 43 eque
1033 813 147 43 diligimus
1146 813 102 43 finem
1213 813 102 43 sicut
1281 813 102 43 amore
1338 813 79 43 abso-

821 840 82 45 luto
872 840 93 45 finis
934 840 72 45 aut
975 840 82 45 non.
1027 840 62 45 si
1058 840 82 45 eque
1109 840 82 45 tunc
1161 840 93 45 actus
1223 840 103 45 vtendi
1295 840 93 45 esset
1346 840 62 45 feli

818 871 95 42 citas
882 871 85 42 quia
935 871 95 42 esset
999 871 95 42 actus
1062 871 117 42 optimus
1147 871 148 42 voluntatis
1264 871 74 42 vel
1306 871 95 42 esset
1359 871 53 42 per

814 896 117 48 fectior
899 896 149 48 felicitate
1016 896 85 48 quia
1069 896 95 48 esset
1133 896 85 48 eque
1186 896 138 48 perfectus
1292 896 95 48 amore
1345 896 74 48 respe

820 928 70 47 ctu
860 928 90 47 finis
920 928 60 47 et
950 928 100 47 preter
1019 928 70 47 hoc
1059 928 80 47 amor
1109 928 120 47 alterius
1199 928 60 47 si
1229 928 70 47 non
1269 928 70 47 est
1308 928 80 47 eque
1348 928 70 47 perfe

820 959 83 41 ctus
872 959 83 41 amor
924 959 94 41 finis
986 959 73 41 hoc
1027 959 73 41 non
1069 959 114 41 videtur
1152 959 73 41 cum
1194 959 73 41 sit
1235 959 125 41 respectu
1318 959 94 41 eiuiden

815 981 97 40 finis
880 981 86 40 eque
934 981 151 40 apprehensi
1052 981 65 40 et
1085 981 108 40 habeat
1160 981 108 40 easdem
1236 981 108 40 causas
1311 981 65 40 et
1333 981 75 40 etiam

812 1010 72 44 cam
853 1010 113 44 addita.
935 1010 123 44 scilicet
1028 1010 103 44 amorem
1099 1010 103 44 finis.
1171 1010 51 44 ⁋
1192 1010 123 44 Probatur
1284 1010 82 44 tunc
1326 1010 92 44 vertuti

807 1037 79 45 bus
852 1037 101 45 esset
919 1037 135 45 fruendum
1020 1037 135 45 falsitas
1122 1037 101 45 patet
1189 1037 90 45 quia
1245 1037 90 45 sola
1290 1037 124 45 trinitate

816 1067 108 45 fruendum
897 1067 63 45 est
933 1067 144 45 consequentia
1049 1067 81 45 patet
1103 1067 63 45 per
1139 1067 152 45 diffinitionem
1265 1067 72 45 frui
1309 1067 54 45 in
1327 1067 90 45 littera.

818 1096 55 40 ⁋
840 1096 131 40 Probatur
938 1096 120 40 videtur
1026 1096 88 40 quod
1081 1096 77 40 deo
1124 1096 77 40 sit
1168 1096 120 40 vtendum
1256 1096 88 40 quia
1300 1096 109 40 possumus

814 1125 130 38 diligere
911 1125 76 38 eum
955 1125 119 38 propter
1041 1125 97 38 aliud
1106 1125 54 38 s
1127 1125 86 38 quia
1181 1125 119 38 creauit
1268 1125 76 38 nos
1311 1125 65 38 et
1332 1125 76 38 rede-

813 1154 67 43 mit
852 1154 67 43 nos
890 1154 58 43 ac
919 1154 105 43 propter
996 1154 173 43 retributionem.
1139 1154 48 43 ⁋
1159 1154 58 43 Ad
1187 1154 96 43 primum
1255 1154 134 43 conceditur
1350 1154 58 43 quod

814 1180 73 44 idem
859 1180 82 44 actus
914 1180 64 44 est
951 1180 73 44 vsus
996 1180 109 44 respectu
1078 1180 91 44 illius
1142 1180 73 44 quod
1187 1180 64 44 est
1224 1180 55 44 ad
1251 1180 82 44 finem
1306 1180 55 44 et
1324 1180 82 44 fruitio

810 1209 94 46 finis.
875 1209 47 46 ⁋
894 1209 56 46 Ad
922 1209 113 46 secundum
1007 1209 122 46 respondet
1101 1209 75 46 okam
1148 1209 56 46 et
1176 1209 75 46 bene
1223 1209 56 46 q.
1252 1209 85 46 prima
1308 1209 66 46 di.
1336 1209 66 46 prima

814 1240 77 40 quod
863 1240 67 40 non
901 1240 67 40 est
940 1240 154 40 inconueniens
1065 1240 106 40 aliquem
1142 1240 87 40 actum
1200 1240 96 40 amandi
1267 1240 96 40 vtendi
1335 1240 96 40 aliquo

803 1267 75 41 actu
849 1267 103 41 fruendi
924 1267 75 41 esse
971 1267 149 41 perfectionem
1092 1267 93 41 quando
1158 1267 75 41 iste
1204 1267 84 41 actus
1260 1267 93 41 vtendi
1326 1267 65 41 est
1354 1267 65 41 actus

805 1294 97 44 fruendi
876 1294 71 44 quia
920 1294 62 44 non
955 1294 97 44 videtur
1026 1294 71 44 quod
1070 1294 79 44 actus
1123 1294 71 44 quae
1167 1294 115 44 diligitur
1255 1294 106 44 creatura
1326 1294 88 44 praecise

813 1328 91 38 propter
879 1328 66 38 deum
920 1328 58 38 sit
953 1328 132 38 imperfectior
1061 1328 66 38 quam
1102 1328 75 38 actus
1152 1328 66 38 quae
1194 1328 108 38 diligitur
1276 1328 99 38 praecise
1351 1328 66 38 deus
1384 1328 33 38 et

810 1352 61 41 hoc
845 1352 52 41 si
871 1352 61 41 sit
906 1352 61 41 eam
940 1352 95 41 intensi
1010 1352 52 41 et
1036 1352 95 41 ceteris
1105 1352 95 41 paribus
1174 1352 69 41 quod
1218 1352 61 41 non
1252 1352 87 41 semper
1313 1352 69 41 eqam
1348 1352 69 41 contin

806 1383 76 38 git
850 1383 76 38 hec
893 1383 87 38 ille
947 1383 65 38 in
980 1383 141 38 sententia
1088 1383 65 38 et
1120 1383 76 38 hoc
1164 1383 152 38 intelligas
1283 1383 65 38 de
1305 1383 108 38 amoribus

810 1414 213 35 psuppositionibus
991 1414 159 35 naturaliter
1119 1414 181 35 compositionem
1267 1414 64 35 et
1289 1414 128 35 diuisionem

810 1439 101 41 quando
881 1439 81 41 amor
931 1439 132 41 fruitiuus
1032 1439 71 41 dei
1073 1439 71 41 qui
1113 1439 121 41 sequitur
1205 1439 132 41 immediate
1306 1439 101 41 claram
1366 1439 51 41 dei

806 1463 116 43 visionem
894 1463 78 43 quae
942 1463 68 43 est
981 1463 146 43 principalis
1097 1463 146 43 essentialis
1214 1463 126 43 beatitudo
1311 1463 87 43 talis
1359 1463 49 43 na-

809 1491 136 41 turaliter
913 1491 115 41 excedit
997 1491 94 41 actum
1060 1491 105 41 vtendi
1134 1491 105 41 propse
1207 1491 115 41 dictum.
1291 1491 52 41 ⁋
1312 1491 73 41 Hoc
1344 1491 73 41 addem

811 1522 59 42 do
841 1522 78 42 quia
889 1522 78 42 vsus
938 1522 127 42 aliquando
1036 1522 107 42 sumitur
1114 1522 88 42 large
1172 1522 68 42 pro
1211 1522 146 42 cuiuscumque
1318 1522 98 42 potentie

816 1551 128 42 operatione
917 1551 82 42 sicut
971 1551 55 42 in
999 1551 128 42 illaregula
1100 1551 101 42 thopica
1173 1551 82 42 cuius
1228 1551 73 42 vsus
1274 1551 82 42 bonus
1328 1551 73 42 est.
1365 1551 55 42 etc.

811 1577 71 40 sic
851 1577 132 40 aliquando
953 1577 111 40 dicimur
1033 1577 71 40 vti
1074 1577 132 40 potentiis
1175 1577 132 40 aliquando
1276 1577 132 40 habitibus
1367 1577 51 40 iu-

802 1607 77 33 xta
846 1607 99 33 illud
912 1607 121 33 augusti
1000 1607 143 33 vetutibus
1110 1607 88 33 nemo
1164 1607 88 33 male
1219 1607 110 33 vtitur
1296 1607 110 33 saltem
1362 1607 55 33 per

808 1635 82 40 modum
863 1635 100 40 habitus
936 1635 109 40 vertuosi
1018 1635 82 40 iuxta
1072 1635 82 40 legen
1127 1635 109 40 communem
1209 1635 82 40 tamen
1264 1635 119 40 obiectiue
1346 1635 73 40 potest

803 1663 113 42 aliquis
885 1663 82 42 male
936 1663 72 42 vti
977 1663 92 42 ipsis
1038 1663 102 42 propie
1110 1663 72 42 aut
1151 1663 61 42 et
1182 1663 61 42 ad
1212 1663 143 42 propositum
1315 1663 92 42 sumitur

807 1693 78 30 vsus
856 1693 98 30 quando
924 1693 107 30 dicimur
1002 1693 68 30 vti
1041 1693 98 30 aliqua
1110 1693 107 30 tamquam
1188 1693 107 30 obiecto
1266 1693 68 30 per
1305 1693 88 30 modum
1353 1693 59 30 amo-

806 1722 73 38 ris
847 1722 126 38 relatiui
942 1722 136 38 diligendo
1047 1722 73 38 ipm
1089 1722 115 38 propter
1173 1722 94 38 aliud
1236 1722 84 38 actu
1288 1722 94 38 eodem
1341 1722 73 38 illud

804 1749 87 39 aliud
862 1749 77 39 plus
911 1749 126 39 diligendo
1007 1749 58 39 et
1036 1749 68 39 ita
1075 1749 126 39 accipitur
1171 1749 68 39 per
1210 1749 68 39 ma.
1249 1749 58 39 et
1278 1749 77 39 augu
1326 1749 58 39 in
1345 1749 68 39 textu

810 1774 43 42 ⁋
828 1774 51 42 Ad
853 1774 94 42 tentium
922 1774 94 42 dicitur
990 1774 68 42 quod
1033 1774 120 42 accipiendo
1127 1774 120 42 fruitionem
1221 1774 86 42 propse
1281 1774 94 42 concedi
1341 1774 68 42 potest

803 1807 81 36 quod
854 1807 92 36 illis
915 1807 112 36 fruimur
996 1807 81 36 quae
1047 1807 71 36 sic
1088 1807 102 36 amamus
1159 1807 81 36 quod
1210 1807 61 36 ad
1240 1807 142 36 vlterionem
1342 1807 71 36 finem

806 1836 129 39 actualiter
907 1836 64 39 eam
944 1836 64 39 non
981 1836 120 39 referimus
1073 1836 55 39 et
1100 1836 64 39 ita
1137 1836 129 39 conceditur
1238 1836 74 39 quod
1284 1836 101 39 fruimur
1349 1836 64 39 vertu

806 1862 82 35 tibus
860 1862 64 35 sed
897 1862 127 35 accipiendo
997 1862 73 35 frui
1042 1862 145 35 propriissime
1160 1862 82 35 sicut
1214 1862 127 35 augustinus
1314 1862 64 35 det
1350 1862 54 35 et
1369 1862 45 35 al-

804 1886 103 42 legatur
879 1886 56 42 in
907 1886 85 42 textu
964 1886 75 42 tunc
1011 1886 75 42 sola
1058 1886 122 42 trinitate
1152 1886 113 42 fruendum
1236 1886 66 42 est
1274 1886 56 42 et
1302 1886 66 42 non
1330 1886 85 42 vertuti

805 1915 67 40 bus
844 1915 67 40 nec
882 1915 105 40 aliquam
958 1915 76 40 pura
1006 1915 114 40 creatura
1091 1915 67 40 sed
1130 1915 67 40 eis
1168 1915 105 40 vtendum
1244 1915 67 40 est
1282 1915 57 40 et
1311 1915 67 40 per
1339 1915 67 40 illas

799 1943 115 47 fruendum
886 1943 67 47 est
924 1943 87 47 summo
982 1943 87 47 bono.
1040 1943 48 47 ⁋
1059 1943 58 47 Ad
1088 1943 106 47 quartum
1165 1943 115 47 dicendum
1251 1943 77 47 quod
1300 1943 67 47 deo
1338 1943 67 47 non
1367 1943 48 47 est

808 1973 110 45 vtendum
888 1973 110 45 stricte
968 1973 100 45 sumpto
1038 1973 80 45 isto
1088 1973 110 45 termino
1169 1973 80 45 vsus
1219 1973 70 45 pro
1259 1973 90 45 amore
1309 1973 100 45 relictio

801 2002 67 36 quae
842 2002 67 36 quis
884 2002 92 36 aliquid
950 2002 92 36 propter
1017 2002 75 36 aliud
1067 2002 75 36 sicut
1117 2002 92 36 propter
1183 2002 75 36 finem
1233 2002 92 36 vltimum
1300 2002 67 36 quae
1333 2002 75 36 vlteri-

801 2034 50 34 or
826 2034 59 34 non
859 2034 109 34 quaeratur
943 2034 59 34 sed
977 2034 101 34 habeatur
1052 2034 75 34 omnio
1102 2034 59 34 pro
1136 2034 75 34 vltio
1186 2034 75 34 tamen
1236 2034 92 34 sumendo
1303 2034 67 34 vsum
1337 2034 67 34 indifi

804 2056 90 38 feremt
867 2056 107 38 scilicet
947 2056 63 38 pro
983 2056 81 38 amore
1037 2056 107 38 relativo
1117 2056 107 38 alicuius
1198 2056 54 38 ad
1225 2056 81 38 aliud
1279 2056 72 38 quod
1323 2056 72 38 illo
1359 2056 54 38 actu

803 2085 143 43 principalius
919 2085 90 43 amatur
982 2085 72 43 tunc
1027 2085 99 43 videtur
1099 2085 72 43 quod
1143 2085 72 43 ille
1188 2085 63 43 qui
1224 2085 99 43 diligit
1296 2085 72 43 deum
1331 2085 72 43 aliqon

799 2118 77 50 actu
847 2118 115 50 praecise
934 2118 77 50 quod
982 2118 106 50 redenit
1059 2118 67 50 vel
1098 2118 106 50 creauit
1175 2118 58 50 vl
1203 2118 106 50 propter
1271 2118 144 50 retributionem
