1775 2500
185 221 137 54 extensam
287 221 160 54 dulcedinem
413 221 68 54 et
447 221 103 54 etiam
516 221 171 54 humiditatem
653 221 68 54 et
687 221 103 54 etiam
744 221 57 54 sic

190 268 239 39 proportionabiliter
397 268 109 39 potest
473 268 87 39 esse
527 268 65 39 in
560 268 152 39 proposito.
679 268 76 39 Set
712 268 87 39 contra

193 301 98 31 ilus
254 301 147 31 repugnat
365 301 172 31 capacitati
499 301 123 31 finite
585 301 147 31 creature
684 301 110 31 recepti

200 324 71 38 ilis
244 324 88 38 illius
306 324 71 38 quae
350 324 71 38 plus
394 324 124 38 perficitur
492 324 106 38 secundum
571 324 133 38 operationem
677 324 106 38 altioris
748 324 44 38 spe

184 356 83 34 ctei
236 356 83 34 quam
287 356 104 34 illius
360 356 73 34 quo
402 356 93 34 solum
464 356 145 34 perficitur
578 356 125 34 secundum
661 356 135 34 operationem

184 384 136 38 altioris
286 384 113 38 gradus
365 384 182 38 indiuidualis
513 384 159 38 inferioris
638 384 125 38 speciei
717 384 68 38 igit

183 412 62 37 si
214 412 145 37 indiuiduum
327 412 145 37 inferioris
441 412 114 37 speciei
523 412 72 37 ita
565 412 124 37 repleret
658 412 72 37 eam
699 412 83 37 quod
740 412 52 37 non

181 442 74 32 est
224 442 137 32 receptiua
329 442 137 32 fidiuidui
435 442 127 32 alicuius
529 442 127 32 altioris
624 442 105 32 gradus
698 442 63 32 in
719 442 74 32 eadem

176 467 156 35 sprermulto
298 467 100 35 minus
365 467 78 35 est
410 467 145 35 receptiua
521 467 145 35 indiuidui
632 467 100 35 ipent
688 467 111 35 altioris

181 498 88 36 quod
236 498 154 36 necessario
357 498 121 36 excedit
445 498 110 36 primum
521 498 154 36 indiuiduum
642 498 77 36 quo
686 498 66 36 ad
708 498 88 36 nobili

183 532 84 29 tatem
239 532 93 29 gradus
304 532 112 29 speciei:
387 532 65 29 ita
425 532 112 29 charitas
508 532 65 29 est
546 532 56 29 in
574 532 121 29 infinitum
667 532 84 29 intem
713 532 84 29 sibilis

181 554 95 37 igitur
247 554 57 37 si
275 554 114 37 repugnat
361 554 85 37 anime
418 554 95 37 recipe
484 554 95 37 gradum
550 554 133 37 intesionem
655 554 66 37 hoc
693 554 66 37 est
721 554 76 37 perper

178 586 168 36 limitationem
314 586 73 36 sue
356 586 178 36 perfectionis.
502 586 63 36 Ad
534 586 94 36 illud
597 586 84 36 quod
649 586 105 36 dicunt
723 586 73 36 ma.
754 586 42 36 et

183 614 120 35 gregorius
275 614 55 35 de
303 614 83 35 donis
358 614 83 35 anime
414 614 102 35 Christi
487 614 65 35 sic
524 614 120 35 respondet
617 614 83 35 credo
672 614 74 35 quod
718 614 65 35 hoc
746 614 46 35 sit

177 642 69 33 de
211 642 103 33 facto
279 642 69 33 et
314 642 69 33 oe
348 642 137 33 potentia
451 642 80 33 dei
497 642 149 33 ordinata.
611 642 69 33 et
645 642 114 33 postea
714 642 80 33 dicit

180 668 78 37 quod
229 668 117 37 Christus
317 668 78 37 post
365 668 97 37 primum
434 668 107 37 instans
511 668 156 37 conceptionis
638 668 68 37 iue
677 668 78 37 fuit
726 668 58 37 in
745 668 49 37 sia

176 701 72 32 tu
212 701 217 32 comprehensoris
393 701 84 32 non
441 701 72 32 in
477 701 109 32 statu
550 701 84 32 vie
598 701 84 32 quo
646 701 72 32 ad
670 701 121 32 merendum

186 726 85 32 sibi
240 726 75 32 sed
282 726 96 32 aliis
347 726 107 32 tantum
421 726 96 32 sicut
485 726 107 32 sancti
560 726 64 32 in
592 726 107 32 patria
667 726 75 32 non
699 726 96 32 possunt

180 758 116 34 mereri
261 758 93 34 sibi
319 758 104 34 tamen
389 758 139 34 merentur
493 758 116 34 nobis.
574 758 69 34 Ad
609 758 93 34 scem
655 758 139 34 principale

182 788 97 31 negatur
253 788 150 31 consequentia.
376 788 44 31 â‹
394 788 53 31 Ad
420 788 132 31 probationem
526 788 97 31 dicitur
596 788 70 31 quod
640 788 88 31 stante
702 788 70 31 casu
737 788 53 31 iste

188 812 109 33 vellet
265 812 87 33 quod
319 812 98 33 actus
385 812 87 33 iste
439 812 98 33 esset
505 812 76 33 non
549 812 153 33 meritorius
669 812 87 33 quia
713 812 76 33 tamen

181 841 100 34 libere
251 841 100 34 causat
321 841 70 34 eum
361 841 80 34 ideo
411 841 110 34 meretur
491 841 110 34 inuitus
571 841 120 34 secundum
661 841 80 34 quid
711 841 70 34 sed
741 841 50 34 non

184 870 170 32 simpliciter.
322 870 74 32 Set
365 870 106 32 contra
439 870 85 32 iste
492 870 64 32 in
523 870 85 32 tali
576 870 85 32 casu
629 870 74 32 non
672 870 117 32 meretur
746 870 53 32 ymo

186 896 131 35 demeretur
287 896 101 35 igitur
357 896 141 35 antecedens
468 896 121 35 probatur
559 896 81 35 quia
609 896 61 35 me
640 896 91 35 velle
690 896 101 35 proximum

182 928 69 34 per
222 928 89 34 bonum
281 928 89 34 actum
341 928 69 34 non
380 928 99 34 mereri
450 928 89 34 esset
509 928 129 34 illicitum
609 928 79 34 quia
658 928 109 34 inuidia
728 928 69 34 grate

180 959 134 33 fraterne
280 959 78 33 sed
325 959 89 33 plus
380 959 111 33 teneor
458 959 89 33 mihi
514 959 89 33 quam
569 959 122 33 proximo
658 959 122 33 igitur.
736 959 56 33 Set

181 988 81 32 pro
228 988 150 32 solutione
343 988 138 32 arguitur
446 988 69 32 si
481 988 115 32 scirem
562 988 92 32 deum
619 988 150 32 ordinasse
723 988 69 32 quod

181 1018 134 31 proximus
281 1018 89 31 meus
337 1018 112 31 posset
416 1018 123 31 saluari
505 1018 78 31 per
550 1018 78 31 hoc
595 1018 89 31 quod
651 1018 78 31 ego
695 1018 89 31 sibi
740 1018 56 31 da-

189 1037 82 37 rem
236 1037 129 37 meritum
330 1037 94 37 meum
389 1037 106 37 vnius
460 1037 94 37 hore
519 1037 82 37 ita
566 1037 94 37 quod
625 1037 118 37 egomet
695 1037 106 37 carerem

184 1066 86 40 illo
238 1066 107 40 merito
313 1066 64 40 et
345 1066 86 40 quod
399 1066 107 40 aliter
474 1066 118 40 saluari
559 1066 75 40 non
602 1066 107 40 posset
666 1066 129 40 praeceptum

187 1098 175 33 charitatis
324 1098 75 33 me
361 1098 137 33 ligaret
461 1098 75 33 ad
498 1098 87 33 hoc
548 1098 162 33 faciendum
661 1098 112 33 igitur.

189 1123 143 41 Preterea
296 1123 95 41 deus
356 1123 119 41 posset
439 1123 95 41 mihi
499 1123 167 41 praecipere
629 1123 107 41 hodie
701 1123 71 41 vt
725 1123 71 41 cras

186 1151 67 37 in
219 1151 56 37 a
242 1151 78 37 non
287 1151 112 37 merear
365 1151 67 37 et
399 1151 146 37 meritorie
511 1151 112 37 possum
589 1151 67 37 me
623 1151 90 37 huic
668 1151 123 37 praecepto

188 1182 165 32 conformare.
320 1182 88 32 tunc
375 1182 66 32 in
408 1182 132 32 qualibet
506 1182 187 32 instanticitra
660 1182 55 32 a
682 1182 77 32 quo
715 1182 77 32 habeo

183 1208 113 33 actum
259 1208 138 33 volendi
360 1208 88 33 non
410 1208 126 33 mereri
498 1208 76 33 in
536 1208 63 33 a
561 1208 138 33 merebor
662 1208 113 33 licet
737 1208 88 33 non

186 1239 105 32 semper
260 1239 84 32 nouo
313 1239 105 32 merito
386 1239 63 32 et
418 1239 95 32 forte
481 1239 84 32 pari
533 1239 116 32 ratione
617 1239 137 32 retinendo
722 1239 74 32 vel
754 1239 42 32 no

182 1270 78 31 uit
226 1270 145 31 eliciendo
338 1270 100 31 illum
404 1270 100 31 actum
471 1270 67 31 in
505 1270 56 31 a
527 1270 122 31 merebor
616 1270 67 31 in
649 1270 56 31 a
672 1270 122 31 credens
749 1270 45 31 me

186 1293 67 37 in
219 1293 78 37 hoc
264 1293 157 37 praeceptum
387 1293 78 37 dei
432 1293 112 37 exequi
510 1293 78 37 non
555 1293 145 37 aduertens
667 1293 89 37 quod
723 1293 67 37 ex
745 1293 56 37 hoc

190 1325 111 34 mererer.
273 1325 55 34 Ad
300 1325 83 34 illud
356 1325 92 34 dubium
420 1325 101 34 dicitur
494 1325 74 34 quod
540 1325 111 34 secundum
623 1325 83 34 legen
678 1325 65 34 dei
706 1325 92 34 communem

190 1352 65 36 vbi
227 1352 65 36 non
264 1352 112 36 occurrit
349 1352 84 36 talis
405 1352 84 36 casus
461 1352 93 36 qualis
526 1352 131 36 praetactus
629 1352 65 36 est
666 1352 65 36 vel
695 1352 93 36 tangetur

183 1382 56 32 qu
211 1382 56 32 id
239 1382 65 32 ist
276 1382 75 32 sine
322 1382 112 32 notabili
406 1382 84 32 etiam
462 1382 140 32 charitatiua
574 1382 84 32 causa
630 1382 75 32 erga
676 1382 75 32 deum
723 1382 56 32 et
741 1382 47 32 pro

181 1408 100 33 ximum
247 1408 111 33 nullus
325 1408 111 33 potest
403 1408 111 33 mereri
480 1408 122 33 volendo
569 1408 78 33 non
614 1408 111 33 mereri
691 1408 78 33 ymo
724 1408 67 33 vel-

184 1433 54 39 le
211 1433 63 39 non
247 1433 90 39 mereri
311 1433 63 39 per
347 1433 81 39 actum
401 1433 54 39 de
428 1433 90 39 genere
492 1433 81 39 bonum
546 1433 81 39 esset
600 1433 118 39 peccatum.
691 1433 100 39 Secundo
754 1433 36 39 vi

186 1468 91 32 detur
247 1468 122 32 dicendum
338 1468 81 32 quod
389 1468 61 32 ho
419 1468 81 32 bene
470 1468 102 32 posset
541 1468 61 32 oe
572 1468 132 32 possibili
673 1468 102 32 posito
734 1468 61 32 casu

192 1495 82 40 rimi
243 1495 123 40 argumeti
336 1495 62 40 in
366 1495 123 40 contrium
459 1495 72 40 vel
500 1495 103 40 simili
572 1495 113 40 volendo
654 1495 62 40 no
685 1495 103 40 mereri
747 1495 41 40 ex

184 1528 169 29 iainaduertentia
326 1528 98 29 quaedam
397 1528 71 29 quod
442 1528 62 29 non
477 1528 107 29 percipet
557 1528 71 29 quod
602 1528 62 29 sic
637 1528 80 29 velle
690 1528 53 29 in
717 1528 71 29 tali
752 1528 36 29 ca

185 1553 69 33 su
219 1553 103 33 esset
287 1553 114 33 mereri
367 1553 80 33 sic
413 1553 103 33 credo
482 1553 103 33 paulu
550 1553 137 33 meruisse
653 1553 80 33 dum
687 1553 103 33 optabat

183 1585 122 30 anathema
274 1585 81 30 esse
325 1585 51 30 a
346 1585 112 30 Christo
427 1585 71 30 pro
468 1585 102 30 fribus
539 1585 61 30 ad
569 1585 61 30 ro
600 1585 81 30 12x.
651 1585 92 30 eodem
712 1585 81 30 modo
752 1585 41 30 de

187 1605 96 38 moyse
251 1605 107 38 quando
326 1605 107 38 orauit
401 1605 107 38 exodi.
475 1605 107 38 2xxii.
550 1605 117 38 dimitte
635 1605 75 38 eis
678 1605 85 38 hanc
720 1605 75 38 noxam

188 1639 77 31 aut
232 1639 66 31 si
265 1639 77 31 non
309 1639 99 31 facis
375 1639 88 31 dele
430 1639 66 31 me
463 1639 66 31 de
497 1639 99 31 libro
563 1639 77 31 tuo
607 1639 88 31 quem
651 1639 143 31 scripsisti.

182 1667 101 37 Tertio
253 1667 111 37 videtur
333 1667 81 37 mihi
384 1667 121 37 dicendum
475 1667 81 37 quod
525 1667 101 37 habens
596 1667 101 37 plenum
667 1667 121 37 iudicium
748 1667 40 37 de

185 1695 159 33 conditionibus
316 1695 84 33 actus
372 1695 66 33 sui
410 1695 75 33 quae
457 1695 56 33 ad
485 1695 103 33 meritum
560 1695 66 33 vel
597 1695 122 33 demeritum
691 1695 66 33 non
719 1695 75 33 potest

181 1720 95 35 simul
245 1720 106 35 mereri
319 1720 116 35 volendo
404 1720 159 35 efficacitur
531 1720 74 35 non
573 1720 106 35 mereri
647 1720 127 35 probatur
732 1720 63 35 quia

189 1748 58 38 si
218 1748 68 38 non
257 1748 68 38 hoc
296 1748 97 38 maxime
363 1748 87 38 esset
421 1748 58 38 in
450 1748 77 38 casu
499 1748 126 38 praedicto
595 1748 58 38 de
624 1748 126 38 praecepto
721 1748 68 38 vel
759 1748 58 38 in

187 1784 92 29 aliqua
251 1784 129 29 consimili.
353 1784 111 29 falsitas
436 1784 111 29 probatur
519 1784 74 29 quia
565 1784 74 29 esto
611 1784 74 29 quod
657 1784 92 29 habeas
712 1784 83 29 praece-

180 1809 92 36 ptum
238 1809 127 36 volendi
330 1809 81 36 non
377 1809 115 36 mereri
457 1809 81 36 per
504 1809 58 36 a
527 1809 104 36 horam
596 1809 69 36 si
630 1809 81 36 non
665 1809 127 36 conformas

185 1838 79 34 te
224 1838 159 34 precepto
343 1838 132 34 peccas
436 1838 79 34 si
476 1838 119 34 autem
555 1838 172 34 conformas
687 1838 79 34 te
714 1838 79 34 pre-

186 1869 97 31 cepto
251 1869 64 31 et
283 1869 97 31 velis
347 1869 161 31 efficacitur
476 1869 75 31 non
519 1869 107 31 mereri
594 1869 86 31 tunc
648 1869 75 31 non
691 1869 107 31 libere
755 1869 43 31 et

187 1893 121 34 scienter
278 1893 101 34 causas
349 1893 91 34 actum
409 1893 81 34 quem
460 1893 81 34 scis
511 1893 81 34 esse
561 1893 152 34 meritorium.
683 1893 61 34 si
703 1893 91 34 solutio

192 1923 131 35 supponit
291 1923 88 35 quod
345 1923 66 35 tu
378 1923 109 35 habeas
455 1923 109 35 plenum
531 1923 131 35 iudicium
630 1923 66 35 et
663 1923 131 35 noticiam
750 1923 44 35 de

192 1955 181 33 conditionibus
342 1955 96 33 actus
406 1955 75 33 tui
448 1955 85 33 quae
502 1955 64 33 ad
533 1955 117 33 meritum
619 1955 75 33 vel
661 1955 139 33 demeritum
757 1955 43 33 et

182 1977 61 41 si
212 1977 61 41 tu
243 1977 72 41 vis
284 1977 154 41 efficacitur
407 1977 72 41 non
448 1977 102 41 mereri
520 1977 102 41 igitur
591 1977 72 41 non
632 1977 133 41 mereberis
724 1977 72 41 volen

186 2009 63 33 do
217 2009 73 33 non
259 2009 115 33 mereri.
343 2009 73 33 vel
384 2009 94 33 etiam
447 2009 126 33 estoquod
541 2009 105 33 habeas
615 2009 147 33 praeceptum
730 2009 73 33 non
761 2009 42 33 me

182 2041 84 46 rendi
238 2041 65 46 per
275 2041 47 46 a
293 2041 93 46 horam.
359 2041 56 46 si
387 2041 84 46 tamen
442 2041 102 46 dicitur
517 2041 75 46 quod
564 2041 56 46 tu
591 2041 56 46 in
619 2041 47 46 a
638 2041 75 46 hora
685 2041 102 46 mereris
750 2041 65 46 volen

821 223 63 51 do
853 223 74 51 non
895 223 105 51 mereri
969 223 63 51 et
1000 223 74 51 cum
1042 223 74 51 per
1084 223 147 51 solutionem
1200 223 63 51 tu
1232 223 74 51 non
1274 223 116 51 mereris
1358 223 84 51 quin

825 270 95 35 scias
888 270 63 35 te
919 270 105 35 mereri
993 270 105 35 igitur
1066 270 126 35 scienter
1161 270 179 35 transgrederis
1297 270 126 35 praeceptum

830 301 94 36 gitur
892 301 105 36 peccas
966 301 63 36 et
997 301 73 36 non
1039 301 126 36 mereris.
1133 301 84 36 Item
1185 301 73 36 qui
1227 301 105 36 omnino
1300 301 84 36 vult
1353 301 73 36 non
1384 301 42 36 me

830 330 83 33 teri
881 330 72 33 non
923 330 103 33 causat
995 330 124 33 scienter
1088 330 93 33 actum
1150 330 83 33 quem
1202 330 83 33 scit
1254 330 83 33 esse
1295 330 124 33 meritorium

818 356 75 36 nec
861 356 118 36 propter
947 356 118 36 salutem
1033 356 118 36 proximi
1118 356 75 36 nec
1161 356 118 36 propter
1247 356 96 36 suam.
1300 356 129 36 Correlari-

818 384 55 37 um
845 384 91 37 stante
909 384 73 37 lege
954 384 64 37 dei
991 384 109 37 ordinata
1072 384 109 37 scilicet
1154 384 73 37 quod
1200 384 82 37 omnis
1254 384 100 37 exeques
1318 384 109 37 praeceptum

815 412 65 36 dei
852 412 56 36 in
880 412 121 36 charitate
973 412 112 36 meretur:
1057 412 75 36 deus
1103 412 65 36 non
1141 412 93 36 potest
1206 412 84 36 simul
1262 412 65 36 cum
1299 412 65 36 hoc
1327 412 93 36 praecipe

821 443 53 36 re
848 443 106 36 exesenti
927 443 53 36 in
953 443 115 36 charitate
1041 443 70 36 quod
1085 443 62 36 per
1121 443 88 36 certum
1182 443 97 36 tempons
1253 443 62 36 non
1288 443 115 36 mereatur:
1367 443 62 36 proba

817 472 61 33 tur
852 472 69 33 quod
895 472 61 33 non
930 472 61 33 pot
965 472 69 33 quis
1008 472 87 33 exequi
1069 472 61 33 non
1103 472 87 33 potest
1164 472 69 33 sibi
1207 472 156 33 rationabilitur
1329 472 95 33 praecipi:

814 501 69 37 sed
854 501 79 37 tale
903 501 138 37 praeceptum
1012 501 99 37 nullus
1081 501 109 37 execens
1160 501 59 37 in
1190 501 129 37 charitate
1289 501 99 37 exequi
1348 501 79 37 posset

823 529 78 35 quia
872 529 127 35 exequendo
970 529 137 35 praeceptum
1078 529 127 35 mereretur
1176 529 78 35 siue
1225 529 69 35 per
1264 529 137 35 positionem
1362 529 59 35 actu

822 559 132 32 voluntatis
925 559 75 32 siue
972 559 66 32 per
1010 559 151 32 suspensionem
1133 559 57 32 et
1161 559 66 32 sic
1199 559 132 32 praeceptum
1302 559 66 32 non
1331 559 94 32 exequare

817 586 63 29 tur
853 586 54 29 et
880 586 63 29 ita
916 586 81 29 simul
969 586 134 29 exequaretur
1077 586 54 29 et
1104 586 63 29 non
1139 586 134 29 exequaretur
1247 586 72 29 quod
1292 586 63 29 est
1319 586 107 29 impossibi-

819 613 64 35 le.
856 613 110 35 Sciendum
938 613 83 35 etiam
993 613 73 35 quod
1039 613 119 35 possibile
1131 613 64 35 est
1167 613 55 35 in
1195 613 101 35 casibus
1268 613 101 35 prdicti
1341 613 55 35 et
1360 613 73 35 simili

821 643 67 32 bus
860 643 77 32 quod
908 643 106 32 aliquis
985 643 106 32 volendo
1061 643 67 32 non
1100 643 96 32 mereri
1167 643 67 32 per
1205 643 77 32 vnam
1253 643 86 32 horam
1311 643 106 32 propter
1378 643 48 32 hoc

814 671 79 38 quod
864 671 60 38 se
893 671 129 38 conformet
993 671 129 38 praecepto
1092 671 69 38 vel
1131 671 129 38 voluntati
1231 671 99 38 diuine
1300 671 109 38 meretur
1379 671 69 38 per

815 701 93 32 eandem
880 701 65 32 non
917 701 103 32 propter
992 701 131 32 volitionem
1095 701 65 32 non
1132 701 103 32 merendi
1206 701 65 32 sed
1244 701 103 32 propter
1309 701 112 32 volitionem

821 730 65 29 deo
858 730 121 29 obediendi
951 730 56 29 et
980 730 93 29 igitur
1045 730 65 29 non
1082 730 112 29 sequitur
1166 730 75 29 quod
1213 730 103 29 meretur
1288 730 103 29 inuitus
1353 730 75 29 staret

817 759 84 35 etiam
873 759 56 35 in
901 759 84 35 eodem
957 759 75 35 casu
1004 759 75 35 quod
1051 759 66 35 non
1088 759 103 35 meretur
1163 759 75 35 quia
1210 759 75 35 deus
1257 759 94 35 posset
1322 759 84 35 illam
1369 759 56 35 obe-

821 786 133 33 dientiam
921 786 78 33 non
965 786 144 33 acceptare
1076 786 67 33 ad
1110 786 133 33 meritum.
1210 786 56 33 â‹
1232 786 122 33 Aduerte
1321 786 100 33 etiam
1377 786 44 33 so

822 812 128 32 lutionem
918 812 75 32 ade
961 812 85 32 quia
1015 812 75 32 est
1057 812 96 32 bona.
1121 812 53 32 â‹
1143 812 128 32 Sciendum
1239 812 96 32 etiam
1303 812 96 32 circa
1356 812 75 32 solu-

825 842 101 33 tionem
895 842 91 33 primi
956 842 131 33 argumenti
1056 842 81 33 quod
1107 842 131 33 multiplex
1208 842 70 33 est
1248 842 131 33 capacitas
1338 842 91 33 quaedam

820 871 132 35 receptiua
921 871 112 35 quaedam
1002 871 162 35 apprehensiua
1134 871 61 35 et
1165 871 142 35 vniuersatr
1276 871 101 35 actiua
1337 871 81 35 quaedi

825 899 168 33 repraesentatiua
967 899 97 33 quaedam
1037 899 115 33 eminenter
1126 899 53 33 et
1152 899 133 33 vertualiter
1258 899 124 33 contentiua
1346 899 80 33 quaedam

818 927 184 36 circumscriptiua
973 927 106 36 quaedam
1050 927 145 36 poncialiter
1166 927 135 36 coexistiua
1272 927 116 36 dicendum
1350 927 77 36 igitur

820 956 89 36 quod
875 956 133 36 cuiusset
975 956 133 36 creature
1075 956 155 36 rationalis
1196 956 144 36 capacitas
1296 956 122 36 receptiua

822 986 81 36 etiam
876 986 153 36 obedientiatur
1002 986 99 36 dicitur
1074 986 63 36 est
1110 986 108 36 infinita
1191 986 63 36 nec
1227 986 72 36 illa
1272 986 63 36 det
1299 986 126 36 perfectionem

823 1012 72 34 sed
864 1012 102 34 potius
935 1012 164 34 impfectionem
1069 1012 82 34 quae
1120 1012 72 34 deo
1161 1012 72 34 non
1202 1012 133 34 conuenit.
1304 1012 51 34 â‹
1314 1012 113 34 Capacitas

819 1042 91 35 autem
880 1042 152 35 apprehesiua
1001 1042 91 35 sicut
1062 1042 71 35 est
1103 1042 61 35 in
1133 1042 101 35 homine
1204 1042 162 35 cognoscitiua
1336 1042 61 35 et
1356 1042 71 35 dile-

823 1068 82 36 ctiua
877 1068 91 36 finita
941 1068 64 36 est
977 1068 54 36 in
1004 1068 109 36 creatura
1086 1068 73 36 quod
1132 1068 109 36 probatur
1213 1068 73 36 quia
1259 1068 73 36 esse
1295 1068 136 36 apprehensiuum

817 1098 86 32 dicit
875 1098 152 32 perfectionem
998 1098 143 32 simpliciter
1113 1098 95 32 igitur
1179 1098 86 32 nulli
1237 1098 114 32 conuenit
1313 1098 114 32 illimitate

822 1126 54 35 et
849 1126 99 35 immense
921 1126 72 35 nisi
965 1126 72 35 soli
1010 1126 63 35 deo
1046 1126 90 35 igitur
1109 1126 72 35 etc.
1153 1126 54 35 et
1180 1126 72 35 idem
1225 1126 63 35 est
1261 1126 107 35 iudicium
1341 1126 54 35 de
1359 1126 72 35 quali-

819 1153 68 38 bet
858 1153 97 38 actiua
926 1153 145 38 cuiuscumque
1041 1153 68 38 rei
1080 1153 145 38 capacitate.
1196 1153 48 38 â‹
1215 1153 87 38 Tamen
1273 1153 87 38 patet
1331 1153 77 38 quod
1369 1153 68 38 licet

823 1185 116 29 creatura
910 1185 135 29 rationalis
1016 1185 58 29 in
1045 1185 116 29 ifinitum
1132 1185 135 29 procedendo
1237 1185 96 29 semper
1295 1185 135 29 perfectioris

825 1212 60 34 et
855 1212 159 34 perfectioris
984 1212 99 34 gratie
1053 1212 69 34 vel
1093 1212 119 34 visionis
1182 1212 69 34 vel
1222 1212 139 34 dilectiois
1331 1212 69 34 vel
1361 1212 69 34 cuius

820 1241 99 35 cumque
890 1241 139 35 qualitatis
999 1241 70 35 vel
1039 1241 89 35 actus
1098 1241 70 35 sit
1138 1241 129 35 receptiua
1237 1241 89 35 tamen
1297 1241 89 35 vltra
1347 1241 79 35 gradum

820 1268 73 32 sue
861 1268 230 32 comprehensiuitatis
1060 1268 73 32 non
1102 1268 105 32 potest
1176 1268 147 32 cognoscere
1291 1268 73 32 vel
1322 1268 105 32 diligere

821 1297 66 40 vel
858 1297 84 40 alias
914 1297 56 40 se
942 1297 150 40 apprehensiue
1064 1297 112 40 actuare.
1149 1297 56 40 Ex
1177 1297 75 40 quae
1224 1297 84 40 patet
1280 1297 75 40 quod
1327 1297 66 40 non
1364 1297 94 40 semper

819 1326 124 36 creatura
912 1326 72 36 per
953 1326 103 36 duplam
1025 1326 155 36 dilectionem
1149 1326 103 36 potest
1221 1326 62 36 in
1252 1326 93 36 duplo
1314 1326 83 36 plus
1356 1326 72 36 dili-

812 1350 92 43 gere
870 1350 81 43 nec
916 1350 81 43 per
962 1350 115 43 duplam
1043 1350 173 43 cognitionem
1181 1350 69 43 in
1216 1350 104 43 duplo
1285 1350 92 43 plus
1343 1350 115 43 cognoÂ¬

822 1382 98 37 acere
888 1382 120 37 quamuis
975 1382 76 37 per
1019 1382 153 37 nobiliorem
1139 1382 153 37 qualitatem
1259 1382 76 37 vel
1303 1382 98 37 actum
1368 1382 66 37 in
1390 1382 44 37 ea

822 1411 55 35 a
844 1411 77 35 deo
888 1411 132 35 causatum
987 1411 154 35 perfectior
1108 1411 66 35 et
1142 1411 132 35 nobilior
1241 1411 88 35 fiat
1285 1411 143 35 qualitatiue

821 1441 62 34 et
852 1441 94 34 etiam
914 1441 135 34 acceptior
1018 1441 73 34 quo
1060 1441 62 34 ad
1091 1441 83 34 deum
1143 1441 73 34 qui
1185 1441 94 34 etiam
1248 1441 83 34 plus
1300 1441 125 34 secundum
1383 1441 52 34 hoc

828 1467 88 34 potest
890 1467 114 34 acceptare
977 1467 79 34 actus
1030 1467 70 34 eius
1074 1467 53 34 et
1100 1467 61 34 per
1135 1467 123 34 consequens
1231 1467 88 34 facere
1293 1467 70 34 quod
1336 1467 70 34 sint
1371 1467 53 34 plus

814 1497 63 34 et
846 1497 85 34 plus
899 1497 137 34 meritorii
1005 1497 63 34 et
1036 1497 201 34 correspondenter
1205 1497 85 34 plus
1258 1497 169 34 praemiatorii
1385 1497 53 34 seu

825 1524 100 31 maiori
895 1524 110 31 praemio
975 1524 90 31 digni
1035 1524 60 31 et
1065 1524 70 31 sic
1105 1524 60 31 in
1135 1524 130 31 infinitum
1234 1524 140 31 ascendendo
1344 1524 80 31 quia
1384 1524 50 31 hoc

820 1552 96 31 totum
884 1552 128 31 respicit
980 1552 160 31 capacitatem
1108 1552 64 31 in
1140 1552 128 31 creatura
1235 1552 64 31 et
1257 1552 170 31 possibilitatem

820 1580 141 34 largitiuam
931 1580 60 34 in
961 1580 121 34 creatore
1051 1580 101 34 quarum
1121 1580 111 34 vtraque
1202 1580 70 34 est
1242 1580 121 34 infinita
1333 1580 70 34 non
1363 1580 70 34 tamen

820 1611 135 33 predicto
921 1611 90 33 modo
977 1611 146 33 creaturam
1090 1611 112 33 potest
1168 1611 124 33 perfici
1258 1611 146 33 actuatiue
1360 1611 67 33 quia

823 1637 82 34 esse
874 1637 144 34 actuatiuum
987 1637 72 34 seu
1029 1637 165 34 cognoscitiue
1162 1637 144 34 dilectiuem
1276 1637 72 34 vel
1317 1637 134 34 quacumque

817 1668 95 27 modo
877 1668 83 27 non
924 1668 119 27 potest
1008 1668 155 27 competere
1127 1668 143 27 creature
1234 1668 95 27 nisi
1293 1668 143 27 limitate
1388 1668 48 27 vt

821 1696 103 34 dictum
893 1696 72 34 est
934 1696 62 34 et
965 1696 197 34 contradictionem
1131 1696 145 34 implicaret
1245 1696 83 34 quod
1297 1696 83 34 deus
1338 1696 93 34 faceret

825 1719 131 36 creaturam
926 1719 81 36 plus
976 1719 121 36 diligere
1067 1719 81 36 quam
1118 1719 81 36 ipsa
1168 1719 71 36 est
1209 1719 131 36 dilectiua
1310 1719 81 36 quia
1350 1719 81 36 quante

824 1750 86 36 deus
878 1750 107 36 potest
953 1750 107 36 facere
1028 1750 139 36 creaturam
1135 1750 129 36 diligere
1231 1750 96 36 tante
1296 1750 96 36 capax
1360 1750 75 36 est
1392 1750 43 36 vt

815 1776 108 40 diligat
893 1776 68 40 vel
933 1776 88 40 tante
991 1776 68 40 est
1030 1776 127 40 dilectiua
1128 1776 59 40 et
1157 1776 127 40 similiter
1255 1776 117 40 arguitur
1343 1776 59 40 de
1363 1776 68 40 aliis

821 1809 157 35 actuationibus
950 1809 74 35 vnem
996 1809 111 35 sequitur
1079 1809 74 35 quod
1125 1809 65 35 non
1162 1809 92 35 opetet
1226 1809 55 35 vt
1254 1809 83 35 dupla
1309 1809 83 35 visio
1364 1809 55 35 in
1383 1809 46 35 sor

825 1839 58 33 te
854 1839 127 33 denominet
952 1839 68 33 eum
991 1839 58 33 in
1020 1839 88 33 duplo
1078 1839 78 33 plus
1127 1839 117 33 videntem
1215 1839 68 33 nec
1254 1839 97 33 opetet
1322 1839 78 33 quod
1361 1839 68 33 dupla

823 1864 119 38 dilectio
912 1864 129 38 denominet
1011 1864 69 38 eum
1051 1864 59 38 in
1081 1864 89 38 duplo
1140 1864 79 38 plus
1189 1864 139 38 diligentem
1298 1864 69 38 sed
1328 1864 109 38 denominat

823 1899 74 32 eum
866 1899 84 32 plus
918 1899 84 32 alia
971 1899 179 32 denominatione
1118 1899 158 32 quilitatiua
1244 1899 95 32 nobis
1307 1899 95 32 forte
1360 1899 63 32 igno

823 1923 51 38 ta
849 1923 77 38 patet
900 1923 85 38 igitur
960 1923 68 38 quod
1003 1923 77 38 nulla
1054 1923 60 38 est
1088 1923 77 38 ratio
1140 1923 77 38 quare
1191 1923 103 38 creatura
1268 1923 120 38 rationalis
1362 1923 60 38 non
1387 1923 43 38 est

821 1949 97 37 capax
886 1949 162 37 cuiuscumque
1016 1949 140 37 indiuidui
1124 1949 173 37 quanticumque
1264 1949 108 37 gradus
1340 1949 65 37 in
1361 1949 76 37 eadem

820 1982 106 36 specie
895 1982 75 36 ita
937 1982 85 36 bene
991 1982 96 36 sicut
1055 1982 75 36 est
1097 1982 96 36 capax
1161 1982 106 36 semper
1235 1982 149 36 nobilioris
1342 1982 85 36 indiui

822 2007 71 36 dui
862 2007 141 36 diuersarum
973 2007 121 36 sprerum.
1064 2007 71 36 nec
1105 2007 71 36 est
1145 2007 101 36 simile
1216 2007 81 36 quod
1266 2007 121 36 adductum
1357 2007 71 36 est
1388 2007 40 36 de

826 2037 163 50 qualitalibus
958 2037 163 50 corporalibus
1090 2037 61 50 et
1121 2037 81 50 esto
1172 2037 81 50 quod
1223 2037 71 50 sic
1263 2037 81 50 tunc
1314 2037 81 50 dico
1365 2037 81 50 quod
