<?xml version="1.0" encoding="UTF-8"?>
<alto xmlns:xsi="http://www.w3.org/2001/XMLSchema-instance"
      xmlns="http://www.loc.gov/standards/alto/ns-v2#"
      xmlns:page="http://schema.primaresearch.org/PAGE/gts/pagecontent/2013-07-15"
      xsi:schemaLocation="http://www.loc.gov/standards/alto/ns-v2# http://www.loc.gov/standards/alto/alto.xsd">
   <Description>
      <MeasurementUnit>pixel</MeasurementUnit>
      <OCRProcessing ID="IdOcr">
         <ocrProcessingStep>
            <processingDateTime>2021-02-17T08:19:32.929-05:00</processingDateTime>
            <processingSoftware>
               <softwareCreator>READ COOP</softwareCreator>
               <softwareName>Transkribus</softwareName>
            </processingSoftware>
         </ocrProcessingStep>
      </OCRProcessing>
   </Description>
   <Tags/>
   <Layout>
      <Page ID="Page1" PHYSICAL_IMG_NR="1" HEIGHT="2500" WIDTH="1799">
         <TopMargin HEIGHT="0" WIDTH="1799" VPOS="0" HPOS="0"/>
         <LeftMargin HEIGHT="2500" WIDTH="0" VPOS="0" HPOS="0"/>
         <RightMargin HEIGHT="2500" WIDTH="0" VPOS="0" HPOS="1799"/>
         <BottomMargin HEIGHT="0" WIDTH="1799" VPOS="2500" HPOS="0"/>
         <PrintSpace HEIGHT="2500" WIDTH="1799" VPOS="0" HPOS="0">
            <TextBlock ID="TextRegion_1604597334489_126"
                       HEIGHT="1953"
                       WIDTH="622"
                       VPOS="171"
                       HPOS="210">
               <Shape>
                  <Polygon POINTS="210,171 832,171 832,2124 210,2124"/>
               </Shape>
               <TextLine ID="r2l3"
                         BASELINE="274"
                         HEIGHT="54"
                         WIDTH="599"
                         VPOS="220"
                         HPOS="214">
                  <String HEIGHT="54" WIDTH="68" VPOS="220" HPOS="203" CONTENT="ne"/>
                  <SP HEIGHT="54" WIDTH="11" VPOS="220" HPOS="271"/>
                  <String HEIGHT="54"
                          WIDTH="147"
                          VPOS="220"
                          HPOS="237"
                          CONTENT="intuitiua"/>
                  <SP HEIGHT="54" WIDTH="11" VPOS="220" HPOS="384"/>
                  <String HEIGHT="54" WIDTH="79" VPOS="220" HPOS="350" CONTENT="dei"/>
                  <SP HEIGHT="54" WIDTH="11" VPOS="220" HPOS="429"/>
                  <String HEIGHT="54"
                          WIDTH="136"
                          VPOS="220"
                          HPOS="395"
                          CONTENT="cognosci"/>
                  <SP HEIGHT="54" WIDTH="11" VPOS="220" HPOS="530"/>
                  <String HEIGHT="54"
                          WIDTH="113"
                          VPOS="220"
                          HPOS="497"
                          CONTENT="potest"/>
                  <SP HEIGHT="54" WIDTH="11" VPOS="220" HPOS="610"/>
                  <String HEIGHT="54" WIDTH="79" VPOS="220" HPOS="576" CONTENT="vna"/>
                  <SP HEIGHT="54" WIDTH="11" VPOS="220" HPOS="655"/>
                  <String HEIGHT="54"
                          WIDTH="124"
                          VPOS="220"
                          HPOS="621"
                          CONTENT="persona"/>
                  <SP HEIGHT="54" WIDTH="11" VPOS="220" HPOS="745"/>
                  <String HEIGHT="54" WIDTH="90" VPOS="220" HPOS="711" CONTENT="alia"/>
                  <SP HEIGHT="54" WIDTH="11" VPOS="220" HPOS="802"/>
                  <String HEIGHT="54" WIDTH="57" VPOS="220" HPOS="756" CONTENT="non"/>
               </TextLine>
               <TextLine ID="r2l5"
                         BASELINE="301"
                         HEIGHT="34"
                         WIDTH="600"
                         VPOS="267"
                         HPOS="212">
                  <String HEIGHT="34"
                          WIDTH="135"
                          VPOS="267"
                          HPOS="200"
                          CONTENT="cognita"/>
                  <SP HEIGHT="34" WIDTH="12" VPOS="267" HPOS="334"/>
                  <String HEIGHT="34"
                          WIDTH="147"
                          VPOS="267"
                          HPOS="298"
                          CONTENT="Probatur"/>
                  <SP HEIGHT="34" WIDTH="12" VPOS="267" HPOS="445"/>
                  <String HEIGHT="34" WIDTH="98" VPOS="267" HPOS="408" CONTENT="quia"/>
                  <SP HEIGHT="34" WIDTH="12" VPOS="267" HPOS="506"/>
                  <String HEIGHT="34"
                          WIDTH="110"
                          VPOS="267"
                          HPOS="469"
                          CONTENT="tales"/>
                  <SP HEIGHT="34" WIDTH="12" VPOS="267" HPOS="579"/>
                  <String HEIGHT="34"
                          WIDTH="184"
                          VPOS="267"
                          HPOS="543"
                          CONTENT="abstractive"/>
                  <SP HEIGHT="34" WIDTH="12" VPOS="267" HPOS="726"/>
                  <String HEIGHT="34" WIDTH="98" VPOS="267" HPOS="690" CONTENT="siue"/>
                  <SP HEIGHT="34" WIDTH="12" VPOS="267" HPOS="788"/>
                  <String HEIGHT="34" WIDTH="73" VPOS="267" HPOS="739" CONTENT="sint"/>
               </TextLine>
               <TextLine ID="r2l7"
                         BASELINE="332"
                         HEIGHT="36"
                         WIDTH="601"
                         VPOS="296"
                         HPOS="210">
                  <String HEIGHT="36"
                          WIDTH="158"
                          VPOS="296"
                          HPOS="200"
                          CONTENT="indiuiduales"/>
                  <SP HEIGHT="36" WIDTH="10" VPOS="296" HPOS="358"/>
                  <String HEIGHT="36" WIDTH="79" VPOS="296" HPOS="328" CONTENT="siue"/>
                  <SP HEIGHT="36" WIDTH="10" VPOS="296" HPOS="407"/>
                  <String HEIGHT="36"
                          WIDTH="128"
                          VPOS="296"
                          HPOS="377"
                          CONTENT="specifice"/>
                  <SP HEIGHT="36" WIDTH="10" VPOS="296" HPOS="506"/>
                  <String HEIGHT="36"
                          WIDTH="99"
                          VPOS="296"
                          HPOS="476"
                          CONTENT="habent"/>
                  <SP HEIGHT="36" WIDTH="10" VPOS="296" HPOS="575"/>
                  <String HEIGHT="36"
                          WIDTH="89"
                          VPOS="296"
                          HPOS="545"
                          CONTENT="omnia"/>
                  <SP HEIGHT="36" WIDTH="10" VPOS="296" HPOS="634"/>
                  <String HEIGHT="36"
                          WIDTH="89"
                          VPOS="296"
                          HPOS="604"
                          CONTENT="eadem"/>
                  <SP HEIGHT="36" WIDTH="10" VPOS="296" HPOS="693"/>
                  <String HEIGHT="36" WIDTH="59" VPOS="296" HPOS="663" CONTENT="et"/>
                  <SP HEIGHT="36" WIDTH="10" VPOS="296" HPOS="722"/>
                  <String HEIGHT="36"
                          WIDTH="118"
                          VPOS="296"
                          HPOS="693"
                          CONTENT="praecise"/>
                  <SP HEIGHT="36" WIDTH="10" VPOS="296" HPOS="811"/>
                  <String HEIGHT="36" WIDTH="39" VPOS="296" HPOS="772" CONTENT="ea"/>
               </TextLine>
               <TextLine ID="r2l9"
                         BASELINE="358"
                         HEIGHT="33"
                         WIDTH="595"
                         VPOS="325"
                         HPOS="215">
                  <String HEIGHT="33" WIDTH="69" VPOS="325" HPOS="205" CONTENT="dem"/>
                  <SP HEIGHT="33" WIDTH="10" VPOS="325" HPOS="274"/>
                  <String HEIGHT="33" WIDTH="69" VPOS="325" HPOS="245" CONTENT="pro"/>
                  <SP HEIGHT="33" WIDTH="10" VPOS="325" HPOS="314"/>
                  <String HEIGHT="33"
                          WIDTH="119"
                          VPOS="325"
                          HPOS="284"
                          CONTENT="obiectis"/>
                  <SP HEIGHT="33" WIDTH="10" VPOS="325" HPOS="403"/>
                  <String HEIGHT="33" WIDTH="79" VPOS="325" HPOS="374" CONTENT="quae"/>
                  <SP HEIGHT="33" WIDTH="10" VPOS="325" HPOS="453"/>
                  <String HEIGHT="33"
                          WIDTH="99"
                          VPOS="325"
                          HPOS="423"
                          CONTENT="habent"/>
                  <SP HEIGHT="33" WIDTH="10" VPOS="325" HPOS="522"/>
                  <String HEIGHT="33"
                          WIDTH="129"
                          VPOS="325"
                          HPOS="493"
                          CONTENT="intuitiue"/>
                  <SP HEIGHT="33" WIDTH="10" VPOS="325" HPOS="622"/>
                  <String HEIGHT="33"
                          WIDTH="89"
                          VPOS="325"
                          HPOS="592"
                          CONTENT="ipsis"/>
                  <SP HEIGHT="33" WIDTH="10" VPOS="325" HPOS="681"/>
                  <String HEIGHT="33"
                          WIDTH="169"
                          VPOS="325"
                          HPOS="641"
                          CONTENT="correspondentes"/>
               </TextLine>
               <TextLine ID="r2l11"
                         BASELINE="384"
                         HEIGHT="33"
                         WIDTH="599"
                         VPOS="351"
                         HPOS="208">
                  <String HEIGHT="33"
                          WIDTH="150"
                          VPOS="351"
                          HPOS="196"
                          CONTENT="secundum"/>
                  <SP HEIGHT="33" WIDTH="12" VPOS="351" HPOS="345"/>
                  <String HEIGHT="33"
                          WIDTH="137"
                          VPOS="351"
                          HPOS="308"
                          CONTENT="naturam"/>
                  <SP HEIGHT="33" WIDTH="12" VPOS="351" HPOS="445"/>
                  <String HEIGHT="33"
                          WIDTH="112"
                          VPOS="351"
                          HPOS="408"
                          CONTENT="prime"/>
                  <SP HEIGHT="33" WIDTH="12" VPOS="351" HPOS="520"/>
                  <String HEIGHT="33" WIDTH="87" VPOS="351" HPOS="483" CONTENT="sed"/>
                  <SP HEIGHT="33" WIDTH="12" VPOS="351" HPOS="570"/>
                  <String HEIGHT="33"
                          WIDTH="150"
                          VPOS="351"
                          HPOS="532"
                          CONTENT="quelibet"/>
                  <SP HEIGHT="33" WIDTH="12" VPOS="351" HPOS="682"/>
                  <String HEIGHT="33"
                          WIDTH="112"
                          VPOS="351"
                          HPOS="645"
                          CONTENT="talis"/>
                  <SP HEIGHT="33" WIDTH="12" VPOS="351" HPOS="757"/>
                  <String HEIGHT="33"
                          WIDTH="100"
                          VPOS="351"
                          HPOS="707"
                          CONTENT="intui"
                          SUBS_TYPE="HypPart1"
                          SUBS_CONTENT="intuitiua"/>
                  <HYP CONTENT="-"/>
               </TextLine>
               <TextLine ID="r2l13"
                         BASELINE="414"
                         HEIGHT="34"
                         WIDTH="597"
                         VPOS="380"
                         HPOS="216">
                  <String HEIGHT="34"
                          WIDTH="90"
                          VPOS="380"
                          HPOS="205"
                          CONTENT="tiua"
                          SUBS_TYPE="HypPart2"
                          SUBS_CONTENT="intuitiua"/>
                  <SP HEIGHT="34" WIDTH="11" VPOS="380" HPOS="295"/>
                  <String HEIGHT="34"
                          WIDTH="113"
                          VPOS="380"
                          HPOS="261"
                          CONTENT="habens"/>
                  <SP HEIGHT="34" WIDTH="11" VPOS="380" HPOS="374"/>
                  <String HEIGHT="34" WIDTH="90" VPOS="380" HPOS="340" CONTENT="vnam"/>
                  <SP HEIGHT="34" WIDTH="11" VPOS="380" HPOS="430"/>
                  <String HEIGHT="34"
                          WIDTH="135"
                          VPOS="380"
                          HPOS="396"
                          CONTENT="personam"/>
                  <SP HEIGHT="34" WIDTH="11" VPOS="380" HPOS="531"/>
                  <String HEIGHT="34" WIDTH="79" VPOS="380" HPOS="498" CONTENT="pro"/>
                  <SP HEIGHT="34" WIDTH="11" VPOS="380" HPOS="576"/>
                  <String HEIGHT="34"
                          WIDTH="124"
                          VPOS="380"
                          HPOS="543"
                          CONTENT="obiecto"/>
                  <SP HEIGHT="34" WIDTH="11" VPOS="380" HPOS="667"/>
                  <String HEIGHT="34"
                          WIDTH="101"
                          VPOS="380"
                          HPOS="633"
                          CONTENT="habet"/>
                  <SP HEIGHT="34" WIDTH="11" VPOS="380" HPOS="734"/>
                  <String HEIGHT="34" WIDTH="68" VPOS="380" HPOS="700" CONTENT="et"/>
                  <SP HEIGHT="34" WIDTH="11" VPOS="380" HPOS="768"/>
                  <String HEIGHT="34"
                          WIDTH="90"
                          VPOS="380"
                          HPOS="723"
                          CONTENT="quamli"/>
               </TextLine>
               <TextLine ID="r2l15"
                         BASELINE="444"
                         HEIGHT="34"
                         WIDTH="600"
                         VPOS="410"
                         HPOS="215">
                  <String HEIGHT="34" WIDTH="74" VPOS="410" HPOS="204" CONTENT="bet"/>
                  <SP HEIGHT="34" WIDTH="11" VPOS="410" HPOS="278"/>
                  <String HEIGHT="34" WIDTH="63" VPOS="410" HPOS="247" CONTENT="ex"/>
                  <SP HEIGHT="34" WIDTH="11" VPOS="410" HPOS="310"/>
                  <String HEIGHT="34"
                          WIDTH="158"
                          VPOS="410"
                          HPOS="278"
                          CONTENT="conclusione"/>
                  <SP HEIGHT="34" WIDTH="11" VPOS="410" HPOS="436"/>
                  <String HEIGHT="34"
                          WIDTH="95"
                          VPOS="410"
                          HPOS="404"
                          CONTENT="prima"/>
                  <SP HEIGHT="34" WIDTH="11" VPOS="410" HPOS="499"/>
                  <String HEIGHT="34"
                          WIDTH="105"
                          VPOS="410"
                          HPOS="468"
                          CONTENT="igitur"/>
                  <SP HEIGHT="34" WIDTH="11" VPOS="410" HPOS="573"/>
                  <String HEIGHT="34" WIDTH="84" VPOS="410" HPOS="541" CONTENT="etc."/>
                  <SP HEIGHT="34" WIDTH="11" VPOS="410" HPOS="626"/>
                  <String HEIGHT="34" WIDTH="63" VPOS="410" HPOS="594" CONTENT="Ex"/>
                  <SP HEIGHT="34" WIDTH="11" VPOS="410" HPOS="657"/>
                  <String HEIGHT="34" WIDTH="74" VPOS="410" HPOS="626" CONTENT="hac"/>
                  <SP HEIGHT="34" WIDTH="11" VPOS="410" HPOS="699"/>
                  <String HEIGHT="34"
                          WIDTH="126"
                          VPOS="410"
                          HPOS="668"
                          CONTENT="sequitur"/>
                  <SP HEIGHT="34" WIDTH="11" VPOS="410" HPOS="794"/>
                  <String HEIGHT="34" WIDTH="63" VPOS="410" HPOS="752" CONTENT="quod"/>
               </TextLine>
               <TextLine ID="r2l17"
                         BASELINE="469"
                         HEIGHT="32"
                         WIDTH="600"
                         VPOS="437"
                         HPOS="212">
                  <String HEIGHT="32" WIDTH="84" VPOS="437" HPOS="200" CONTENT="nec"/>
                  <SP HEIGHT="32" WIDTH="12" VPOS="437" HPOS="284"/>
                  <String HEIGHT="32"
                          WIDTH="120"
                          VPOS="437"
                          HPOS="248"
                          CONTENT="aliqua"/>
                  <SP HEIGHT="32" WIDTH="12" VPOS="437" HPOS="368"/>
                  <String HEIGHT="32"
                          WIDTH="144"
                          VPOS="437"
                          HPOS="332"
                          CONTENT="generali"/>
                  <SP HEIGHT="32" WIDTH="12" VPOS="437" HPOS="476"/>
                  <String HEIGHT="32" WIDTH="84" VPOS="437" HPOS="440" CONTENT="nec"/>
                  <SP HEIGHT="32" WIDTH="12" VPOS="437" HPOS="524"/>
                  <String HEIGHT="32"
                          WIDTH="120"
                          VPOS="437"
                          HPOS="488"
                          CONTENT="aliqua"/>
                  <SP HEIGHT="32" WIDTH="12" VPOS="437" HPOS="608"/>
                  <String HEIGHT="32"
                          WIDTH="204"
                          VPOS="437"
                          HPOS="572"
                          CONTENT="transcendenti"/>
                  <SP HEIGHT="32" WIDTH="12" VPOS="437" HPOS="776"/>
                  <String HEIGHT="32"
                          WIDTH="84"
                          VPOS="437"
                          HPOS="728"
                          CONTENT="cogni"/>
               </TextLine>
               <TextLine ID="r2l20"
                         BASELINE="502"
                         HEIGHT="35"
                         WIDTH="596"
                         VPOS="467"
                         HPOS="219">
                  <String HEIGHT="35"
                          WIDTH="83"
                          VPOS="467"
                          HPOS="210"
                          CONTENT="tione"/>
                  <SP HEIGHT="35" WIDTH="9" VPOS="467" HPOS="292"/>
                  <String HEIGHT="35" WIDTH="73" VPOS="467" HPOS="265" CONTENT="quae"/>
                  <SP HEIGHT="35" WIDTH="9" VPOS="467" HPOS="338"/>
                  <String HEIGHT="35"
                          WIDTH="110"
                          VPOS="467"
                          HPOS="311"
                          CONTENT="praecise"/>
                  <SP HEIGHT="35" WIDTH="9" VPOS="467" HPOS="421"/>
                  <String HEIGHT="35" WIDTH="64" VPOS="467" HPOS="393" CONTENT="per"/>
                  <SP HEIGHT="35" WIDTH="9" VPOS="467" HPOS="457"/>
                  <String HEIGHT="35" WIDTH="55" VPOS="467" HPOS="430" CONTENT="se"/>
                  <SP HEIGHT="35" WIDTH="9" VPOS="467" HPOS="485"/>
                  <String HEIGHT="35"
                          WIDTH="138"
                          VPOS="467"
                          HPOS="457"
                          CONTENT="praedicetur"/>
                  <SP HEIGHT="35" WIDTH="9" VPOS="467" HPOS="595"/>
                  <String HEIGHT="35" WIDTH="55" VPOS="467" HPOS="567" CONTENT="de"/>
                  <SP HEIGHT="35" WIDTH="9" VPOS="467" HPOS="622"/>
                  <String HEIGHT="35"
                          WIDTH="119"
                          VPOS="467"
                          HPOS="595"
                          CONTENT="intuitiua"/>
                  <SP HEIGHT="35" WIDTH="9" VPOS="467" HPOS="714"/>
                  <String HEIGHT="35" WIDTH="55" VPOS="467" HPOS="687" CONTENT="de"/>
                  <SP HEIGHT="35" WIDTH="9" VPOS="467" HPOS="742"/>
                  <String HEIGHT="35" WIDTH="73" VPOS="467" HPOS="714" CONTENT="quae"/>
                  <SP HEIGHT="35" WIDTH="9" VPOS="467" HPOS="787"/>
                  <String HEIGHT="35"
                          WIDTH="64"
                          VPOS="467"
                          HPOS="751"
                          CONTENT="intui"/>
               </TextLine>
               <TextLine ID="r2l21"
                         BASELINE="529"
                         HEIGHT="35"
                         WIDTH="598"
                         VPOS="494"
                         HPOS="213">
                  <String HEIGHT="35" WIDTH="94" VPOS="494" HPOS="201" CONTENT="tiua"/>
                  <SP HEIGHT="35" WIDTH="12" VPOS="494" HPOS="295"/>
                  <String HEIGHT="35" WIDTH="70" VPOS="494" HPOS="260" CONTENT="in"/>
                  <SP HEIGHT="35" WIDTH="12" VPOS="494" HPOS="330"/>
                  <String HEIGHT="35"
                          WIDTH="106"
                          VPOS="494"
                          HPOS="295"
                          CONTENT="prima"/>
                  <SP HEIGHT="35" WIDTH="12" VPOS="494" HPOS="401"/>
                  <String HEIGHT="35"
                          WIDTH="176"
                          VPOS="494"
                          HPOS="365"
                          CONTENT="conclusione"/>
                  <SP HEIGHT="35" WIDTH="12" VPOS="494" HPOS="541"/>
                  <String HEIGHT="35" WIDTH="82" VPOS="494" HPOS="506" CONTENT="vel"/>
                  <SP HEIGHT="35" WIDTH="12" VPOS="494" HPOS="588"/>
                  <String HEIGHT="35"
                          WIDTH="176"
                          VPOS="494"
                          HPOS="553"
                          CONTENT="abstractiua"/>
                  <SP HEIGHT="35" WIDTH="12" VPOS="494" HPOS="729"/>
                  <String HEIGHT="35"
                          WIDTH="129"
                          VPOS="494"
                          HPOS="682"
                          CONTENT="correspon"/>
               </TextLine>
               <TextLine ID="r2l23"
                         BASELINE="557"
                         HEIGHT="34"
                         WIDTH="591"
                         VPOS="523"
                         HPOS="216">
                  <String HEIGHT="34"
                          WIDTH="104"
                          VPOS="523"
                          HPOS="204"
                          CONTENT="dente"/>
                  <SP HEIGHT="34" WIDTH="12" VPOS="523" HPOS="309"/>
                  <String HEIGHT="34"
                          WIDTH="174"
                          VPOS="523"
                          HPOS="274"
                          CONTENT="indiuiduali"/>
                  <SP HEIGHT="34" WIDTH="12" VPOS="523" HPOS="448"/>
                  <String HEIGHT="34" WIDTH="81" VPOS="523" HPOS="413" CONTENT="vel"/>
                  <SP HEIGHT="34" WIDTH="12" VPOS="523" HPOS="494"/>
                  <String HEIGHT="34"
                          WIDTH="151"
                          VPOS="523"
                          HPOS="459"
                          CONTENT="specifica"/>
                  <SP HEIGHT="34" WIDTH="12" VPOS="523" HPOS="610"/>
                  <String HEIGHT="34"
                          WIDTH="197"
                          VPOS="523"
                          HPOS="575"
                          CONTENT="speciasissima"/>
                  <SP HEIGHT="34" WIDTH="12" VPOS="523" HPOS="772"/>
                  <String HEIGHT="34"
                          WIDTH="81"
                          VPOS="523"
                          HPOS="726"
                          CONTENT="perso"/>
               </TextLine>
               <TextLine ID="r2l25"
                         BASELINE="585"
                         HEIGHT="35"
                         WIDTH="597"
                         VPOS="550"
                         HPOS="212">
                  <String HEIGHT="35"
                          WIDTH="140"
                          VPOS="550"
                          HPOS="199"
                          CONTENT="naliter"/>
                  <SP HEIGHT="35" WIDTH="13" VPOS="550" HPOS="339"/>
                  <String HEIGHT="35"
                          WIDTH="216"
                          VPOS="550"
                          HPOS="301"
                          CONTENT="supponentibus"/>
                  <SP HEIGHT="35" WIDTH="13" VPOS="550" HPOS="517"/>
                  <String HEIGHT="35"
                          WIDTH="152"
                          VPOS="550"
                          HPOS="479"
                          CONTENT="cognosti"/>
                  <SP HEIGHT="35" WIDTH="13" VPOS="550" HPOS="631"/>
                  <String HEIGHT="35"
                          WIDTH="127"
                          VPOS="550"
                          HPOS="593"
                          CONTENT="potest"/>
                  <SP HEIGHT="35" WIDTH="13" VPOS="550" HPOS="720"/>
                  <String HEIGHT="35" WIDTH="89" VPOS="550" HPOS="682" CONTENT="vna"/>
                  <SP HEIGHT="35" WIDTH="13" VPOS="550" HPOS="771"/>
                  <String HEIGHT="35"
                          WIDTH="89"
                          VPOS="550"
                          HPOS="720"
                          CONTENT="perso"/>
               </TextLine>
               <TextLine ID="r2l27"
                         BASELINE="613"
                         HEIGHT="35"
                         WIDTH="600"
                         VPOS="578"
                         HPOS="219">
                  <String HEIGHT="35" WIDTH="62" VPOS="578" HPOS="209" CONTENT="na"/>
                  <SP HEIGHT="35" WIDTH="10" VPOS="578" HPOS="271"/>
                  <String HEIGHT="35" WIDTH="83" VPOS="578" HPOS="240" CONTENT="nisi"/>
                  <SP HEIGHT="35" WIDTH="10" VPOS="578" HPOS="322"/>
                  <String HEIGHT="35" WIDTH="83" VPOS="578" HPOS="291" CONTENT="alia"/>
                  <SP HEIGHT="35" WIDTH="10" VPOS="578" HPOS="374"/>
                  <String HEIGHT="35"
                          WIDTH="176"
                          VPOS="578"
                          HPOS="343"
                          CONTENT="cognosceretur"/>
                  <SP HEIGHT="35" WIDTH="10" VPOS="578" HPOS="519"/>
                  <String HEIGHT="35"
                          WIDTH="103"
                          VPOS="578"
                          HPOS="488"
                          CONTENT="eadem."/>
                  <SP HEIGHT="35" WIDTH="10" VPOS="578" HPOS="591"/>
                  <String HEIGHT="35"
                          WIDTH="124"
                          VPOS="578"
                          HPOS="560"
                          CONTENT="Preterea"/>
                  <SP HEIGHT="35" WIDTH="10" VPOS="578" HPOS="685"/>
                  <String HEIGHT="35"
                          WIDTH="155"
                          VPOS="578"
                          HPOS="653"
                          CONTENT="cuiuscumque"/>
                  <SP HEIGHT="35" WIDTH="10" VPOS="578" HPOS="809"/>
                  <String HEIGHT="35" WIDTH="52" VPOS="578" HPOS="767" CONTENT="rei"/>
               </TextLine>
               <TextLine ID="r2l29"
                         BASELINE="640"
                         HEIGHT="34"
                         WIDTH="604"
                         VPOS="606"
                         HPOS="217">
                  <String HEIGHT="34" WIDTH="70" VPOS="606" HPOS="205" CONTENT="in"/>
                  <SP HEIGHT="34" WIDTH="12" VPOS="606" HPOS="275"/>
                  <String HEIGHT="34"
                          WIDTH="186"
                          VPOS="606"
                          HPOS="240"
                          CONTENT="quaruncumque"/>
                  <SP HEIGHT="34" WIDTH="12" VPOS="606" HPOS="426"/>
                  <String HEIGHT="34"
                          WIDTH="105"
                          VPOS="606"
                          HPOS="391"
                          CONTENT="rerum"/>
                  <SP HEIGHT="34" WIDTH="12" VPOS="606" HPOS="496"/>
                  <String HEIGHT="34"
                          WIDTH="139"
                          VPOS="606"
                          HPOS="461"
                          CONTENT="cognitio"/>
                  <SP HEIGHT="34" WIDTH="12" VPOS="606" HPOS="600"/>
                  <String HEIGHT="34"
                          WIDTH="186"
                          VPOS="606"
                          HPOS="565"
                          CONTENT="indiuidualis"/>
                  <SP HEIGHT="34" WIDTH="12" VPOS="606" HPOS="751"/>
                  <String HEIGHT="34" WIDTH="81" VPOS="606" HPOS="716" CONTENT="vel"/>
                  <SP HEIGHT="34" WIDTH="12" VPOS="606" HPOS="798"/>
                  <String HEIGHT="34"
                          WIDTH="70"
                          VPOS="606"
                          HPOS="751"
                          CONTENT="spe"
                          SUBS_TYPE="HypPart1"
                          SUBS_CONTENT="specifica"/>
                  <HYP CONTENT="-"/>
               </TextLine>
               <TextLine ID="r2l31"
                         BASELINE="671"
                         HEIGHT="36"
                         WIDTH="600"
                         VPOS="635"
                         HPOS="216">
                  <String HEIGHT="36"
                          WIDTH="100"
                          VPOS="635"
                          HPOS="206"
                          CONTENT="cifica"
                          SUBS_TYPE="HypPart2"
                          SUBS_CONTENT="specifica"/>
                  <SP HEIGHT="36" WIDTH="10" VPOS="635" HPOS="306"/>
                  <String HEIGHT="36" WIDTH="70" VPOS="635" HPOS="276" CONTENT="est"/>
                  <SP HEIGHT="36" WIDTH="10" VPOS="635" HPOS="346"/>
                  <String HEIGHT="36"
                          WIDTH="100"
                          VPOS="635"
                          HPOS="316"
                          CONTENT="signum"/>
                  <SP HEIGHT="36" WIDTH="10" VPOS="635" HPOS="416"/>
                  <String HEIGHT="36"
                          WIDTH="120"
                          VPOS="635"
                          HPOS="386"
                          CONTENT="naturale"/>
                  <SP HEIGHT="36" WIDTH="10" VPOS="635" HPOS="506"/>
                  <String HEIGHT="36" WIDTH="70" VPOS="635" HPOS="476" CONTENT="seu"/>
                  <SP HEIGHT="36" WIDTH="10" VPOS="635" HPOS="546"/>
                  <String HEIGHT="36"
                          WIDTH="150"
                          VPOS="635"
                          HPOS="516"
                          CONTENT="intellectio"/>
                  <SP HEIGHT="36" WIDTH="10" VPOS="635" HPOS="666"/>
                  <String HEIGHT="36"
                          WIDTH="110"
                          VPOS="635"
                          HPOS="636"
                          CONTENT="eiusdem"/>
                  <SP HEIGHT="36" WIDTH="10" VPOS="635" HPOS="746"/>
                  <String HEIGHT="36" WIDTH="70" VPOS="635" HPOS="716" CONTENT="rei"/>
                  <SP HEIGHT="36" WIDTH="10" VPOS="635" HPOS="786"/>
                  <String HEIGHT="36"
                          WIDTH="70"
                          VPOS="635"
                          HPOS="746"
                          CONTENT="quae"
                          SUBS_TYPE="HypPart1"
                          SUBS_CONTENT="quaelibet"/>
                  <HYP CONTENT="-"/>
               </TextLine>
               <TextLine ID="r2l33"
                         BASELINE="695"
                         HEIGHT="31"
                         WIDTH="593"
                         VPOS="664"
                         HPOS="217">
                  <String HEIGHT="31"
                          WIDTH="95"
                          VPOS="664"
                          HPOS="206"
                          CONTENT="libet"
                          SUBS_TYPE="HypPart2"
                          SUBS_CONTENT="quaelibet"/>
                  <SP HEIGHT="31" WIDTH="11" VPOS="664" HPOS="302"/>
                  <String HEIGHT="31"
                          WIDTH="127"
                          VPOS="664"
                          HPOS="270"
                          CONTENT="cognitio"/>
                  <SP HEIGHT="31" WIDTH="11" VPOS="664" HPOS="397"/>
                  <String HEIGHT="31" WIDTH="74" VPOS="664" HPOS="365" CONTENT="per"/>
                  <SP HEIGHT="31" WIDTH="11" VPOS="664" HPOS="439"/>
                  <String HEIGHT="31" WIDTH="64" VPOS="664" HPOS="408" CONTENT="se"/>
                  <SP HEIGHT="31" WIDTH="11" VPOS="664" HPOS="471"/>
                  <String HEIGHT="31"
                          WIDTH="127"
                          VPOS="664"
                          HPOS="439"
                          CONTENT="superior"/>
                  <SP HEIGHT="31" WIDTH="11" VPOS="664" HPOS="566"/>
                  <String HEIGHT="31" WIDTH="64" VPOS="664" HPOS="535" CONTENT="ad"/>
                  <SP HEIGHT="31" WIDTH="11" VPOS="664" HPOS="598"/>
                  <String HEIGHT="31"
                          WIDTH="106"
                          VPOS="664"
                          HPOS="566"
                          CONTENT="eandem"/>
                  <SP HEIGHT="31" WIDTH="11" VPOS="664" HPOS="672"/>
                  <String HEIGHT="31" WIDTH="74" VPOS="664" HPOS="641" CONTENT="est"/>
                  <SP HEIGHT="31" WIDTH="11" VPOS="664" HPOS="715"/>
                  <String HEIGHT="31"
                          WIDTH="138"
                          VPOS="664"
                          HPOS="672"
                          CONTENT="intellectio"/>
               </TextLine>
               <TextLine ID="r2l35"
                         BASELINE="732"
                         HEIGHT="39"
                         WIDTH="600"
                         VPOS="693"
                         HPOS="215">
                  <String HEIGHT="39" WIDTH="79" VPOS="693" HPOS="204" CONTENT="seu"/>
                  <SP HEIGHT="39" WIDTH="11" VPOS="693" HPOS="283"/>
                  <String HEIGHT="39"
                          WIDTH="113"
                          VPOS="693"
                          HPOS="249"
                          CONTENT="signum"/>
                  <SP HEIGHT="39" WIDTH="11" VPOS="693" HPOS="362"/>
                  <String HEIGHT="39"
                          WIDTH="136"
                          VPOS="693"
                          HPOS="328"
                          CONTENT="naturale"/>
                  <SP HEIGHT="39" WIDTH="11" VPOS="693" HPOS="464"/>
                  <String HEIGHT="39" WIDTH="68" VPOS="693" HPOS="430" CONTENT="Ex"/>
                  <SP HEIGHT="39" WIDTH="11" VPOS="693" HPOS="498"/>
                  <String HEIGHT="39" WIDTH="79" VPOS="693" HPOS="464" CONTENT="hac"/>
                  <SP HEIGHT="39" WIDTH="11" VPOS="693" HPOS="543"/>
                  <String HEIGHT="39"
                          WIDTH="136"
                          VPOS="693"
                          HPOS="509"
                          CONTENT="sequitur"/>
                  <SP HEIGHT="39" WIDTH="11" VPOS="693" HPOS="645"/>
                  <String HEIGHT="39" WIDTH="91" VPOS="693" HPOS="611" CONTENT="quod"/>
                  <SP HEIGHT="39" WIDTH="11" VPOS="693" HPOS="702"/>
                  <String HEIGHT="39"
                          WIDTH="136"
                          VPOS="693"
                          HPOS="668"
                          CONTENT="exceptis"/>
                  <SP HEIGHT="39" WIDTH="11" VPOS="693" HPOS="804"/>
                  <String HEIGHT="39" WIDTH="57" VPOS="693" HPOS="758" CONTENT="con"/>
               </TextLine>
               <TextLine ID="r2l37"
                         BASELINE="757"
                         HEIGHT="34"
                         WIDTH="602"
                         VPOS="723"
                         HPOS="213">
                  <String HEIGHT="34"
                          WIDTH="144"
                          VPOS="723"
                          HPOS="201"
                          CONTENT="ceptibus"/>
                  <SP HEIGHT="34" WIDTH="12" VPOS="723" HPOS="345"/>
                  <String HEIGHT="34" WIDTH="84" VPOS="723" HPOS="309" CONTENT="qui"/>
                  <SP HEIGHT="34" WIDTH="12" VPOS="723" HPOS="394"/>
                  <String HEIGHT="34"
                          WIDTH="169"
                          VPOS="723"
                          HPOS="357"
                          CONTENT="conveniunt"/>
                  <SP HEIGHT="34" WIDTH="12" VPOS="723" HPOS="526"/>
                  <String HEIGHT="34"
                          WIDTH="108"
                          VPOS="723"
                          HPOS="490"
                          CONTENT="filio"/>
                  <SP HEIGHT="34" WIDTH="12" VPOS="723" HPOS="598"/>
                  <String HEIGHT="34" WIDTH="84" VPOS="723" HPOS="562" CONTENT="dei"/>
                  <SP HEIGHT="34" WIDTH="12" VPOS="723" HPOS="646"/>
                  <String HEIGHT="34"
                          WIDTH="108"
                          VPOS="723"
                          HPOS="610"
                          CONTENT="solum"/>
                  <SP HEIGHT="34" WIDTH="12" VPOS="723" HPOS="719"/>
                  <String HEIGHT="34"
                          WIDTH="132"
                          VPOS="723"
                          HPOS="683"
                          CONTENT="ratione"/>
                  <SP HEIGHT="34" WIDTH="12" VPOS="723" HPOS="815"/>
                  <String HEIGHT="34" WIDTH="48" VPOS="723" HPOS="767" CONTENT="hu"/>
               </TextLine>
               <TextLine ID="r2l39"
                         BASELINE="788"
                         HEIGHT="36"
                         WIDTH="604"
                         VPOS="752"
                         HPOS="215">
                  <String HEIGHT="36"
                          WIDTH="151"
                          VPOS="752"
                          HPOS="203"
                          CONTENT="manitatis"/>
                  <SP HEIGHT="36" WIDTH="12" VPOS="752" HPOS="354"/>
                  <String HEIGHT="36"
                          WIDTH="105"
                          VPOS="752"
                          HPOS="320"
                          CONTENT="nulla"/>
                  <SP HEIGHT="36" WIDTH="12" VPOS="752" HPOS="424"/>
                  <String HEIGHT="36"
                          WIDTH="128"
                          VPOS="752"
                          HPOS="389"
                          CONTENT="persona"/>
                  <SP HEIGHT="36" WIDTH="12" VPOS="752" HPOS="517"/>
                  <String HEIGHT="36"
                          WIDTH="116"
                          VPOS="752"
                          HPOS="482"
                          CONTENT="diuina"/>
                  <SP HEIGHT="36" WIDTH="12" VPOS="752" HPOS="598"/>
                  <String HEIGHT="36"
                          WIDTH="116"
                          VPOS="752"
                          HPOS="563"
                          CONTENT="potest"/>
                  <SP HEIGHT="36" WIDTH="12" VPOS="752" HPOS="680"/>
                  <String HEIGHT="36" WIDTH="58" VPOS="752" HPOS="645" CONTENT="a"/>
                  <SP HEIGHT="36" WIDTH="12" VPOS="752" HPOS="703"/>
                  <String HEIGHT="36"
                          WIDTH="105"
                          VPOS="752"
                          HPOS="668"
                          CONTENT="nobis"/>
                  <SP HEIGHT="36" WIDTH="12" VPOS="752" HPOS="773"/>
                  <String HEIGHT="36"
                          WIDTH="93"
                          VPOS="752"
                          HPOS="726"
                          CONTENT="appre"
                          SUBS_TYPE="HypPart1"
                          SUBS_CONTENT="apprehendi"/>
                  <HYP CONTENT="-"/>
               </TextLine>
               <TextLine ID="r2l41"
                         BASELINE="815"
                         HEIGHT="38"
                         WIDTH="606"
                         VPOS="777"
                         HPOS="215">
                  <String HEIGHT="38"
                          WIDTH="97"
                          VPOS="777"
                          HPOS="204"
                          CONTENT="hendi"
                          SUBS_TYPE="HypPart2"
                          SUBS_CONTENT="apprehendi"/>
                  <SP HEIGHT="38" WIDTH="11" VPOS="777" HPOS="302"/>
                  <String HEIGHT="38" WIDTH="65" VPOS="777" HPOS="269" CONTENT="in"/>
                  <SP HEIGHT="38" WIDTH="11" VPOS="777" HPOS="334"/>
                  <String HEIGHT="38" WIDTH="76" VPOS="777" HPOS="302" CONTENT="via"/>
                  <SP HEIGHT="38" WIDTH="11" VPOS="777" HPOS="377"/>
                  <String HEIGHT="38" WIDTH="87" VPOS="777" HPOS="345" CONTENT="nisi"/>
                  <SP HEIGHT="38" WIDTH="11" VPOS="777" HPOS="431"/>
                  <String HEIGHT="38"
                          WIDTH="130"
                          VPOS="777"
                          HPOS="399"
                          CONTENT="quelibet"/>
                  <SP HEIGHT="38" WIDTH="11" VPOS="777" HPOS="529"/>
                  <String HEIGHT="38"
                          WIDTH="184"
                          VPOS="777"
                          HPOS="496"
                          CONTENT="apprehendatur"/>
                  <SP HEIGHT="38" WIDTH="11" VPOS="777" HPOS="680"/>
                  <String HEIGHT="38"
                          WIDTH="97"
                          VPOS="777"
                          HPOS="648"
                          CONTENT="licet"/>
                  <SP HEIGHT="38" WIDTH="11" VPOS="777" HPOS="745"/>
                  <String HEIGHT="38" WIDTH="87" VPOS="777" HPOS="713" CONTENT="enim"/>
                  <SP HEIGHT="38" WIDTH="11" VPOS="777" HPOS="799"/>
                  <String HEIGHT="38"
                          WIDTH="65"
                          VPOS="777"
                          HPOS="756"
                          CONTENT="mul"
                          SUBS_TYPE="HypPart1"
                          SUBS_CONTENT="multi"/>
                  <HYP CONTENT="-"/>
               </TextLine>
               <TextLine ID="r2l43"
                         BASELINE="841"
                         HEIGHT="33"
                         WIDTH="597"
                         VPOS="808"
                         HPOS="218">
                  <String HEIGHT="33"
                          WIDTH="72"
                          VPOS="808"
                          HPOS="206"
                          CONTENT="ti"
                          SUBS_TYPE="HypPart2"
                          SUBS_CONTENT="multi"/>
                  <SP HEIGHT="33" WIDTH="12" VPOS="808" HPOS="278"/>
                  <String HEIGHT="33"
                          WIDTH="155"
                          VPOS="808"
                          HPOS="242"
                          CONTENT="conceptus"/>
                  <SP HEIGHT="33" WIDTH="12" VPOS="808" HPOS="397"/>
                  <String HEIGHT="33"
                          WIDTH="119"
                          VPOS="808"
                          HPOS="361"
                          CONTENT="haberi"/>
                  <SP HEIGHT="33" WIDTH="12" VPOS="808" HPOS="481"/>
                  <String HEIGHT="33"
                          WIDTH="131"
                          VPOS="808"
                          HPOS="445"
                          CONTENT="possint"/>
                  <SP HEIGHT="33" WIDTH="12" VPOS="808" HPOS="576"/>
                  <String HEIGHT="33"
                          WIDTH="119"
                          VPOS="808"
                          HPOS="540"
                          CONTENT="quorum"/>
                  <SP HEIGHT="33" WIDTH="12" VPOS="808" HPOS="660"/>
                  <String HEIGHT="33"
                          WIDTH="131"
                          VPOS="808"
                          HPOS="624"
                          CONTENT="aliquis"/>
                  <SP HEIGHT="33" WIDTH="12" VPOS="808" HPOS="755"/>
                  <String HEIGHT="33" WIDTH="84" VPOS="808" HPOS="719" CONTENT="sic"/>
                  <SP HEIGHT="33" WIDTH="12" VPOS="808" HPOS="803"/>
                  <String HEIGHT="33" WIDTH="60" VPOS="808" HPOS="755" CONTENT="sup"/>
               </TextLine>
               <TextLine ID="r2l46"
                         BASELINE="872"
                         HEIGHT="37"
                         WIDTH="595"
                         VPOS="835"
                         HPOS="218">
                  <String HEIGHT="37"
                          WIDTH="105"
                          VPOS="835"
                          HPOS="206"
                          CONTENT="ponat"/>
                  <SP HEIGHT="37" WIDTH="12" VPOS="835" HPOS="311"/>
                  <String HEIGHT="37" WIDTH="82" VPOS="835" HPOS="276" CONTENT="pro"/>
                  <SP HEIGHT="37" WIDTH="12" VPOS="835" HPOS="358"/>
                  <String HEIGHT="37"
                          WIDTH="140"
                          VPOS="835"
                          HPOS="323"
                          CONTENT="essentia"/>
                  <SP HEIGHT="37" WIDTH="12" VPOS="835" HPOS="463"/>
                  <String HEIGHT="37"
                          WIDTH="117"
                          VPOS="835"
                          HPOS="428"
                          CONTENT="diuina"/>
                  <SP HEIGHT="37" WIDTH="12" VPOS="835" HPOS="545"/>
                  <String HEIGHT="37" WIDTH="93" VPOS="835" HPOS="510" CONTENT="quod"/>
                  <SP HEIGHT="37" WIDTH="12" VPOS="835" HPOS="603"/>
                  <String HEIGHT="37" WIDTH="82" VPOS="835" HPOS="568" CONTENT="pro"/>
                  <SP HEIGHT="37" WIDTH="12" VPOS="835" HPOS="650"/>
                  <String HEIGHT="37"
                          WIDTH="105"
                          VPOS="835"
                          HPOS="615"
                          CONTENT="nulla"/>
                  <SP HEIGHT="37" WIDTH="12" VPOS="835" HPOS="720"/>
                  <String HEIGHT="37"
                          WIDTH="128"
                          VPOS="835"
                          HPOS="685"
                          CONTENT="persona"/>
                  <SP HEIGHT="37" WIDTH="12" VPOS="835" HPOS="813"/>
                  <String HEIGHT="37" WIDTH="47" VPOS="835" HPOS="766" CONTENT="vt"/>
               </TextLine>
               <TextLine ID="r2l47"
                         BASELINE="896"
                         HEIGHT="31"
                         WIDTH="593"
                         VPOS="865"
                         HPOS="221">
                  <String HEIGHT="31" WIDTH="99" VPOS="865" HPOS="209" CONTENT="ista"/>
                  <SP HEIGHT="31" WIDTH="12" VPOS="865" HPOS="307"/>
                  <String HEIGHT="31"
                          WIDTH="136"
                          VPOS="865"
                          HPOS="270"
                          CONTENT="entitas"/>
                  <SP HEIGHT="31" WIDTH="12" VPOS="865" HPOS="406"/>
                  <String HEIGHT="31" WIDTH="86" VPOS="865" HPOS="369" CONTENT="non"/>
                  <SP HEIGHT="31" WIDTH="12" VPOS="865" HPOS="456"/>
                  <String HEIGHT="31"
                          WIDTH="161"
                          VPOS="865"
                          HPOS="419"
                          CONTENT="producens"/>
                  <SP HEIGHT="31" WIDTH="12" VPOS="865" HPOS="579"/>
                  <String HEIGHT="31"
                          WIDTH="136"
                          VPOS="865"
                          HPOS="542"
                          CONTENT="aliquid"/>
                  <SP HEIGHT="31" WIDTH="12" VPOS="865" HPOS="678"/>
                  <String HEIGHT="31"
                          WIDTH="111"
                          VPOS="865"
                          HPOS="641"
                          CONTENT="intra"/>
                  <SP HEIGHT="31" WIDTH="12" VPOS="865" HPOS="752"/>
                  <String HEIGHT="31" WIDTH="86" VPOS="865" HPOS="715" CONTENT="nec"/>
                  <SP HEIGHT="31" WIDTH="12" VPOS="865" HPOS="802"/>
                  <String HEIGHT="31" WIDTH="62" VPOS="865" HPOS="752" CONTENT="pro"/>
               </TextLine>
               <TextLine ID="r2l49"
                         BASELINE="923"
                         HEIGHT="35"
                         WIDTH="607"
                         VPOS="888"
                         HPOS="209">
                  <String HEIGHT="35"
                          WIDTH="105"
                          VPOS="888"
                          HPOS="197"
                          CONTENT="ducta"/>
                  <SP HEIGHT="35" WIDTH="12" VPOS="888" HPOS="302"/>
                  <String HEIGHT="35" WIDTH="70" VPOS="888" HPOS="267" CONTENT="et"/>
                  <SP HEIGHT="35" WIDTH="12" VPOS="888" HPOS="337"/>
                  <String HEIGHT="35"
                          WIDTH="128"
                          VPOS="888"
                          HPOS="302"
                          CONTENT="aliquis"/>
                  <SP HEIGHT="35" WIDTH="12" VPOS="888" HPOS="431"/>
                  <String HEIGHT="35" WIDTH="82" VPOS="888" HPOS="396" CONTENT="pro"/>
                  <SP HEIGHT="35" WIDTH="12" VPOS="888" HPOS="477"/>
                  <String HEIGHT="35" WIDTH="82" VPOS="888" HPOS="442" CONTENT="vna"/>
                  <SP HEIGHT="35" WIDTH="12" VPOS="888" HPOS="524"/>
                  <String HEIGHT="35"
                          WIDTH="128"
                          VPOS="888"
                          HPOS="489"
                          CONTENT="persona"/>
                  <SP HEIGHT="35" WIDTH="12" VPOS="888" HPOS="618"/>
                  <String HEIGHT="35" WIDTH="82" VPOS="888" HPOS="583" CONTENT="sic"/>
                  <SP HEIGHT="35" WIDTH="12" VPOS="888" HPOS="664"/>
                  <String HEIGHT="35" WIDTH="93" VPOS="888" HPOS="629" CONTENT="quod"/>
                  <SP HEIGHT="35" WIDTH="12" VPOS="888" HPOS="723"/>
                  <String HEIGHT="35" WIDTH="82" VPOS="888" HPOS="688" CONTENT="non"/>
                  <SP HEIGHT="35" WIDTH="12" VPOS="888" HPOS="769"/>
                  <String HEIGHT="35" WIDTH="82" VPOS="888" HPOS="734" CONTENT="pro"/>
                  <SP HEIGHT="35" WIDTH="12" VPOS="888" HPOS="816"/>
                  <String HEIGHT="35"
                          WIDTH="47"
                          VPOS="888"
                          HPOS="769"
                          CONTENT="a"
                          SUBS_TYPE="HypPart1"
                          SUBS_CONTENT="alia"/>
                  <HYP CONTENT="-"/>
               </TextLine>
               <TextLine ID="r2l51"
                         BASELINE="956"
                         HEIGHT="34"
                         WIDTH="601"
                         VPOS="922"
                         HPOS="216">
                  <String HEIGHT="34"
                          WIDTH="81"
                          VPOS="922"
                          HPOS="204"
                          CONTENT="lia"
                          SUBS_TYPE="HypPart2"
                          SUBS_CONTENT="alia"/>
                  <SP HEIGHT="34" WIDTH="12" VPOS="922" HPOS="285"/>
                  <String HEIGHT="34" WIDTH="81" VPOS="922" HPOS="251" CONTENT="nec"/>
                  <SP HEIGHT="34" WIDTH="12" VPOS="922" HPOS="332"/>
                  <String HEIGHT="34" WIDTH="81" VPOS="922" HPOS="297" CONTENT="pro"/>
                  <SP HEIGHT="34" WIDTH="12" VPOS="922" HPOS="378"/>
                  <String HEIGHT="34"
                          WIDTH="139"
                          VPOS="922"
                          HPOS="343"
                          CONTENT="essentia"/>
                  <SP HEIGHT="34" WIDTH="12" VPOS="922" HPOS="482"/>
                  <String HEIGHT="34" WIDTH="69" VPOS="922" HPOS="447" CONTENT="vt"/>
                  <SP HEIGHT="34" WIDTH="12" VPOS="922" HPOS="517"/>
                  <String HEIGHT="34" WIDTH="92" VPOS="922" HPOS="482" CONTENT="ista"/>
                  <SP HEIGHT="34" WIDTH="12" VPOS="922" HPOS="574"/>
                  <String HEIGHT="34"
                          WIDTH="127"
                          VPOS="922"
                          HPOS="540"
                          CONTENT="persona"/>
                  <SP HEIGHT="34" WIDTH="12" VPOS="922" HPOS="667"/>
                  <String HEIGHT="34"
                          WIDTH="116"
                          VPOS="922"
                          HPOS="632"
                          CONTENT="diuina"/>
                  <SP HEIGHT="34" WIDTH="12" VPOS="922" HPOS="748"/>
                  <String HEIGHT="34"
                          WIDTH="116"
                          VPOS="922"
                          HPOS="701"
                          CONTENT="generans"/>
               </TextLine>
               <TextLine ID="r2l54"
                         BASELINE="987"
                         HEIGHT="35"
                         WIDTH="608"
                         VPOS="952"
                         HPOS="213">
                  <String HEIGHT="35" WIDTH="87" VPOS="952" HPOS="202" CONTENT="etc."/>
                  <SP HEIGHT="35" WIDTH="11" VPOS="952" HPOS="289"/>
                  <String HEIGHT="35" WIDTH="76" VPOS="952" HPOS="256" CONTENT="non"/>
                  <SP HEIGHT="35" WIDTH="11" VPOS="952" HPOS="332"/>
                  <String HEIGHT="35"
                          WIDTH="98"
                          VPOS="952"
                          HPOS="300"
                          CONTENT="tamen"/>
                  <SP HEIGHT="35" WIDTH="11" VPOS="952" HPOS="398"/>
                  <String HEIGHT="35" WIDTH="65" VPOS="952" HPOS="365" CONTENT="in"/>
                  <SP HEIGHT="35" WIDTH="11" VPOS="952" HPOS="430"/>
                  <String HEIGHT="35" WIDTH="76" VPOS="952" HPOS="398" CONTENT="via"/>
                  <SP HEIGHT="35" WIDTH="11" VPOS="952" HPOS="474"/>
                  <String HEIGHT="35" WIDTH="76" VPOS="952" HPOS="441" CONTENT="nec"/>
                  <SP HEIGHT="35" WIDTH="11" VPOS="952" HPOS="517"/>
                  <String HEIGHT="35" WIDTH="65" VPOS="952" HPOS="484" CONTENT="in"/>
                  <SP HEIGHT="35" WIDTH="11" VPOS="952" HPOS="550"/>
                  <String HEIGHT="35"
                          WIDTH="109"
                          VPOS="952"
                          HPOS="517"
                          CONTENT="patria"/>
                  <SP HEIGHT="35" WIDTH="11" VPOS="952" HPOS="626"/>
                  <String HEIGHT="35"
                          WIDTH="109"
                          VPOS="952"
                          HPOS="593"
                          CONTENT="potest"/>
                  <SP HEIGHT="35" WIDTH="11" VPOS="952" HPOS="702"/>
                  <String HEIGHT="35"
                          WIDTH="141"
                          VPOS="952"
                          HPOS="669"
                          CONTENT="conceptus"/>
                  <SP HEIGHT="35" WIDTH="11" VPOS="952" HPOS="810"/>
                  <String HEIGHT="35" WIDTH="54" VPOS="952" HPOS="767" CONTENT="ali"/>
               </TextLine>
               <TextLine ID="r2l55"
                         BASELINE="1014"
                         HEIGHT="36"
                         WIDTH="608"
                         VPOS="978"
                         HPOS="211">
                  <String HEIGHT="36" WIDTH="90" VPOS="978" HPOS="200" CONTENT="quis"/>
                  <SP HEIGHT="36" WIDTH="11" VPOS="978" HPOS="290"/>
                  <String HEIGHT="36"
                          WIDTH="113"
                          VPOS="978"
                          HPOS="256"
                          CONTENT="haberi"/>
                  <SP HEIGHT="36" WIDTH="11" VPOS="978" HPOS="369"/>
                  <String HEIGHT="36" WIDTH="79" VPOS="978" HPOS="335" CONTENT="qui"/>
                  <SP HEIGHT="36" WIDTH="11" VPOS="978" HPOS="414"/>
                  <String HEIGHT="36" WIDTH="90" VPOS="978" HPOS="380" CONTENT="vnam"/>
                  <SP HEIGHT="36" WIDTH="11" VPOS="978" HPOS="470"/>
                  <String HEIGHT="36"
                          WIDTH="135"
                          VPOS="978"
                          HPOS="436"
                          CONTENT="personam"/>
                  <SP HEIGHT="36" WIDTH="11" VPOS="978" HPOS="571"/>
                  <String HEIGHT="36"
                          WIDTH="124"
                          VPOS="978"
                          HPOS="538"
                          CONTENT="diuinam"/>
                  <SP HEIGHT="36" WIDTH="11" VPOS="978" HPOS="661"/>
                  <String HEIGHT="36"
                          WIDTH="158"
                          VPOS="978"
                          HPOS="628"
                          CONTENT="significet"/>
                  <SP HEIGHT="36" WIDTH="11" VPOS="978" HPOS="785"/>
                  <String HEIGHT="36" WIDTH="90" VPOS="978" HPOS="751" CONTENT="quin"/>
                  <SP HEIGHT="36" WIDTH="11" VPOS="978" HPOS="842"/>
                  <String HEIGHT="36" WIDTH="23" VPOS="978" HPOS="796" CONTENT=""/>
               </TextLine>
               <TextLine ID="r2l57"
                         BASELINE="1042"
                         HEIGHT="33"
                         WIDTH="594"
                         VPOS="1009"
                         HPOS="220">
                  <String HEIGHT="33" WIDTH="66" VPOS="1009" HPOS="209" CONTENT="et"/>
                  <SP HEIGHT="33" WIDTH="11" VPOS="1009" HPOS="275"/>
                  <String HEIGHT="33"
                          WIDTH="143"
                          VPOS="1009"
                          HPOS="242"
                          CONTENT="quamlibet"/>
                  <SP HEIGHT="33" WIDTH="11" VPOS="1009" HPOS="385"/>
                  <String HEIGHT="33"
                          WIDTH="165"
                          VPOS="1009"
                          HPOS="352"
                          CONTENT="significet."/>
                  <SP HEIGHT="33" WIDTH="11" VPOS="1009" HPOS="517"/>
                  <String HEIGHT="33"
                          WIDTH="132"
                          VPOS="1009"
                          HPOS="484"
                          CONTENT="Exemplum"/>
                  <SP HEIGHT="33" WIDTH="11" VPOS="1009" HPOS="616"/>
                  <String HEIGHT="33"
                          WIDTH="99"
                          VPOS="1009"
                          HPOS="583"
                          CONTENT="huius"/>
                  <SP HEIGHT="33" WIDTH="11" VPOS="1009" HPOS="682"/>
                  <String HEIGHT="33"
                          WIDTH="121"
                          VPOS="1009"
                          HPOS="649"
                          CONTENT="habetur"/>
                  <SP HEIGHT="33" WIDTH="11" VPOS="1009" HPOS="770"/>
                  <String HEIGHT="33" WIDTH="66" VPOS="1009" HPOS="737" CONTENT="de"/>
                  <SP HEIGHT="33" WIDTH="11" VPOS="1009" HPOS="803"/>
                  <String HEIGHT="33" WIDTH="55" VPOS="1009" HPOS="759" CONTENT="con"/>
               </TextLine>
               <TextLine ID="r2l59"
                         BASELINE="1069"
                         HEIGHT="32"
                         WIDTH="609"
                         VPOS="1037"
                         HPOS="208">
                  <String HEIGHT="32"
                          WIDTH="110"
                          VPOS="1037"
                          HPOS="196"
                          CONTENT="ceptu"/>
                  <SP HEIGHT="32" WIDTH="12" VPOS="1037" HPOS="305"/>
                  <String HEIGHT="32" WIDTH="85" VPOS="1037" HPOS="269" CONTENT="cui"/>
                  <SP HEIGHT="32" WIDTH="12" VPOS="1037" HPOS="354"/>
                  <String HEIGHT="32" WIDTH="73" VPOS="1037" HPOS="318" CONTENT="in"/>
                  <SP HEIGHT="32" WIDTH="12" VPOS="1037" HPOS="391"/>
                  <String HEIGHT="32"
                          WIDTH="195"
                          VPOS="1037"
                          HPOS="354"
                          CONTENT="significando"/>
                  <SP HEIGHT="32" WIDTH="12" VPOS="1037" HPOS="549"/>
                  <String HEIGHT="32"
                          WIDTH="195"
                          VPOS="1037"
                          HPOS="513"
                          CONTENT="subordinatur"/>
                  <SP HEIGHT="32" WIDTH="12" VPOS="1037" HPOS="707"/>
                  <String HEIGHT="32" WIDTH="85" VPOS="1037" HPOS="671" CONTENT="hoc"/>
                  <SP HEIGHT="32" WIDTH="12" VPOS="1037" HPOS="756"/>
                  <String HEIGHT="32"
                          WIDTH="110"
                          VPOS="1037"
                          HPOS="707"
                          CONTENT="concre"
                          SUBS_TYPE="HypPart1"
                          SUBS_CONTENT="concretum"/>
                  <HYP CONTENT="-"/>
               </TextLine>
               <TextLine ID="r2l61"
                         BASELINE="1095"
                         HEIGHT="29"
                         WIDTH="608"
                         VPOS="1066"
                         HPOS="212">
                  <String HEIGHT="29"
                          WIDTH="91"
                          VPOS="1066"
                          HPOS="199"
                          CONTENT="tum"
                          SUBS_TYPE="HypPart2"
                          SUBS_CONTENT="concretum"/>
                  <SP HEIGHT="29" WIDTH="13" VPOS="1066" HPOS="290"/>
                  <String HEIGHT="29"
                          WIDTH="116"
                          VPOS="1066"
                          HPOS="251"
                          CONTENT="album"/>
                  <SP HEIGHT="29" WIDTH="13" VPOS="1066" HPOS="367"/>
                  <String HEIGHT="29" WIDTH="91" VPOS="1066" HPOS="328" CONTENT="qui"/>
                  <SP HEIGHT="29" WIDTH="13" VPOS="1066" HPOS="419"/>
                  <String HEIGHT="29"
                          WIDTH="116"
                          VPOS="1066"
                          HPOS="380"
                          CONTENT="licet"/>
                  <SP HEIGHT="29" WIDTH="13" VPOS="1066" HPOS="497"/>
                  <String HEIGHT="29" WIDTH="91" VPOS="1066" HPOS="458" CONTENT="per"/>
                  <SP HEIGHT="29" WIDTH="13" VPOS="1066" HPOS="548"/>
                  <String HEIGHT="29" WIDTH="78" VPOS="1066" HPOS="510" CONTENT="se"/>
                  <SP HEIGHT="29" WIDTH="13" VPOS="1066" HPOS="587"/>
                  <String HEIGHT="29"
                          WIDTH="181"
                          VPOS="1066"
                          HPOS="548"
                          CONTENT="significet"/>
                  <SP HEIGHT="29" WIDTH="13" VPOS="1066" HPOS="729"/>
                  <String HEIGHT="29"
                          WIDTH="142"
                          VPOS="1066"
                          HPOS="678"
                          CONTENT="albedinem"/>
               </TextLine>
               <TextLine ID="r2l64"
                         BASELINE="1130"
                         HEIGHT="36"
                         WIDTH="610"
                         VPOS="1094"
                         HPOS="211">
                  <String HEIGHT="36" WIDTH="69" VPOS="1094" HPOS="199" CONTENT="et"/>
                  <SP HEIGHT="36" WIDTH="12" VPOS="1094" HPOS="269"/>
                  <String HEIGHT="36" WIDTH="81" VPOS="1094" HPOS="234" CONTENT="non"/>
                  <SP HEIGHT="36" WIDTH="12" VPOS="1094" HPOS="315"/>
                  <String HEIGHT="36"
                          WIDTH="150"
                          VPOS="1094"
                          HPOS="280"
                          CONTENT="subiectum"/>
                  <SP HEIGHT="36" WIDTH="12" VPOS="1094" HPOS="430"/>
                  <String HEIGHT="36"
                          WIDTH="138"
                          VPOS="1094"
                          HPOS="395"
                          CONTENT="praecise"/>
                  <SP HEIGHT="36" WIDTH="12" VPOS="1094" HPOS="533"/>
                  <String HEIGHT="36"
                          WIDTH="104"
                          VPOS="1094"
                          HPOS="499"
                          CONTENT="tamen"/>
                  <SP HEIGHT="36" WIDTH="12" VPOS="1094" HPOS="602"/>
                  <String HEIGHT="36" WIDTH="81" VPOS="1094" HPOS="568" CONTENT="pro"/>
                  <SP HEIGHT="36" WIDTH="12" VPOS="1094" HPOS="648"/>
                  <String HEIGHT="36"
                          WIDTH="138"
                          VPOS="1094"
                          HPOS="614"
                          CONTENT="subiecto"/>
                  <SP HEIGHT="36" WIDTH="12" VPOS="1094" HPOS="752"/>
                  <String HEIGHT="36"
                          WIDTH="115"
                          VPOS="1094"
                          HPOS="706"
                          CONTENT="supponit"/>
               </TextLine>
               <TextLine ID="r2l66"
                         BASELINE="1157"
                         HEIGHT="36"
                         WIDTH="610"
                         VPOS="1121"
                         HPOS="209">
                  <String HEIGHT="36" WIDTH="69" VPOS="1121" HPOS="197" CONTENT="et"/>
                  <SP HEIGHT="36" WIDTH="12" VPOS="1121" HPOS="267"/>
                  <String HEIGHT="36" WIDTH="81" VPOS="1121" HPOS="232" CONTENT="non"/>
                  <SP HEIGHT="36" WIDTH="12" VPOS="1121" HPOS="313"/>
                  <String HEIGHT="36" WIDTH="69" VPOS="1121" HPOS="278" CONTENT="mo"/>
                  <SP HEIGHT="36" WIDTH="12" VPOS="1121" HPOS="347"/>
                  <String HEIGHT="36"
                          WIDTH="150"
                          VPOS="1121"
                          HPOS="313"
                          CONTENT="albedine."/>
                  <SP HEIGHT="36" WIDTH="12" VPOS="1121" HPOS="462"/>
                  <String HEIGHT="36"
                          WIDTH="150"
                          VPOS="1121"
                          HPOS="428"
                          CONTENT="Conclusio"/>
                  <SP HEIGHT="36" WIDTH="12" VPOS="1121" HPOS="577"/>
                  <String HEIGHT="36"
                          WIDTH="92"
                          VPOS="1121"
                          HPOS="543"
                          CONTENT="ista"/>
                  <SP HEIGHT="36" WIDTH="12" VPOS="1121" HPOS="635"/>
                  <String HEIGHT="36"
                          WIDTH="138"
                          VPOS="1121"
                          HPOS="600"
                          CONTENT="probatur"/>
                  <SP HEIGHT="36" WIDTH="12" VPOS="1121" HPOS="738"/>
                  <String HEIGHT="36"
                          WIDTH="138"
                          VPOS="1121"
                          HPOS="704"
                          CONTENT="quicquid"/>
                  <SP HEIGHT="36" WIDTH="12" VPOS="1121" HPOS="842"/>
                  <String HEIGHT="36" WIDTH="23" VPOS="1121" HPOS="796" CONTENT=""/>
               </TextLine>
               <TextLine ID="r2l67"
                         BASELINE="1184"
                         HEIGHT="32"
                         WIDTH="606"
                         VPOS="1152"
                         HPOS="208">
                  <String HEIGHT="32"
                          WIDTH="190"
                          VPOS="1152"
                          HPOS="196"
                          CONTENT="significatur"/>
                  <SP HEIGHT="32" WIDTH="12" VPOS="1152" HPOS="386"/>
                  <String HEIGHT="32" WIDTH="83" VPOS="1152" HPOS="351" CONTENT="per"/>
                  <SP HEIGHT="32" WIDTH="12" VPOS="1152" HPOS="434"/>
                  <String HEIGHT="32"
                          WIDTH="154"
                          VPOS="1152"
                          HPOS="398"
                          CONTENT="conceptum"/>
                  <SP HEIGHT="32" WIDTH="12" VPOS="1152" HPOS="553"/>
                  <String HEIGHT="32"
                          WIDTH="154"
                          VPOS="1152"
                          HPOS="517"
                          CONTENT="quemlibet"/>
                  <SP HEIGHT="32" WIDTH="12" VPOS="1152" HPOS="671"/>
                  <String HEIGHT="32"
                          WIDTH="166"
                          VPOS="1152"
                          HPOS="636"
                          CONTENT="inferiorem"/>
                  <SP HEIGHT="32" WIDTH="12" VPOS="1152" HPOS="802"/>
                  <String HEIGHT="32" WIDTH="59" VPOS="1152" HPOS="755" CONTENT="per"/>
               </TextLine>
               <TextLine ID="r2l69"
                         BASELINE="1209"
                         HEIGHT="31"
                         WIDTH="605"
                         VPOS="1178"
                         HPOS="216">
                  <String HEIGHT="31" WIDTH="65" VPOS="1178" HPOS="205" CONTENT="se"/>
                  <SP HEIGHT="31" WIDTH="11" VPOS="1178" HPOS="270"/>
                  <String HEIGHT="31"
                          WIDTH="173"
                          VPOS="1178"
                          HPOS="238"
                          CONTENT="significatur"/>
                  <SP HEIGHT="31" WIDTH="11" VPOS="1178" HPOS="410"/>
                  <String HEIGHT="31" WIDTH="76" VPOS="1178" HPOS="378" CONTENT="per"/>
                  <SP HEIGHT="31" WIDTH="11" VPOS="1178" HPOS="454"/>
                  <String HEIGHT="31"
                          WIDTH="140"
                          VPOS="1178"
                          HPOS="421"
                          CONTENT="quemlibet"/>
                  <SP HEIGHT="31" WIDTH="11" VPOS="1178" HPOS="562"/>
                  <String HEIGHT="31"
                          WIDTH="151"
                          VPOS="1178"
                          HPOS="529"
                          CONTENT="superiorem"/>
                  <SP HEIGHT="31" WIDTH="11" VPOS="1178" HPOS="681"/>
                  <String HEIGHT="31" WIDTH="65" VPOS="1178" HPOS="648" CONTENT="ad"/>
                  <SP HEIGHT="31" WIDTH="11" VPOS="1178" HPOS="713"/>
                  <String HEIGHT="31"
                          WIDTH="97"
                          VPOS="1178"
                          HPOS="681"
                          CONTENT="istum"/>
                  <SP HEIGHT="31" WIDTH="11" VPOS="1178" HPOS="778"/>
                  <String HEIGHT="31"
                          WIDTH="86"
                          VPOS="1178"
                          HPOS="735"
                          CONTENT="conce"
                          SUBS_TYPE="HypPart1"
                          SUBS_CONTENT="conceptum"/>
                  <HYP CONTENT="-"/>
               </TextLine>
               <TextLine ID="r2l71"
                         BASELINE="1241"
                         HEIGHT="36"
                         WIDTH="599"
                         VPOS="1205"
                         HPOS="216">
                  <String HEIGHT="36"
                          WIDTH="98"
                          VPOS="1205"
                          HPOS="204"
                          CONTENT="ptum"
                          SUBS_TYPE="HypPart2"
                          SUBS_CONTENT="conceptum"/>
                  <SP HEIGHT="36" WIDTH="12" VPOS="1205" HPOS="302"/>
                  <String HEIGHT="36"
                          WIDTH="171"
                          VPOS="1205"
                          HPOS="265"
                          CONTENT="inferionem"/>
                  <SP HEIGHT="36" WIDTH="12" VPOS="1205" HPOS="436"/>
                  <String HEIGHT="36" WIDTH="86" VPOS="1205" HPOS="399" CONTENT="sed"/>
                  <SP HEIGHT="36" WIDTH="12" VPOS="1205" HPOS="485"/>
                  <String HEIGHT="36"
                          WIDTH="159"
                          VPOS="1205"
                          HPOS="448"
                          CONTENT="conceptus"/>
                  <SP HEIGHT="36" WIDTH="12" VPOS="1205" HPOS="607"/>
                  <String HEIGHT="36" WIDTH="86" VPOS="1205" HPOS="571" CONTENT="vie"/>
                  <SP HEIGHT="36" WIDTH="12" VPOS="1205" HPOS="656"/>
                  <String HEIGHT="36"
                          WIDTH="122"
                          VPOS="1205"
                          HPOS="619"
                          CONTENT="quibus"/>
                  <SP HEIGHT="36" WIDTH="12" VPOS="1205" HPOS="742"/>
                  <String HEIGHT="36"
                          WIDTH="98"
                          VPOS="1205"
                          HPOS="705"
                          CONTENT="deum"/>
                  <SP HEIGHT="36" WIDTH="12" VPOS="1205" HPOS="803"/>
                  <String HEIGHT="36" WIDTH="61" VPOS="1205" HPOS="754" CONTENT="con"/>
               </TextLine>
               <TextLine ID="r2l73"
                         BASELINE="1269"
                         HEIGHT="35"
                         WIDTH="605"
                         VPOS="1234"
                         HPOS="212">
                  <String HEIGHT="35"
                          WIDTH="130"
                          VPOS="1234"
                          HPOS="200"
                          CONTENT="cipimus"/>
                  <SP HEIGHT="35" WIDTH="12" VPOS="1234" HPOS="331"/>
                  <String HEIGHT="35" WIDTH="83" VPOS="1234" HPOS="295" CONTENT="vel"/>
                  <SP HEIGHT="35" WIDTH="12" VPOS="1234" HPOS="378"/>
                  <String HEIGHT="35"
                          WIDTH="95"
                          VPOS="1234"
                          HPOS="342"
                          CONTENT="sunt"/>
                  <SP HEIGHT="35" WIDTH="12" VPOS="1234" HPOS="437"/>
                  <String HEIGHT="35"
                          WIDTH="154"
                          VPOS="1234"
                          HPOS="402"
                          CONTENT="simplices"/>
                  <SP HEIGHT="35" WIDTH="12" VPOS="1234" HPOS="556"/>
                  <String HEIGHT="35" WIDTH="83" VPOS="1234" HPOS="520" CONTENT="per"/>
                  <SP HEIGHT="35" WIDTH="12" VPOS="1234" HPOS="603"/>
                  <String HEIGHT="35" WIDTH="71" VPOS="1234" HPOS="568" CONTENT="se"/>
                  <SP HEIGHT="35" WIDTH="12" VPOS="1234" HPOS="639"/>
                  <String HEIGHT="35"
                          WIDTH="166"
                          VPOS="1234"
                          HPOS="603"
                          CONTENT="superiores"/>
                  <SP HEIGHT="35" WIDTH="12" VPOS="1234" HPOS="770"/>
                  <String HEIGHT="35" WIDTH="71" VPOS="1234" HPOS="734" CONTENT="ad"/>
                  <SP HEIGHT="35" WIDTH="12" VPOS="1234" HPOS="805"/>
                  <String HEIGHT="35" WIDTH="59" VPOS="1234" HPOS="758" CONTENT="con"/>
               </TextLine>
               <TextLine ID="r2l75"
                         BASELINE="1293"
                         HEIGHT="31"
                         WIDTH="603"
                         VPOS="1262"
                         HPOS="214">
                  <String HEIGHT="31"
                          WIDTH="123"
                          VPOS="1262"
                          HPOS="202"
                          CONTENT="ceptum"/>
                  <SP HEIGHT="31" WIDTH="12" VPOS="1262" HPOS="325"/>
                  <String HEIGHT="31"
                          WIDTH="197"
                          VPOS="1262"
                          HPOS="288"
                          CONTENT="indiuidualem"/>
                  <SP HEIGHT="31" WIDTH="12" VPOS="1262" HPOS="485"/>
                  <String HEIGHT="31" WIDTH="86" VPOS="1262" HPOS="448" CONTENT="vel"/>
                  <SP HEIGHT="31" WIDTH="12" VPOS="1262" HPOS="534"/>
                  <String HEIGHT="31"
                          WIDTH="172"
                          VPOS="1262"
                          HPOS="497"
                          CONTENT="specificum"/>
                  <SP HEIGHT="31" WIDTH="12" VPOS="1262" HPOS="669"/>
                  <String HEIGHT="31" WIDTH="86" VPOS="1262" HPOS="632" CONTENT="dei"/>
                  <SP HEIGHT="31" WIDTH="12" VPOS="1262" HPOS="719"/>
                  <String HEIGHT="31" WIDTH="86" VPOS="1262" HPOS="682" CONTENT="vel"/>
                  <SP HEIGHT="31" WIDTH="12" VPOS="1262" HPOS="768"/>
                  <String HEIGHT="31"
                          WIDTH="98"
                          VPOS="1262"
                          HPOS="719"
                          CONTENT="compo"
                          SUBS_TYPE="HypPart1"
                          SUBS_CONTENT="componuntur"/>
                  <HYP CONTENT="-"/>
               </TextLine>
               <TextLine ID="r2l78"
                         BASELINE="1321"
                         HEIGHT="31"
                         WIDTH="609"
                         VPOS="1290"
                         HPOS="211">
                  <String HEIGHT="31"
                          WIDTH="130"
                          VPOS="1290"
                          HPOS="198"
                          CONTENT="nuntur"
                          SUBS_TYPE="HypPart2"
                          SUBS_CONTENT="componuntur"/>
                  <SP HEIGHT="31" WIDTH="13" VPOS="1290" HPOS="328"/>
                  <String HEIGHT="31" WIDTH="78" VPOS="1290" HPOS="289" CONTENT="ex"/>
                  <SP HEIGHT="31" WIDTH="13" VPOS="1290" HPOS="366"/>
                  <String HEIGHT="31"
                          WIDTH="143"
                          VPOS="1290"
                          HPOS="328"
                          CONTENT="talibus"/>
                  <SP HEIGHT="31" WIDTH="13" VPOS="1290" HPOS="470"/>
                  <String HEIGHT="31"
                          WIDTH="207"
                          VPOS="1290"
                          HPOS="431"
                          CONTENT="simplicibus."/>
                  <SP HEIGHT="31" WIDTH="13" VPOS="1290" HPOS="639"/>
                  <String HEIGHT="31"
                          WIDTH="155"
                          VPOS="1290"
                          HPOS="600"
                          CONTENT="Exemplum"/>
                  <SP HEIGHT="31" WIDTH="13" VPOS="1290" HPOS="755"/>
                  <String HEIGHT="31"
                          WIDTH="117"
                          VPOS="1290"
                          HPOS="703"
                          CONTENT="prioris"/>
               </TextLine>
               <TextLine ID="r2l80"
                         BASELINE="1354"
                         HEIGHT="36"
                         WIDTH="614"
                         VPOS="1318"
                         HPOS="205">
                  <String HEIGHT="36"
                          WIDTH="141"
                          VPOS="1318"
                          HPOS="195"
                          CONTENT="substantia"/>
                  <SP HEIGHT="36" WIDTH="10" VPOS="1318" HPOS="336"/>
                  <String HEIGHT="36" WIDTH="70" VPOS="1318" HPOS="306" CONTENT="ens"/>
                  <SP HEIGHT="36" WIDTH="10" VPOS="1318" HPOS="376"/>
                  <String HEIGHT="36"
                          WIDTH="121"
                          VPOS="1318"
                          HPOS="346"
                          CONTENT="spiritus"/>
                  <SP HEIGHT="36" WIDTH="10" VPOS="1318" HPOS="467"/>
                  <String HEIGHT="36" WIDTH="60" VPOS="1318" HPOS="437" CONTENT="et"/>
                  <SP HEIGHT="36" WIDTH="10" VPOS="1318" HPOS="497"/>
                  <String HEIGHT="36"
                          WIDTH="141"
                          VPOS="1318"
                          HPOS="467"
                          CONTENT="huiusmodi."/>
                  <SP HEIGHT="36" WIDTH="10" VPOS="1318" HPOS="608"/>
                  <String HEIGHT="36"
                          WIDTH="121"
                          VPOS="1318"
                          HPOS="577"
                          CONTENT="Exemplum"/>
                  <SP HEIGHT="36" WIDTH="10" VPOS="1318" HPOS="698"/>
                  <String HEIGHT="36"
                          WIDTH="111"
                          VPOS="1318"
                          HPOS="668"
                          CONTENT="aliorum"/>
                  <SP HEIGHT="36" WIDTH="10" VPOS="1318" HPOS="779"/>
                  <String HEIGHT="36"
                          WIDTH="81"
                          VPOS="1318"
                          HPOS="738"
                          CONTENT="primum"/>
               </TextLine>
               <TextLine ID="r2l82"
                         BASELINE="1381"
                         HEIGHT="33"
                         WIDTH="614"
                         VPOS="1348"
                         HPOS="208">
                  <String HEIGHT="33" WIDTH="69" VPOS="1348" HPOS="198" CONTENT="ens"/>
                  <SP HEIGHT="33" WIDTH="10" VPOS="1348" HPOS="267"/>
                  <String HEIGHT="33"
                          WIDTH="89"
                          VPOS="1348"
                          HPOS="238"
                          CONTENT="summa"/>
                  <SP HEIGHT="33" WIDTH="10" VPOS="1348" HPOS="327"/>
                  <String HEIGHT="33"
                          WIDTH="139"
                          VPOS="1348"
                          HPOS="297"
                          CONTENT="substantia"/>
                  <SP HEIGHT="33" WIDTH="10" VPOS="1348" HPOS="436"/>
                  <String HEIGHT="33"
                          WIDTH="99"
                          VPOS="1348"
                          HPOS="406"
                          CONTENT="natura"/>
                  <SP HEIGHT="33" WIDTH="10" VPOS="1348" HPOS="505"/>
                  <String HEIGHT="33"
                          WIDTH="149"
                          VPOS="1348"
                          HPOS="475"
                          CONTENT="spiritualis"/>
                  <SP HEIGHT="33" WIDTH="10" VPOS="1348" HPOS="624"/>
                  <String HEIGHT="33"
                          WIDTH="89"
                          VPOS="1348"
                          HPOS="594"
                          CONTENT="prius"/>
                  <SP HEIGHT="33" WIDTH="10" VPOS="1348" HPOS="683"/>
                  <String HEIGHT="33" WIDTH="59" VPOS="1348" HPOS="654" CONTENT="et"/>
                  <SP HEIGHT="33" WIDTH="10" VPOS="1348" HPOS="713"/>
                  <String HEIGHT="33"
                          WIDTH="129"
                          VPOS="1348"
                          HPOS="683"
                          CONTENT="huiusmodi"/>
                  <SP HEIGHT="33" WIDTH="10" VPOS="1348" HPOS="812"/>
                  <String HEIGHT="33" WIDTH="50" VPOS="1348" HPOS="772" CONTENT="igi"/>
               </TextLine>
               <TextLine ID="r2l84"
                         BASELINE="1408"
                         HEIGHT="34"
                         WIDTH="613"
                         VPOS="1374"
                         HPOS="210">
                  <String HEIGHT="34" WIDTH="81" VPOS="1374" HPOS="198" CONTENT="tur"/>
                  <SP HEIGHT="34" WIDTH="12" VPOS="1374" HPOS="279"/>
                  <String HEIGHT="34"
                          WIDTH="139"
                          VPOS="1374"
                          HPOS="245"
                          CONTENT="quicquid"/>
                  <SP HEIGHT="34" WIDTH="12" VPOS="1374" HPOS="383"/>
                  <String HEIGHT="34"
                          WIDTH="162"
                          VPOS="1374"
                          HPOS="349"
                          CONTENT="concipimus"/>
                  <SP HEIGHT="34" WIDTH="12" VPOS="1374" HPOS="511"/>
                  <String HEIGHT="34" WIDTH="81" VPOS="1374" HPOS="476" CONTENT="per"/>
                  <SP HEIGHT="34" WIDTH="12" VPOS="1374" HPOS="557"/>
                  <String HEIGHT="34"
                          WIDTH="150"
                          VPOS="1374"
                          HPOS="522"
                          CONTENT="conceptus"/>
                  <SP HEIGHT="34" WIDTH="12" VPOS="1374" HPOS="673"/>
                  <String HEIGHT="34"
                          WIDTH="104"
                          VPOS="1374"
                          HPOS="638"
                          CONTENT="prime"/>
                  <SP HEIGHT="34" WIDTH="12" VPOS="1374" HPOS="742"/>
                  <String HEIGHT="34"
                          WIDTH="127"
                          VPOS="1374"
                          HPOS="696"
                          CONTENT="indiuidua"/>
               </TextLine>
               <TextLine ID="r2l86"
                         BASELINE="1443"
                         HEIGHT="39"
                         WIDTH="610"
                         VPOS="1404"
                         HPOS="210">
                  <String HEIGHT="39" WIDTH="81" VPOS="1404" HPOS="198" CONTENT="les"/>
                  <SP HEIGHT="39" WIDTH="12" VPOS="1404" HPOS="279"/>
                  <String HEIGHT="39" WIDTH="69" VPOS="1404" HPOS="245" CONTENT="et"/>
                  <SP HEIGHT="39" WIDTH="12" VPOS="1404" HPOS="314"/>
                  <String HEIGHT="39"
                          WIDTH="161"
                          VPOS="1404"
                          HPOS="279"
                          CONTENT="specificos"/>
                  <SP HEIGHT="39" WIDTH="12" VPOS="1404" HPOS="440"/>
                  <String HEIGHT="39" WIDTH="81" VPOS="1404" HPOS="406" CONTENT="dei"/>
                  <SP HEIGHT="39" WIDTH="12" VPOS="1404" HPOS="486"/>
                  <String HEIGHT="39"
                          WIDTH="161"
                          VPOS="1404"
                          HPOS="452"
                          CONTENT="concipimus"/>
                  <SP HEIGHT="39" WIDTH="12" VPOS="1404" HPOS="613"/>
                  <String HEIGHT="39" WIDTH="69" VPOS="1404" HPOS="578" CONTENT="in"/>
                  <SP HEIGHT="39" WIDTH="12" VPOS="1404" HPOS="647"/>
                  <String HEIGHT="39" WIDTH="81" VPOS="1404" HPOS="613" CONTENT="via"/>
                  <SP HEIGHT="39" WIDTH="12" VPOS="1404" HPOS="693"/>
                  <String HEIGHT="39" WIDTH="81" VPOS="1404" HPOS="659" CONTENT="pro"/>
                  <SP HEIGHT="39" WIDTH="12" VPOS="1404" HPOS="739"/>
                  <String HEIGHT="39"
                          WIDTH="127"
                          VPOS="1404"
                          HPOS="693"
                          CONTENT="conceptus"/>
               </TextLine>
               <TextLine ID="r2l88"
                         BASELINE="1467"
                         HEIGHT="36"
                         WIDTH="607"
                         VPOS="1431"
                         HPOS="214">
                  <String HEIGHT="36"
                          WIDTH="175"
                          VPOS="1431"
                          HPOS="202"
                          CONTENT="communiores"/>
                  <SP HEIGHT="36" WIDTH="12" VPOS="1431" HPOS="377"/>
                  <String HEIGHT="36"
                          WIDTH="117"
                          VPOS="1431"
                          HPOS="342"
                          CONTENT="certum"/>
                  <SP HEIGHT="36" WIDTH="12" VPOS="1431" HPOS="459"/>
                  <String HEIGHT="36" WIDTH="82" VPOS="1431" HPOS="424" CONTENT="est"/>
                  <SP HEIGHT="36" WIDTH="12" VPOS="1431" HPOS="506"/>
                  <String HEIGHT="36"
                          WIDTH="93"
                          VPOS="1431"
                          HPOS="471"
                          CONTENT="enim"/>
                  <SP HEIGHT="36" WIDTH="12" VPOS="1431" HPOS="564"/>
                  <String HEIGHT="36"
                          WIDTH="93"
                          VPOS="1431"
                          HPOS="529"
                          CONTENT="quod"/>
                  <SP HEIGHT="36" WIDTH="12" VPOS="1431" HPOS="623"/>
                  <String HEIGHT="36"
                          WIDTH="140"
                          VPOS="1431"
                          HPOS="588"
                          CONTENT="quelibet"/>
                  <SP HEIGHT="36" WIDTH="12" VPOS="1431" HPOS="728"/>
                  <String HEIGHT="36"
                          WIDTH="128"
                          VPOS="1431"
                          HPOS="693"
                          CONTENT="persona"/>
                  <SP HEIGHT="36" WIDTH="12" VPOS="1431" HPOS="821"/>
                  <String HEIGHT="36" WIDTH="47" VPOS="1431" HPOS="774" CONTENT="di"/>
               </TextLine>
               <TextLine ID="r2l90"
                         BASELINE="1496"
                         HEIGHT="36"
                         WIDTH="602"
                         VPOS="1460"
                         HPOS="212">
                  <String HEIGHT="36"
                          WIDTH="73"
                          VPOS="1460"
                          HPOS="203"
                          CONTENT="uina"/>
                  <SP HEIGHT="36" WIDTH="9" VPOS="1460" HPOS="276"/>
                  <String HEIGHT="36" WIDTH="64" VPOS="1460" HPOS="248" CONTENT="est"/>
                  <SP HEIGHT="36" WIDTH="9" VPOS="1460" HPOS="312"/>
                  <String HEIGHT="36" WIDTH="64" VPOS="1460" HPOS="285" CONTENT="ens"/>
                  <SP HEIGHT="36" WIDTH="9" VPOS="1460" HPOS="349"/>
                  <String HEIGHT="36" WIDTH="64" VPOS="1460" HPOS="321" CONTENT="est"/>
                  <SP HEIGHT="36" WIDTH="9" VPOS="1460" HPOS="385"/>
                  <String HEIGHT="36"
                          WIDTH="128"
                          VPOS="1460"
                          HPOS="358"
                          CONTENT="substantia"/>
                  <SP HEIGHT="36" WIDTH="9" VPOS="1460" HPOS="486"/>
                  <String HEIGHT="36" WIDTH="64" VPOS="1460" HPOS="458" CONTENT="est"/>
                  <SP HEIGHT="36" WIDTH="9" VPOS="1460" HPOS="522"/>
                  <String HEIGHT="36"
                          WIDTH="109"
                          VPOS="1460"
                          HPOS="495"
                          CONTENT="spiritus"/>
                  <SP HEIGHT="36" WIDTH="9" VPOS="1460" HPOS="604"/>
                  <String HEIGHT="36" WIDTH="55" VPOS="1460" HPOS="577" CONTENT="et"/>
                  <SP HEIGHT="36" WIDTH="9" VPOS="1460" HPOS="632"/>
                  <String HEIGHT="36" WIDTH="64" VPOS="1460" HPOS="604" CONTENT="sic"/>
                  <SP HEIGHT="36" WIDTH="9" VPOS="1460" HPOS="668"/>
                  <String HEIGHT="36" WIDTH="55" VPOS="1460" HPOS="641" CONTENT="de"/>
                  <SP HEIGHT="36" WIDTH="9" VPOS="1460" HPOS="695"/>
                  <String HEIGHT="36"
                          WIDTH="82"
                          VPOS="1460"
                          HPOS="668"
                          CONTENT="aliis"/>
                  <SP HEIGHT="36" WIDTH="9" VPOS="1460" HPOS="750"/>
                  <String HEIGHT="36"
                          WIDTH="91"
                          VPOS="1460"
                          HPOS="723"
                          CONTENT="quibus"/>
                  <SP HEIGHT="36" WIDTH="9" VPOS="1460" HPOS="814"/>
                  <String HEIGHT="36" WIDTH="36" VPOS="1460" HPOS="778" CONTENT="de"/>
               </TextLine>
               <TextLine ID="r2l91"
                         BASELINE="1521"
                         HEIGHT="32"
                         WIDTH="601"
                         VPOS="1489"
                         HPOS="217">
                  <String HEIGHT="32" WIDTH="64" VPOS="1489" HPOS="206" CONTENT="um"/>
                  <SP HEIGHT="32" WIDTH="11" VPOS="1489" HPOS="271"/>
                  <String HEIGHT="32"
                          WIDTH="150"
                          VPOS="1489"
                          HPOS="238"
                          CONTENT="concipimus"/>
                  <SP HEIGHT="32" WIDTH="11" VPOS="1489" HPOS="389"/>
                  <String HEIGHT="32" WIDTH="64" VPOS="1489" HPOS="357" CONTENT="in"/>
                  <SP HEIGHT="32" WIDTH="11" VPOS="1489" HPOS="421"/>
                  <String HEIGHT="32"
                          WIDTH="107"
                          VPOS="1489"
                          HPOS="389"
                          CONTENT="statum"/>
                  <SP HEIGHT="32" WIDTH="11" VPOS="1489" HPOS="496"/>
                  <String HEIGHT="32"
                          WIDTH="86"
                          VPOS="1489"
                          HPOS="464"
                          CONTENT="vie."/>
                  <SP HEIGHT="32" WIDTH="11" VPOS="1489" HPOS="550"/>
                  <String HEIGHT="32"
                          WIDTH="97"
                          VPOS="1489"
                          HPOS="518"
                          CONTENT="Dices"/>
                  <SP HEIGHT="32" WIDTH="11" VPOS="1489" HPOS="614"/>
                  <String HEIGHT="32"
                          WIDTH="97"
                          VPOS="1489"
                          HPOS="582"
                          CONTENT="forte"/>
                  <SP HEIGHT="32" WIDTH="11" VPOS="1489" HPOS="678"/>
                  <String HEIGHT="32"
                          WIDTH="86"
                          VPOS="1489"
                          HPOS="646"
                          CONTENT="quod"/>
                  <SP HEIGHT="32" WIDTH="11" VPOS="1489" HPOS="732"/>
                  <String HEIGHT="32"
                          WIDTH="97"
                          VPOS="1489"
                          HPOS="700"
                          CONTENT="licet"/>
                  <SP HEIGHT="32" WIDTH="11" VPOS="1489" HPOS="797"/>
                  <String HEIGHT="32"
                          WIDTH="64"
                          VPOS="1489"
                          HPOS="754"
                          CONTENT="deus"/>
               </TextLine>
               <TextLine ID="r2l94"
                         BASELINE="1551"
                         HEIGHT="33"
                         WIDTH="616"
                         VPOS="1518"
                         HPOS="219">
                  <String HEIGHT="33"
                          WIDTH="119"
                          VPOS="1518"
                          HPOS="208"
                          CONTENT="concipi"/>
                  <SP HEIGHT="33" WIDTH="11" VPOS="1518" HPOS="327"/>
                  <String HEIGHT="33" WIDTH="76" VPOS="1518" HPOS="295" CONTENT="non"/>
                  <SP HEIGHT="33" WIDTH="11" VPOS="1518" HPOS="370"/>
                  <String HEIGHT="33"
                          WIDTH="108"
                          VPOS="1518"
                          HPOS="338"
                          CONTENT="potest"/>
                  <SP HEIGHT="33" WIDTH="11" VPOS="1518" HPOS="446"/>
                  <String HEIGHT="33" WIDTH="65" VPOS="1518" HPOS="414" CONTENT="in"/>
                  <SP HEIGHT="33" WIDTH="11" VPOS="1518" HPOS="478"/>
                  <String HEIGHT="33" WIDTH="76" VPOS="1518" HPOS="446" CONTENT="via"/>
                  <SP HEIGHT="33" WIDTH="11" VPOS="1518" HPOS="522"/>
                  <String HEIGHT="33"
                          WIDTH="162"
                          VPOS="1518"
                          HPOS="489"
                          CONTENT="conceptione"/>
                  <SP HEIGHT="33" WIDTH="11" VPOS="1518" HPOS="651"/>
                  <String HEIGHT="33"
                          WIDTH="130"
                          VPOS="1518"
                          HPOS="619"
                          CONTENT="simplici"/>
                  <SP HEIGHT="33" WIDTH="11" VPOS="1518" HPOS="749"/>
                  <String HEIGHT="33"
                          WIDTH="130"
                          VPOS="1518"
                          HPOS="705"
                          CONTENT="communiter"/>
               </TextLine>
               <TextLine ID="r2l96"
                         BASELINE="1577"
                         HEIGHT="33"
                         WIDTH="606"
                         VPOS="1544"
                         HPOS="212">
                  <String HEIGHT="33"
                          WIDTH="117"
                          VPOS="1544"
                          HPOS="200"
                          CONTENT="habita"/>
                  <SP HEIGHT="33" WIDTH="12" VPOS="1544" HPOS="317"/>
                  <String HEIGHT="33"
                          WIDTH="93"
                          VPOS="1544"
                          HPOS="282"
                          CONTENT="nisi"/>
                  <SP HEIGHT="33" WIDTH="12" VPOS="1544" HPOS="375"/>
                  <String HEIGHT="33"
                          WIDTH="93"
                          VPOS="1544"
                          HPOS="340"
                          CONTENT="ista"/>
                  <SP HEIGHT="33" WIDTH="12" VPOS="1544" HPOS="433"/>
                  <String HEIGHT="33"
                          WIDTH="175"
                          VPOS="1544"
                          HPOS="398"
                          CONTENT="conceptione"/>
                  <SP HEIGHT="33" WIDTH="12" VPOS="1544" HPOS="573"/>
                  <String HEIGHT="33"
                          WIDTH="175"
                          VPOS="1544"
                          HPOS="538"
                          CONTENT="concipiatur"/>
                  <SP HEIGHT="33" WIDTH="12" VPOS="1544" HPOS="713"/>
                  <String HEIGHT="33" WIDTH="70" VPOS="1544" HPOS="678" CONTENT="et"/>
                  <SP HEIGHT="33" WIDTH="12" VPOS="1544" HPOS="748"/>
                  <String HEIGHT="33"
                          WIDTH="117"
                          VPOS="1544"
                          HPOS="701"
                          CONTENT="quelibet"/>
               </TextLine>
               <TextLine ID="r2l98"
                         BASELINE="1611"
                         HEIGHT="34"
                         WIDTH="603"
                         VPOS="1577"
                         HPOS="218">
                  <String HEIGHT="34"
                          WIDTH="116"
                          VPOS="1577"
                          HPOS="207"
                          CONTENT="persona"/>
                  <SP HEIGHT="34" WIDTH="11" VPOS="1577" HPOS="324"/>
                  <String HEIGHT="34"
                          WIDTH="95"
                          VPOS="1577"
                          HPOS="292"
                          CONTENT="tamen"/>
                  <SP HEIGHT="34" WIDTH="11" VPOS="1577" HPOS="387"/>
                  <String HEIGHT="34" WIDTH="63" VPOS="1577" HPOS="356" CONTENT="vt"/>
                  <SP HEIGHT="34" WIDTH="11" VPOS="1577" HPOS="419"/>
                  <String HEIGHT="34"
                          WIDTH="116"
                          VPOS="1577"
                          HPOS="387"
                          CONTENT="videtur"/>
                  <SP HEIGHT="34" WIDTH="11" VPOS="1577" HPOS="504"/>
                  <String HEIGHT="34"
                          WIDTH="159"
                          VPOS="1577"
                          HPOS="472"
                          CONTENT="conceptione"/>
                  <SP HEIGHT="34" WIDTH="11" VPOS="1577" HPOS="631"/>
                  <String HEIGHT="34"
                          WIDTH="138"
                          VPOS="1577"
                          HPOS="599"
                          CONTENT="composita"/>
                  <SP HEIGHT="34" WIDTH="11" VPOS="1577" HPOS="736"/>
                  <String HEIGHT="34"
                          WIDTH="116"
                          VPOS="1577"
                          HPOS="705"
                          CONTENT="praeter"/>
                  <SP HEIGHT="34" WIDTH="11" VPOS="1577" HPOS="821"/>
                  <String HEIGHT="34" WIDTH="42" VPOS="1577" HPOS="779" CONTENT="si"/>
               </TextLine>
               <TextLine ID="r2l100"
                         BASELINE="1634"
                         HEIGHT="29"
                         WIDTH="596"
                         VPOS="1605"
                         HPOS="220">
                  <String HEIGHT="29" WIDTH="83" VPOS="1605" HPOS="208" CONTENT="cut"/>
                  <SP HEIGHT="29" WIDTH="12" VPOS="1605" HPOS="292"/>
                  <String HEIGHT="29"
                          WIDTH="95"
                          VPOS="1605"
                          HPOS="256"
                          CONTENT="iste"/>
                  <SP HEIGHT="29" WIDTH="12" VPOS="1605" HPOS="351"/>
                  <String HEIGHT="29"
                          WIDTH="155"
                          VPOS="1605"
                          HPOS="315"
                          CONTENT="conceptus"/>
                  <SP HEIGHT="29" WIDTH="12" VPOS="1605" HPOS="470"/>
                  <String HEIGHT="29"
                          WIDTH="131"
                          VPOS="1605"
                          HPOS="435"
                          CONTENT="videtur"/>
                  <SP HEIGHT="29" WIDTH="12" VPOS="1605" HPOS="566"/>
                  <String HEIGHT="29"
                          WIDTH="95"
                          VPOS="1605"
                          HPOS="530"
                          CONTENT="esse"/>
                  <SP HEIGHT="29" WIDTH="12" VPOS="1605" HPOS="625"/>
                  <String HEIGHT="29"
                          WIDTH="107"
                          VPOS="1605"
                          HPOS="590"
                          CONTENT="solus"/>
                  <SP HEIGHT="29" WIDTH="12" VPOS="1605" HPOS="697"/>
                  <String HEIGHT="29"
                          WIDTH="143"
                          VPOS="1605"
                          HPOS="661"
                          CONTENT="essentie"/>
                  <SP HEIGHT="29" WIDTH="12" VPOS="1605" HPOS="804"/>
                  <String HEIGHT="29" WIDTH="60" VPOS="1605" HPOS="756" CONTENT="ens"/>
               </TextLine>
               <TextLine ID="r2l102"
                         BASELINE="1662"
                         HEIGHT="30"
                         WIDTH="598"
                         VPOS="1632"
                         HPOS="218">
                  <String HEIGHT="30" WIDTH="89" VPOS="1632" HPOS="205" CONTENT="nec"/>
                  <SP HEIGHT="30" WIDTH="13" VPOS="1632" HPOS="294"/>
                  <String HEIGHT="30"
                          WIDTH="153"
                          VPOS="1632"
                          HPOS="256"
                          CONTENT="generans"/>
                  <SP HEIGHT="30" WIDTH="13" VPOS="1632" HPOS="409"/>
                  <String HEIGHT="30" WIDTH="89" VPOS="1632" HPOS="371" CONTENT="nec"/>
                  <SP HEIGHT="30" WIDTH="13" VPOS="1632" HPOS="460"/>
                  <String HEIGHT="30"
                          WIDTH="140"
                          VPOS="1632"
                          HPOS="422"
                          CONTENT="genitum"/>
                  <SP HEIGHT="30" WIDTH="13" VPOS="1632" HPOS="562"/>
                  <String HEIGHT="30" WIDTH="89" VPOS="1632" HPOS="523" CONTENT="nec"/>
                  <SP HEIGHT="30" WIDTH="13" VPOS="1632" HPOS="612"/>
                  <String HEIGHT="30"
                          WIDTH="165"
                          VPOS="1632"
                          HPOS="574"
                          CONTENT="spiratum."/>
                  <SP HEIGHT="30" WIDTH="13" VPOS="1632" HPOS="740"/>
                  <String HEIGHT="30" WIDTH="64" VPOS="1632" HPOS="701" CONTENT=""/>
                  <SP HEIGHT="30" WIDTH="13" VPOS="1632" HPOS="765"/>
                  <String HEIGHT="30"
                          WIDTH="102"
                          VPOS="1632"
                          HPOS="714"
                          CONTENT="Contra"/>
               </TextLine>
               <TextLine ID="r2l104"
                         BASELINE="1693"
                         HEIGHT="34"
                         WIDTH="595"
                         VPOS="1659"
                         HPOS="221">
                  <String HEIGHT="34"
                          WIDTH="82"
                          VPOS="1659"
                          HPOS="211"
                          CONTENT="pars"/>
                  <SP HEIGHT="34" WIDTH="10" VPOS="1659" HPOS="293"/>
                  <String HEIGHT="34"
                          WIDTH="103"
                          VPOS="1659"
                          HPOS="262"
                          CONTENT="illius"/>
                  <SP HEIGHT="34" WIDTH="10" VPOS="1659" HPOS="365"/>
                  <String HEIGHT="34"
                          WIDTH="133"
                          VPOS="1659"
                          HPOS="334"
                          CONTENT="conceptus"/>
                  <SP HEIGHT="34" WIDTH="10" VPOS="1659" HPOS="467"/>
                  <String HEIGHT="34"
                          WIDTH="133"
                          VPOS="1659"
                          HPOS="436"
                          CONTENT="compositi"/>
                  <SP HEIGHT="34" WIDTH="10" VPOS="1659" HPOS="570"/>
                  <String HEIGHT="34"
                          WIDTH="123"
                          VPOS="1659"
                          HPOS="539"
                          CONTENT="scilicet"/>
                  <SP HEIGHT="34" WIDTH="10" VPOS="1659" HPOS="662"/>
                  <String HEIGHT="34" WIDTH="62" VPOS="1659" HPOS="631" CONTENT="ly"/>
                  <SP HEIGHT="34" WIDTH="10" VPOS="1659" HPOS="693"/>
                  <String HEIGHT="34" WIDTH="72" VPOS="1659" HPOS="662" CONTENT="ens"/>
                  <SP HEIGHT="34" WIDTH="10" VPOS="1659" HPOS="734"/>
                  <String HEIGHT="34"
                          WIDTH="123"
                          VPOS="1659"
                          HPOS="693"
                          CONTENT="significat"/>
               </TextLine>
               <TextLine ID="r2l105"
                         BASELINE="1720"
                         HEIGHT="33"
                         WIDTH="606"
                         VPOS="1687"
                         HPOS="219">
                  <String HEIGHT="33"
                          WIDTH="128"
                          VPOS="1687"
                          HPOS="207"
                          CONTENT="diuinam"/>
                  <SP HEIGHT="33" WIDTH="12" VPOS="1687" HPOS="336"/>
                  <String HEIGHT="33"
                          WIDTH="140"
                          VPOS="1687"
                          HPOS="301"
                          CONTENT="personam"/>
                  <SP HEIGHT="33" WIDTH="12" VPOS="1687" HPOS="440"/>
                  <String HEIGHT="33"
                          WIDTH="117"
                          VPOS="1687"
                          HPOS="405"
                          CONTENT="igitur"/>
                  <SP HEIGHT="33" WIDTH="12" VPOS="1687" HPOS="522"/>
                  <String HEIGHT="33" WIDTH="70" VPOS="1687" HPOS="487" CONTENT="et"/>
                  <SP HEIGHT="33" WIDTH="12" VPOS="1687" HPOS="557"/>
                  <String HEIGHT="33"
                          WIDTH="93"
                          VPOS="1687"
                          HPOS="522"
                          CONTENT="ille"/>
                  <SP HEIGHT="33" WIDTH="12" VPOS="1687" HPOS="615"/>
                  <String HEIGHT="33"
                          WIDTH="152"
                          VPOS="1687"
                          HPOS="580"
                          CONTENT="conceptus"/>
                  <SP HEIGHT="33" WIDTH="12" VPOS="1687" HPOS="732"/>
                  <String HEIGHT="33"
                          WIDTH="140"
                          VPOS="1687"
                          HPOS="685"
                          CONTENT="compositus"/>
               </TextLine>
               <TextLine ID="r2l108"
                         BASELINE="1748"
                         HEIGHT="33"
                         WIDTH="613"
                         VPOS="1715"
                         HPOS="216">
                  <String HEIGHT="33"
                          WIDTH="106"
                          VPOS="1715"
                          HPOS="204"
                          CONTENT="licet"/>
                  <SP HEIGHT="33" WIDTH="12" VPOS="1715" HPOS="310"/>
                  <String HEIGHT="33" WIDTH="83" VPOS="1715" HPOS="275" CONTENT="non"/>
                  <SP HEIGHT="33" WIDTH="12" VPOS="1715" HPOS="357"/>
                  <String HEIGHT="33"
                          WIDTH="141"
                          VPOS="1715"
                          HPOS="322"
                          CONTENT="supponat"/>
                  <SP HEIGHT="33" WIDTH="12" VPOS="1715" HPOS="464"/>
                  <String HEIGHT="33" WIDTH="83" VPOS="1715" HPOS="428" CONTENT="pro"/>
                  <SP HEIGHT="33" WIDTH="12" VPOS="1715" HPOS="511"/>
                  <String HEIGHT="33"
                          WIDTH="130"
                          VPOS="1715"
                          HPOS="475"
                          CONTENT="persona"/>
                  <SP HEIGHT="33" WIDTH="12" VPOS="1715" HPOS="605"/>
                  <String HEIGHT="33"
                          WIDTH="106"
                          VPOS="1715"
                          HPOS="570"
                          CONTENT="tamen"/>
                  <SP HEIGHT="33" WIDTH="12" VPOS="1715" HPOS="676"/>
                  <String HEIGHT="33"
                          WIDTH="165"
                          VPOS="1715"
                          HPOS="640"
                          CONTENT="significat"/>
                  <SP HEIGHT="33" WIDTH="12" VPOS="1715" HPOS="805"/>
                  <String HEIGHT="33"
                          WIDTH="71"
                          VPOS="1715"
                          HPOS="758"
                          CONTENT="per"
                          SUBS_TYPE="HypPart1"
                          SUBS_CONTENT="personam."/>
                  <HYP CONTENT="-"/>
               </TextLine>
               <TextLine ID="r2l110"
                         BASELINE="1774"
                         HEIGHT="31"
                         WIDTH="614"
                         VPOS="1743"
                         HPOS="212">
                  <String HEIGHT="31"
                          WIDTH="120"
                          VPOS="1743"
                          HPOS="200"
                          CONTENT="sonam."
                          SUBS_TYPE="HypPart2"
                          SUBS_CONTENT="personam."/>
                  <SP HEIGHT="31" WIDTH="12" VPOS="1743" HPOS="320"/>
                  <String HEIGHT="31"
                          WIDTH="193"
                          VPOS="1743"
                          HPOS="284"
                          CONTENT="consequentia"/>
                  <SP HEIGHT="31" WIDTH="12" VPOS="1743" HPOS="477"/>
                  <String HEIGHT="31"
                          WIDTH="108"
                          VPOS="1743"
                          HPOS="441"
                          CONTENT="tenet"/>
                  <SP HEIGHT="31" WIDTH="12" VPOS="1743" HPOS="549"/>
                  <String HEIGHT="31" WIDTH="72" VPOS="1743" HPOS="513" CONTENT="ex"/>
                  <SP HEIGHT="31" WIDTH="12" VPOS="1743" HPOS="585"/>
                  <String HEIGHT="31" WIDTH="84" VPOS="1743" HPOS="549" CONTENT="hoc"/>
                  <SP HEIGHT="31" WIDTH="12" VPOS="1743" HPOS="633"/>
                  <String HEIGHT="31"
                          WIDTH="96"
                          VPOS="1743"
                          HPOS="597"
                          CONTENT="quod"/>
                  <SP HEIGHT="31" WIDTH="12" VPOS="1743" HPOS="694"/>
                  <String HEIGHT="31"
                          WIDTH="120"
                          VPOS="1743"
                          HPOS="657"
                          CONTENT="signum"/>
                  <SP HEIGHT="31" WIDTH="12" VPOS="1743" HPOS="778"/>
                  <String HEIGHT="31"
                          WIDTH="96"
                          VPOS="1743"
                          HPOS="730"
                          CONTENT="natura"/>
               </TextLine>
               <TextLine ID="r2l112"
                         BASELINE="1805"
                         HEIGHT="32"
                         WIDTH="606"
                         VPOS="1773"
                         HPOS="214">
                  <String HEIGHT="32" WIDTH="71" VPOS="1773" HPOS="202" CONTENT="le"/>
                  <SP HEIGHT="32" WIDTH="12" VPOS="1773" HPOS="273"/>
                  <String HEIGHT="32" WIDTH="83" VPOS="1773" HPOS="238" CONTENT="non"/>
                  <SP HEIGHT="32" WIDTH="12" VPOS="1773" HPOS="321"/>
                  <String HEIGHT="32"
                          WIDTH="166"
                          VPOS="1773"
                          HPOS="285"
                          CONTENT="absoluitur"/>
                  <SP HEIGHT="32" WIDTH="12" VPOS="1773" HPOS="452"/>
                  <String HEIGHT="32" WIDTH="59" VPOS="1773" HPOS="416" CONTENT="a"/>
                  <SP HEIGHT="32" WIDTH="12" VPOS="1773" HPOS="475"/>
                  <String HEIGHT="32" WIDTH="83" VPOS="1773" HPOS="440" CONTENT="sua"/>
                  <SP HEIGHT="32" WIDTH="12" VPOS="1773" HPOS="523"/>
                  <String HEIGHT="32"
                          WIDTH="214"
                          VPOS="1773"
                          HPOS="487"
                          CONTENT="significatione"/>
                  <SP HEIGHT="32" WIDTH="12" VPOS="1773" HPOS="701"/>
                  <String HEIGHT="32"
                          WIDTH="131"
                          VPOS="1773"
                          HPOS="666"
                          CONTENT="propter"/>
                  <SP HEIGHT="32" WIDTH="12" VPOS="1773" HPOS="796"/>
                  <String HEIGHT="32"
                          WIDTH="71"
                          VPOS="1773"
                          HPOS="749"
                          CONTENT="alte"/>
               </TextLine>
               <TextLine ID="r2l114"
                         BASELINE="1838"
                         HEIGHT="35"
                         WIDTH="595"
                         VPOS="1803"
                         HPOS="221">
                  <String HEIGHT="35"
                          WIDTH="90"
                          VPOS="1803"
                          HPOS="210"
                          CONTENT="rius"/>
                  <SP HEIGHT="35" WIDTH="11" VPOS="1803" HPOS="300"/>
                  <String HEIGHT="35"
                          WIDTH="168"
                          VPOS="1803"
                          HPOS="266"
                          CONTENT="additionem."/>
                  <SP HEIGHT="35" WIDTH="11" VPOS="1803" HPOS="434"/>
                  <String HEIGHT="35" WIDTH="56" VPOS="1803" HPOS="401" CONTENT=""/>
                  <SP HEIGHT="35" WIDTH="11" VPOS="1803" HPOS="457"/>
                  <String HEIGHT="35"
                          WIDTH="101"
                          VPOS="1803"
                          HPOS="423"
                          CONTENT="Sexta"/>
                  <SP HEIGHT="35" WIDTH="11" VPOS="1803" HPOS="524"/>
                  <String HEIGHT="35"
                          WIDTH="146"
                          VPOS="1803"
                          HPOS="490"
                          CONTENT="conclusio"/>
                  <SP HEIGHT="35" WIDTH="11" VPOS="1803" HPOS="636"/>
                  <String HEIGHT="35"
                          WIDTH="112"
                          VPOS="1803"
                          HPOS="603"
                          CONTENT="nullus"/>
                  <SP HEIGHT="35" WIDTH="11" VPOS="1803" HPOS="715"/>
                  <String HEIGHT="35"
                          WIDTH="90"
                          VPOS="1803"
                          HPOS="681"
                          CONTENT="frui"/>
                  <SP HEIGHT="35" WIDTH="11" VPOS="1803" HPOS="771"/>
                  <String HEIGHT="35"
                          WIDTH="90"
                          VPOS="1803"
                          HPOS="726"
                          CONTENT="potest"/>
               </TextLine>
               <TextLine ID="r2l115"
                         BASELINE="1864"
                         HEIGHT="31"
                         WIDTH="608"
                         VPOS="1833"
                         HPOS="212">
                  <String HEIGHT="31" WIDTH="85" VPOS="1833" HPOS="200" CONTENT="vna"/>
                  <SP HEIGHT="31" WIDTH="12" VPOS="1833" HPOS="285"/>
                  <String HEIGHT="31"
                          WIDTH="134"
                          VPOS="1833"
                          HPOS="248"
                          CONTENT="persona"/>
                  <SP HEIGHT="31" WIDTH="12" VPOS="1833" HPOS="382"/>
                  <String HEIGHT="31"
                          WIDTH="146"
                          VPOS="1833"
                          HPOS="346"
                          CONTENT="secundum"/>
                  <SP HEIGHT="31" WIDTH="12" VPOS="1833" HPOS="492"/>
                  <String HEIGHT="31"
                          WIDTH="182"
                          VPOS="1833"
                          HPOS="455"
                          CONTENT="diuinitatem"/>
                  <SP HEIGHT="31" WIDTH="12" VPOS="1833" HPOS="638"/>
                  <String HEIGHT="31"
                          WIDTH="97"
                          VPOS="1833"
                          HPOS="601"
                          CONTENT="nisi"/>
                  <SP HEIGHT="31" WIDTH="12" VPOS="1833" HPOS="698"/>
                  <String HEIGHT="31"
                          WIDTH="134"
                          VPOS="1833"
                          HPOS="662"
                          CONTENT="fruendo"/>
                  <SP HEIGHT="31" WIDTH="12" VPOS="1833" HPOS="796"/>
                  <String HEIGHT="31"
                          WIDTH="73"
                          VPOS="1833"
                          HPOS="747"
                          CONTENT="quae"/>
               </TextLine>
               <TextLine ID="r2l118"
                         BASELINE="1894"
                         HEIGHT="38"
                         WIDTH="602"
                         VPOS="1856"
                         HPOS="216">
                  <String HEIGHT="38"
                          WIDTH="95"
                          VPOS="1856"
                          HPOS="205"
                          CONTENT="libet"/>
                  <SP HEIGHT="38" WIDTH="11" VPOS="1856" HPOS="300"/>
                  <String HEIGHT="38" WIDTH="74" VPOS="1856" HPOS="269" CONTENT="nec"/>
                  <SP HEIGHT="38" WIDTH="11" VPOS="1856" HPOS="343"/>
                  <String HEIGHT="38"
                          WIDTH="127"
                          VPOS="1856"
                          HPOS="311"
                          CONTENT="diligere"/>
                  <SP HEIGHT="38" WIDTH="11" VPOS="1856" HPOS="438"/>
                  <String HEIGHT="38"
                          WIDTH="84"
                          VPOS="1856"
                          HPOS="406"
                          CONTENT="vnam"/>
                  <SP HEIGHT="38" WIDTH="11" VPOS="1856" HPOS="491"/>
                  <String HEIGHT="38"
                          WIDTH="84"
                          VPOS="1856"
                          HPOS="459"
                          CONTENT="nisi"/>
                  <SP HEIGHT="38" WIDTH="11" VPOS="1856" HPOS="543"/>
                  <String HEIGHT="38"
                          WIDTH="137"
                          VPOS="1856"
                          HPOS="512"
                          CONTENT="diligendo"/>
                  <SP HEIGHT="38" WIDTH="11" VPOS="1856" HPOS="649"/>
                  <String HEIGHT="38"
                          WIDTH="148"
                          VPOS="1856"
                          HPOS="617"
                          CONTENT="quaelibet."/>
                  <SP HEIGHT="38" WIDTH="11" VPOS="1856" HPOS="765"/>
                  <String HEIGHT="38" WIDTH="74" VPOS="1856" HPOS="734" CONTENT="hec"/>
                  <SP HEIGHT="38" WIDTH="11" VPOS="1856" HPOS="807"/>
                  <String HEIGHT="38" WIDTH="53" VPOS="1856" HPOS="765" CONTENT="pro"/>
               </TextLine>
               <TextLine ID="r2l120"
                         BASELINE="1918"
                         HEIGHT="32"
                         WIDTH="604"
                         VPOS="1886"
                         HPOS="218">
                  <String HEIGHT="32"
                          WIDTH="105"
                          VPOS="1886"
                          HPOS="206"
                          CONTENT="batur"/>
                  <SP HEIGHT="32" WIDTH="12" VPOS="1886" HPOS="311"/>
                  <String HEIGHT="32"
                          WIDTH="105"
                          VPOS="1886"
                          HPOS="276"
                          CONTENT="sicut"/>
                  <SP HEIGHT="32" WIDTH="12" VPOS="1886" HPOS="381"/>
                  <String HEIGHT="32"
                          WIDTH="105"
                          VPOS="1886"
                          HPOS="346"
                          CONTENT="prima"/>
                  <SP HEIGHT="32" WIDTH="12" VPOS="1886" HPOS="450"/>
                  <String HEIGHT="32" WIDTH="70" VPOS="1886" HPOS="415" CONTENT="de"/>
                  <SP HEIGHT="32" WIDTH="12" VPOS="1886" HPOS="485"/>
                  <String HEIGHT="32"
                          WIDTH="163"
                          VPOS="1886"
                          HPOS="450"
                          CONTENT="cognitione"/>
                  <SP HEIGHT="32" WIDTH="12" VPOS="1886" HPOS="613"/>
                  <String HEIGHT="32" WIDTH="81" VPOS="1886" HPOS="578" CONTENT="per"/>
                  <SP HEIGHT="32" WIDTH="12" VPOS="1886" HPOS="659"/>
                  <String HEIGHT="32"
                          WIDTH="105"
                          VPOS="1886"
                          HPOS="625"
                          CONTENT="media"/>
                  <SP HEIGHT="32" WIDTH="12" VPOS="1886" HPOS="729"/>
                  <String HEIGHT="32"
                          WIDTH="128"
                          VPOS="1886"
                          HPOS="694"
                          CONTENT="Christi"/>
                  <SP HEIGHT="32" WIDTH="12" VPOS="1886" HPOS="822"/>
                  <String HEIGHT="32" WIDTH="46" VPOS="1886" HPOS="776" CONTENT="et"/>
               </TextLine>
               <TextLine ID="r2l121"
                         BASELINE="1952"
                         HEIGHT="35"
                         WIDTH="606"
                         VPOS="1917"
                         HPOS="215">
                  <String HEIGHT="35"
                          WIDTH="157"
                          VPOS="1917"
                          HPOS="204"
                          CONTENT="augustini."/>
                  <SP HEIGHT="35" WIDTH="11" VPOS="1917" HPOS="361"/>
                  <String HEIGHT="35" WIDTH="67" VPOS="1917" HPOS="327" CONTENT="Et"/>
                  <SP HEIGHT="35" WIDTH="11" VPOS="1917" HPOS="395"/>
                  <String HEIGHT="35"
                          WIDTH="168"
                          VPOS="1917"
                          HPOS="361"
                          CONTENT="confitmatur"/>
                  <SP HEIGHT="35" WIDTH="11" VPOS="1917" HPOS="529"/>
                  <String HEIGHT="35"
                          WIDTH="90"
                          VPOS="1917"
                          HPOS="496"
                          CONTENT="quia"/>
                  <SP HEIGHT="35" WIDTH="11" VPOS="1917" HPOS="585"/>
                  <String HEIGHT="35"
                          WIDTH="112"
                          VPOS="1917"
                          HPOS="552"
                          CONTENT="aliter"/>
                  <SP HEIGHT="35" WIDTH="11" VPOS="1917" HPOS="664"/>
                  <String HEIGHT="35"
                          WIDTH="112"
                          VPOS="1917"
                          HPOS="630"
                          CONTENT="posset"/>
                  <SP HEIGHT="35" WIDTH="11" VPOS="1917" HPOS="742"/>
                  <String HEIGHT="35" WIDTH="79" VPOS="1917" HPOS="709" CONTENT="vna"/>
                  <SP HEIGHT="35" WIDTH="11" VPOS="1917" HPOS="787"/>
                  <String HEIGHT="35"
                          WIDTH="79"
                          VPOS="1917"
                          HPOS="742"
                          CONTENT="perso"/>
               </TextLine>
               <TextLine ID="r2l123"
                         BASELINE="1979"
                         HEIGHT="33"
                         WIDTH="603"
                         VPOS="1946"
                         HPOS="214">
                  <String HEIGHT="33" WIDTH="70" VPOS="1946" HPOS="202" CONTENT="na"/>
                  <SP HEIGHT="33" WIDTH="12" VPOS="1946" HPOS="272"/>
                  <String HEIGHT="33"
                          WIDTH="93"
                          VPOS="1946"
                          HPOS="237"
                          CONTENT="sine"/>
                  <SP HEIGHT="33" WIDTH="12" VPOS="1946" HPOS="330"/>
                  <String HEIGHT="33"
                          WIDTH="93"
                          VPOS="1946"
                          HPOS="295"
                          CONTENT="alia"/>
                  <SP HEIGHT="33" WIDTH="12" VPOS="1946" HPOS="388"/>
                  <String HEIGHT="33"
                          WIDTH="128"
                          VPOS="1946"
                          HPOS="353"
                          CONTENT="adorari"/>
                  <SP HEIGHT="33" WIDTH="12" VPOS="1946" HPOS="481"/>
                  <String HEIGHT="33" WIDTH="81" VPOS="1946" HPOS="446" CONTENT="vel"/>
                  <SP HEIGHT="33" WIDTH="12" VPOS="1946" HPOS="527"/>
                  <String HEIGHT="33"
                          WIDTH="93"
                          VPOS="1946"
                          HPOS="492"
                          CONTENT="coli"/>
                  <SP HEIGHT="33" WIDTH="12" VPOS="1946" HPOS="585"/>
                  <String HEIGHT="33"
                          WIDTH="93"
                          VPOS="1946"
                          HPOS="550"
                          CONTENT="quia"/>
                  <SP HEIGHT="33" WIDTH="12" VPOS="1946" HPOS="643"/>
                  <String HEIGHT="33"
                          WIDTH="139"
                          VPOS="1946"
                          HPOS="608"
                          CONTENT="dilectio"/>
                  <SP HEIGHT="33" WIDTH="12" VPOS="1946" HPOS="747"/>
                  <String HEIGHT="33"
                          WIDTH="116"
                          VPOS="1946"
                          HPOS="701"
                          CONTENT="fruitiva"/>
               </TextLine>
               <TextLine ID="r2l125"
                         BASELINE="2007"
                         HEIGHT="36"
                         WIDTH="593"
                         VPOS="1971"
                         HPOS="218">
                  <String HEIGHT="36" WIDTH="78" VPOS="1971" HPOS="207" CONTENT="est"/>
                  <SP HEIGHT="36" WIDTH="11" VPOS="1971" HPOS="285"/>
                  <String HEIGHT="36"
                          WIDTH="112"
                          VPOS="1971"
                          HPOS="252"
                          CONTENT="summus"/>
                  <SP HEIGHT="36" WIDTH="11" VPOS="1971" HPOS="363"/>
                  <String HEIGHT="36" WIDTH="78" VPOS="1971" HPOS="330" CONTENT="dei"/>
                  <SP HEIGHT="36" WIDTH="11" VPOS="1971" HPOS="408"/>
                  <String HEIGHT="36"
                          WIDTH="112"
                          VPOS="1971"
                          HPOS="375"
                          CONTENT="cultus"/>
                  <SP HEIGHT="36" WIDTH="11" VPOS="1971" HPOS="487"/>
                  <String HEIGHT="36"
                          WIDTH="134"
                          VPOS="1971"
                          HPOS="453"
                          CONTENT="falsitas"/>
                  <SP HEIGHT="36" WIDTH="11" VPOS="1971" HPOS="587"/>
                  <String HEIGHT="36"
                          WIDTH="101"
                          VPOS="1971"
                          HPOS="554"
                          CONTENT="patet"/>
                  <SP HEIGHT="36" WIDTH="11" VPOS="1971" HPOS="654"/>
                  <String HEIGHT="36" WIDTH="78" VPOS="1971" HPOS="621" CONTENT="per"/>
                  <SP HEIGHT="36" WIDTH="11" VPOS="1971" HPOS="699"/>
                  <String HEIGHT="36"
                          WIDTH="112"
                          VPOS="1971"
                          HPOS="666"
                          CONTENT="daniel"/>
                  <SP HEIGHT="36" WIDTH="11" VPOS="1971" HPOS="777"/>
                  <String HEIGHT="36"
                          WIDTH="78"
                          VPOS="1971"
                          HPOS="733"
                          CONTENT="libro"/>
               </TextLine>
               <TextLine ID="r2l127"
                         BASELINE="2037"
                         HEIGHT="37"
                         WIDTH="603"
                         VPOS="2000"
                         HPOS="218">
                  <String HEIGHT="37"
                          WIDTH="101"
                          VPOS="2000"
                          HPOS="207"
                          CONTENT="primo"/>
                  <SP HEIGHT="37" WIDTH="11" VPOS="2000" HPOS="307"/>
                  <String HEIGHT="37"
                          WIDTH="134"
                          VPOS="2000"
                          HPOS="274"
                          CONTENT="capitulo"/>
                  <SP HEIGHT="37" WIDTH="11" VPOS="2000" HPOS="408"/>
                  <String HEIGHT="37" WIDTH="56" VPOS="2000" HPOS="374" CONTENT="8"/>
                  <SP HEIGHT="37" WIDTH="11" VPOS="2000" HPOS="430"/>
                  <String HEIGHT="37" WIDTH="67" VPOS="2000" HPOS="397" CONTENT="et"/>
                  <SP HEIGHT="37" WIDTH="11" VPOS="2000" HPOS="464"/>
                  <String HEIGHT="37"
                          WIDTH="101"
                          VPOS="2000"
                          HPOS="430"
                          CONTENT="alios"/>
                  <SP HEIGHT="37" WIDTH="11" VPOS="2000" HPOS="531"/>
                  <String HEIGHT="37"
                          WIDTH="134"
                          VPOS="2000"
                          HPOS="497"
                          CONTENT="sanctos."/>
                  <SP HEIGHT="37" WIDTH="11" VPOS="2000" HPOS="631"/>
                  <String HEIGHT="37"
                          WIDTH="134"
                          VPOS="2000"
                          HPOS="598"
                          CONTENT="Preterea"/>
                  <SP HEIGHT="37" WIDTH="11" VPOS="2000" HPOS="732"/>
                  <String HEIGHT="37" WIDTH="78" VPOS="2000" HPOS="698" CONTENT="vna"/>
                  <SP HEIGHT="37" WIDTH="11" VPOS="2000" HPOS="776"/>
                  <String HEIGHT="37"
                          WIDTH="89"
                          VPOS="2000"
                          HPOS="732"
                          CONTENT="perso"
                          SUBS_TYPE="HypPart1"
                          SUBS_CONTENT="persona"/>
                  <HYP CONTENT="-"/>
               </TextLine>
               <TextLine ID="r2l130"
                         BASELINE="2064"
                         HEIGHT="33"
                         WIDTH="595"
                         VPOS="2031"
                         HPOS="219">
                  <String HEIGHT="33"
                          WIDTH="65"
                          VPOS="2031"
                          HPOS="208"
                          CONTENT="na"
                          SUBS_TYPE="HypPart2"
                          SUBS_CONTENT="persona"/>
                  <SP HEIGHT="33" WIDTH="11" VPOS="2031" HPOS="273"/>
                  <String HEIGHT="33" WIDTH="76" VPOS="2031" HPOS="241" CONTENT="non"/>
                  <SP HEIGHT="33" WIDTH="11" VPOS="2031" HPOS="316"/>
                  <String HEIGHT="33"
                          WIDTH="108"
                          VPOS="2031"
                          HPOS="284"
                          CONTENT="potest"/>
                  <SP HEIGHT="33" WIDTH="11" VPOS="2031" HPOS="392"/>
                  <String HEIGHT="33"
                          WIDTH="108"
                          VPOS="2031"
                          HPOS="360"
                          CONTENT="creare"/>
                  <SP HEIGHT="33" WIDTH="11" VPOS="2031" HPOS="468"/>
                  <String HEIGHT="33"
                          WIDTH="87"
                          VPOS="2031"
                          HPOS="435"
                          CONTENT="alia"/>
                  <SP HEIGHT="33" WIDTH="11" VPOS="2031" HPOS="522"/>
                  <String HEIGHT="33" WIDTH="76" VPOS="2031" HPOS="489" CONTENT="non"/>
                  <SP HEIGHT="33" WIDTH="11" VPOS="2031" HPOS="565"/>
                  <String HEIGHT="33"
                          WIDTH="119"
                          VPOS="2031"
                          HPOS="533"
                          CONTENT="creante"/>
                  <SP HEIGHT="33" WIDTH="11" VPOS="2031" HPOS="652"/>
                  <String HEIGHT="33" WIDTH="65" VPOS="2031" HPOS="619" CONTENT="ex"/>
                  <SP HEIGHT="33" WIDTH="11" VPOS="2031" HPOS="684"/>
                  <String HEIGHT="33" WIDTH="65" VPOS="2031" HPOS="652" CONTENT="eo"/>
                  <SP HEIGHT="33" WIDTH="11" VPOS="2031" HPOS="717"/>
                  <String HEIGHT="33"
                          WIDTH="87"
                          VPOS="2031"
                          HPOS="684"
                          CONTENT="quia"/>
                  <SP HEIGHT="33" WIDTH="11" VPOS="2031" HPOS="771"/>
                  <String HEIGHT="33"
                          WIDTH="87"
                          VPOS="2031"
                          HPOS="727"
                          CONTENT="princi"/>
               </TextLine>
               <TextLine ID="r2l131"
                         BASELINE="2091"
                         HEIGHT="34"
                         WIDTH="584"
                         VPOS="2057"
                         HPOS="221">
                  <String HEIGHT="34"
                          WIDTH="88"
                          VPOS="2057"
                          HPOS="210"
                          CONTENT="pium"/>
                  <SP HEIGHT="34" WIDTH="11" VPOS="2057" HPOS="298"/>
                  <String HEIGHT="34"
                          WIDTH="154"
                          VPOS="2057"
                          HPOS="265"
                          CONTENT="creationis"/>
                  <SP HEIGHT="34" WIDTH="11" VPOS="2057" HPOS="419"/>
                  <String HEIGHT="34"
                          WIDTH="132"
                          VPOS="2057"
                          HPOS="386"
                          CONTENT="proximum"/>
                  <SP HEIGHT="34" WIDTH="11" VPOS="2057" HPOS="519"/>
                  <String HEIGHT="34" WIDTH="66" VPOS="2057" HPOS="485" CONTENT="et"/>
                  <SP HEIGHT="34" WIDTH="11" VPOS="2057" HPOS="552"/>
                  <String HEIGHT="34"
                          WIDTH="154"
                          VPOS="2057"
                          HPOS="519"
                          CONTENT="immediatum"/>
                  <SP HEIGHT="34" WIDTH="11" VPOS="2057" HPOS="673"/>
                  <String HEIGHT="34" WIDTH="77" VPOS="2057" HPOS="640" CONTENT="est"/>
                  <SP HEIGHT="34" WIDTH="11" VPOS="2057" HPOS="717"/>
                  <String HEIGHT="34"
                          WIDTH="99"
                          VPOS="2057"
                          HPOS="684"
                          CONTENT="velle"/>
                  <SP HEIGHT="34" WIDTH="11" VPOS="2057" HPOS="783"/>
                  <String HEIGHT="34"
                          WIDTH="66"
                          VPOS="2057"
                          HPOS="739"
                          CONTENT="diui"/>
               </TextLine>
               <TextLine ID="r2l134"
                         BASELINE="2131"
                         HEIGHT="43"
                         WIDTH="599"
                         VPOS="2088"
                         HPOS="213">
                  <String HEIGHT="43" WIDTH="75" VPOS="2088" HPOS="202" CONTENT="num"/>
                  <SP HEIGHT="43" WIDTH="11" VPOS="2088" HPOS="277"/>
                  <String HEIGHT="43"
                          WIDTH="118"
                          VPOS="2088"
                          HPOS="245"
                          CONTENT="commune"/>
                  <SP HEIGHT="43" WIDTH="11" VPOS="2088" HPOS="363"/>
                  <String HEIGHT="43"
                          WIDTH="128"
                          VPOS="2088"
                          HPOS="331"
                          CONTENT="personis"/>
                  <SP HEIGHT="43" WIDTH="11" VPOS="2088" HPOS="459"/>
                  <String HEIGHT="43"
                          WIDTH="118"
                          VPOS="2088"
                          HPOS="427"
                          CONTENT="omnibus"/>
                  <SP HEIGHT="43" WIDTH="11" VPOS="2088" HPOS="545"/>
                  <String HEIGHT="43"
                          WIDTH="118"
                          VPOS="2088"
                          HPOS="513"
                          CONTENT="diuinis"/>
                  <SP HEIGHT="43" WIDTH="11" VPOS="2088" HPOS="630"/>
                  <String HEIGHT="43"
                          WIDTH="107"
                          VPOS="2088"
                          HPOS="598"
                          CONTENT="igitur"/>
                  <SP HEIGHT="43" WIDTH="11" VPOS="2088" HPOS="705"/>
                  <String HEIGHT="43"
                          WIDTH="86"
                          VPOS="2088"
                          HPOS="673"
                          CONTENT="pari"/>
                  <SP HEIGHT="43" WIDTH="11" VPOS="2088" HPOS="759"/>
                  <String HEIGHT="43"
                          WIDTH="96"
                          VPOS="2088"
                          HPOS="716"
                          CONTENT="ratione"/>
               </TextLine>
            </TextBlock>
            <TextBlock ID="TextRegion_1604597334489_125"
                       HEIGHT="1953"
                       WIDTH="626"
                       VPOS="171"
                       HPOS="832">
               <Shape>
                  <Polygon POINTS="832,171 1458,171 1458,2124 832,2124"/>
               </Shape>
               <TextLine ID="r2l4"
                         BASELINE="274"
                         HEIGHT="50"
                         WIDTH="583"
                         VPOS="224"
                         HPOS="853">
                  <String HEIGHT="50" WIDTH="85" VPOS="224" HPOS="842" CONTENT="quia"/>
                  <SP HEIGHT="50" WIDTH="11" VPOS="224" HPOS="927"/>
                  <String HEIGHT="50"
                          WIDTH="127"
                          VPOS="224"
                          HPOS="895"
                          CONTENT="obiectum"/>
                  <SP HEIGHT="50" WIDTH="11" VPOS="224" HPOS="1023"/>
                  <String HEIGHT="50"
                          WIDTH="106"
                          VPOS="224"
                          HPOS="991"
                          CONTENT="primum"/>
                  <SP HEIGHT="50" WIDTH="11" VPOS="224" HPOS="1097"/>
                  <String HEIGHT="50" WIDTH="64" VPOS="224" HPOS="1065" CONTENT="et"/>
                  <SP HEIGHT="50" WIDTH="11" VPOS="224" HPOS="1129"/>
                  <String HEIGHT="50"
                          WIDTH="148"
                          VPOS="224"
                          HPOS="1097"
                          CONTENT="immediatum"/>
                  <SP HEIGHT="50" WIDTH="11" VPOS="224" HPOS="1245"/>
                  <String HEIGHT="50"
                          WIDTH="148"
                          VPOS="224"
                          HPOS="1213"
                          CONTENT="fruitionis"/>
                  <SP HEIGHT="50" WIDTH="11" VPOS="224" HPOS="1362"/>
                  <String HEIGHT="50" WIDTH="74" VPOS="224" HPOS="1330" CONTENT="vel"/>
                  <SP HEIGHT="50" WIDTH="11" VPOS="224" HPOS="1404"/>
                  <String HEIGHT="50"
                          WIDTH="74"
                          VPOS="224"
                          HPOS="1362"
                          CONTENT="visio"/>
               </TextLine>
               <TextLine ID="r2l6"
                         BASELINE="298"
                         HEIGHT="33"
                         WIDTH="594"
                         VPOS="265"
                         HPOS="845">
                  <String HEIGHT="33" WIDTH="78" VPOS="265" HPOS="834" CONTENT="nis"/>
                  <SP HEIGHT="33" WIDTH="11" VPOS="265" HPOS="912"/>
                  <String HEIGHT="33" WIDTH="78" VPOS="265" HPOS="879" CONTENT="tam"/>
                  <SP HEIGHT="33" WIDTH="11" VPOS="265" HPOS="957"/>
                  <String HEIGHT="33" WIDTH="67" VPOS="265" HPOS="923" CONTENT="in"/>
                  <SP HEIGHT="33" WIDTH="11" VPOS="265" HPOS="991"/>
                  <String HEIGHT="33"
                          WIDTH="134"
                          VPOS="265"
                          HPOS="957"
                          CONTENT="causando"/>
                  <SP HEIGHT="33" WIDTH="11" VPOS="265" HPOS="1092"/>
                  <String HEIGHT="33"
                          WIDTH="101"
                          VPOS="265"
                          HPOS="1058"
                          CONTENT="actus"/>
                  <SP HEIGHT="33" WIDTH="11" VPOS="265" HPOS="1159"/>
                  <String HEIGHT="33"
                          WIDTH="90"
                          VPOS="265"
                          HPOS="1125"
                          CONTENT="quam"/>
                  <SP HEIGHT="33" WIDTH="11" VPOS="265" HPOS="1215"/>
                  <String HEIGHT="33" WIDTH="67" VPOS="265" HPOS="1181" CONTENT="in"/>
                  <SP HEIGHT="33" WIDTH="11" VPOS="265" HPOS="1248"/>
                  <String HEIGHT="33"
                          WIDTH="123"
                          VPOS="265"
                          HPOS="1215"
                          CONTENT="creando"/>
                  <SP HEIGHT="33" WIDTH="11" VPOS="265" HPOS="1338"/>
                  <String HEIGHT="33" WIDTH="78" VPOS="265" HPOS="1305" CONTENT="est"/>
                  <SP HEIGHT="33" WIDTH="11" VPOS="265" HPOS="1383"/>
                  <String HEIGHT="33"
                          WIDTH="101"
                          VPOS="265"
                          HPOS="1338"
                          CONTENT="divini"
                          SUBS_TYPE="HypPart1"
                          SUBS_CONTENT="divinitas"/>
                  <HYP CONTENT="-"/>
               </TextLine>
               <TextLine ID="r2l8"
                         BASELINE="332"
                         HEIGHT="37"
                         WIDTH="590"
                         VPOS="295"
                         HPOS="851">
                  <String HEIGHT="37"
                          WIDTH="84"
                          VPOS="295"
                          HPOS="839"
                          CONTENT="tas"
                          SUBS_TYPE="HypPart2"
                          SUBS_CONTENT="divinitas"/>
                  <SP HEIGHT="37" WIDTH="12" VPOS="295" HPOS="923"/>
                  <String HEIGHT="37" WIDTH="96" VPOS="295" HPOS="887" CONTENT="ipsa"/>
                  <SP HEIGHT="37" WIDTH="12" VPOS="295" HPOS="983"/>
                  <String HEIGHT="37" WIDTH="84" VPOS="295" HPOS="947" CONTENT="vel"/>
                  <SP HEIGHT="37" WIDTH="12" VPOS="295" HPOS="1032"/>
                  <String HEIGHT="37"
                          WIDTH="132"
                          VPOS="295"
                          HPOS="995"
                          CONTENT="bonitas"/>
                  <SP HEIGHT="37" WIDTH="12" VPOS="295" HPOS="1128"/>
                  <String HEIGHT="37"
                          WIDTH="181"
                          VPOS="295"
                          HPOS="1092"
                          CONTENT="essentialis"/>
                  <SP HEIGHT="37" WIDTH="12" VPOS="295" HPOS="1272"/>
                  <String HEIGHT="37"
                          WIDTH="144"
                          VPOS="295"
                          HPOS="1236"
                          CONTENT="communis"/>
                  <SP HEIGHT="37" WIDTH="12" VPOS="295" HPOS="1381"/>
                  <String HEIGHT="37"
                          WIDTH="108"
                          VPOS="295"
                          HPOS="1333"
                          CONTENT="omnibus"/>
               </TextLine>
               <TextLine ID="r2l10"
                         BASELINE="363"
                         HEIGHT="38"
                         WIDTH="599"
                         VPOS="325"
                         HPOS="844">
                  <String HEIGHT="38"
                          WIDTH="144"
                          VPOS="325"
                          HPOS="832"
                          CONTENT="personis"/>
                  <SP HEIGHT="38" WIDTH="12" VPOS="325" HPOS="976"/>
                  <String HEIGHT="38" WIDTH="84" VPOS="325" HPOS="940" CONTENT="nec"/>
                  <SP HEIGHT="38" WIDTH="12" VPOS="325" HPOS="1024"/>
                  <String HEIGHT="38" WIDTH="84" VPOS="325" HPOS="988" CONTENT="est"/>
                  <SP HEIGHT="38" WIDTH="12" VPOS="325" HPOS="1072"/>
                  <String HEIGHT="38"
                          WIDTH="120"
                          VPOS="325"
                          HPOS="1036"
                          CONTENT="aliqua"/>
                  <SP HEIGHT="38" WIDTH="12" VPOS="325" HPOS="1155"/>
                  <String HEIGHT="38"
                          WIDTH="132"
                          VPOS="325"
                          HPOS="1120"
                          CONTENT="persona"/>
                  <SP HEIGHT="38" WIDTH="12" VPOS="325" HPOS="1251"/>
                  <String HEIGHT="38"
                          WIDTH="156"
                          VPOS="325"
                          HPOS="1215"
                          CONTENT="fruibilis"/>
                  <SP HEIGHT="38" WIDTH="12" VPOS="325" HPOS="1371"/>
                  <String HEIGHT="38"
                          WIDTH="96"
                          VPOS="325"
                          HPOS="1335"
                          CONTENT="nisi"/>
                  <SP HEIGHT="38" WIDTH="12" VPOS="325" HPOS="1431"/>
                  <String HEIGHT="38" WIDTH="60" VPOS="325" HPOS="1383" CONTENT="per"/>
               </TextLine>
               <TextLine ID="r2l12"
                         BASELINE="389"
                         HEIGHT="34"
                         WIDTH="584"
                         VPOS="355"
                         HPOS="850">
                  <String HEIGHT="34"
                          WIDTH="72"
                          VPOS="355"
                          HPOS="842"
                          CONTENT="istam"/>
                  <SP HEIGHT="34" WIDTH="8" VPOS="355" HPOS="914"/>
                  <String HEIGHT="34"
                          WIDTH="96"
                          VPOS="355"
                          HPOS="890"
                          CONTENT="scilicet"/>
                  <SP HEIGHT="34" WIDTH="8" VPOS="355" HPOS="986"/>
                  <String HEIGHT="34"
                          WIDTH="96"
                          VPOS="355"
                          HPOS="962"
                          CONTENT="deitatem"/>
                  <SP HEIGHT="34" WIDTH="8" VPOS="355" HPOS="1058"/>
                  <String HEIGHT="34"
                          WIDTH="96"
                          VPOS="355"
                          HPOS="1034"
                          CONTENT="sequitur"/>
                  <SP HEIGHT="34" WIDTH="8" VPOS="355" HPOS="1130"/>
                  <String HEIGHT="34"
                          WIDTH="64"
                          VPOS="355"
                          HPOS="1106"
                          CONTENT="quod"/>
                  <SP HEIGHT="34" WIDTH="8" VPOS="355" HPOS="1170"/>
                  <String HEIGHT="34"
                          WIDTH="104"
                          VPOS="355"
                          HPOS="1146"
                          CONTENT="quaelibet"/>
                  <SP HEIGHT="34" WIDTH="8" VPOS="355" HPOS="1250"/>
                  <String HEIGHT="34"
                          WIDTH="64"
                          VPOS="355"
                          HPOS="1226"
                          CONTENT="erit"/>
                  <SP HEIGHT="34" WIDTH="8" VPOS="355" HPOS="1290"/>
                  <String HEIGHT="34"
                          WIDTH="96"
                          VPOS="355"
                          HPOS="1266"
                          CONTENT="obiectum"/>
                  <SP HEIGHT="34" WIDTH="8" VPOS="355" HPOS="1362"/>
                  <String HEIGHT="34"
                          WIDTH="72"
                          VPOS="355"
                          HPOS="1338"
                          CONTENT="sicut"/>
                  <SP HEIGHT="34" WIDTH="8" VPOS="355" HPOS="1410"/>
                  <String HEIGHT="34"
                          WIDTH="56"
                          VPOS="355"
                          HPOS="1378"
                          CONTENT="alia."/>
               </TextLine>
               <TextLine ID="r2l14"
                         BASELINE="415"
                         HEIGHT="31"
                         WIDTH="591"
                         VPOS="384"
                         HPOS="854">
                  <String HEIGHT="31"
                          WIDTH="142"
                          VPOS="384"
                          HPOS="842"
                          CONTENT="Preterea"/>
                  <SP HEIGHT="31" WIDTH="12" VPOS="384" HPOS="984"/>
                  <String HEIGHT="31" WIDTH="83" VPOS="384" HPOS="949" CONTENT="non"/>
                  <SP HEIGHT="31" WIDTH="12" VPOS="384" HPOS="1031"/>
                  <String HEIGHT="31" WIDTH="83" VPOS="384" HPOS="996" CONTENT="est"/>
                  <SP HEIGHT="31" WIDTH="12" VPOS="384" HPOS="1079"/>
                  <String HEIGHT="31"
                          WIDTH="154"
                          VPOS="384"
                          HPOS="1043"
                          CONTENT="possibile"/>
                  <SP HEIGHT="31" WIDTH="12" VPOS="384" HPOS="1197"/>
                  <String HEIGHT="31"
                          WIDTH="95"
                          VPOS="384"
                          HPOS="1161"
                          CONTENT="quod"/>
                  <SP HEIGHT="31" WIDTH="12" VPOS="384" HPOS="1256"/>
                  <String HEIGHT="31"
                          WIDTH="130"
                          VPOS="384"
                          HPOS="1220"
                          CONTENT="aliquis"/>
                  <SP HEIGHT="31" WIDTH="12" VPOS="384" HPOS="1350"/>
                  <String HEIGHT="31"
                          WIDTH="130"
                          VPOS="384"
                          HPOS="1315"
                          CONTENT="fruatur"/>
                  <SP HEIGHT="31" WIDTH="12" VPOS="384" HPOS="1445"/>
                  <String HEIGHT="31"
                          WIDTH="47"
                          VPOS="384"
                          HPOS="1398"
                          CONTENT="a"
                          SUBS_TYPE="HypPart1"
                          SUBS_CONTENT="aliquo"/>
                  <HYP CONTENT="-"/>
               </TextLine>
               <TextLine ID="r2l16"
                         BASELINE="448"
                         HEIGHT="39"
                         WIDTH="594"
                         VPOS="409"
                         HPOS="843">
                  <String HEIGHT="39"
                          WIDTH="103"
                          VPOS="409"
                          HPOS="832"
                          CONTENT="liquo"
                          SUBS_TYPE="HypPart2"
                          SUBS_CONTENT="aliquo"/>
                  <SP HEIGHT="39" WIDTH="11" VPOS="409" HPOS="934"/>
                  <String HEIGHT="39" WIDTH="91" VPOS="409" HPOS="900" CONTENT="nisi"/>
                  <SP HEIGHT="39" WIDTH="11" VPOS="409" HPOS="992"/>
                  <String HEIGHT="39"
                          WIDTH="103"
                          VPOS="409"
                          HPOS="957"
                          CONTENT="illud"/>
                  <SP HEIGHT="39" WIDTH="11" VPOS="409" HPOS="1060"/>
                  <String HEIGHT="39"
                          WIDTH="137"
                          VPOS="409"
                          HPOS="1026"
                          CONTENT="alliciat"/>
                  <SP HEIGHT="39" WIDTH="11" VPOS="409" HPOS="1163"/>
                  <String HEIGHT="39"
                          WIDTH="103"
                          VPOS="409"
                          HPOS="1129"
                          CONTENT="ipsum"/>
                  <SP HEIGHT="39" WIDTH="11" VPOS="409" HPOS="1231"/>
                  <String HEIGHT="39" WIDTH="80" VPOS="409" HPOS="1197" CONTENT="per"/>
                  <SP HEIGHT="39" WIDTH="11" VPOS="409" HPOS="1277"/>
                  <String HEIGHT="39"
                          WIDTH="103"
                          VPOS="409"
                          HPOS="1243"
                          CONTENT="modum"/>
                  <SP HEIGHT="39" WIDTH="11" VPOS="409" HPOS="1346"/>
                  <String HEIGHT="39"
                          WIDTH="103"
                          VPOS="409"
                          HPOS="1311"
                          CONTENT="finis"/>
                  <SP HEIGHT="39" WIDTH="11" VPOS="409" HPOS="1414"/>
                  <String HEIGHT="39" WIDTH="80" VPOS="409" HPOS="1380" CONTENT="sed"/>
                  <SP HEIGHT="39" WIDTH="11" VPOS="409" HPOS="1460"/>
                  <String HEIGHT="39" WIDTH="23" VPOS="409" HPOS="1414" CONTENT=""/>
               </TextLine>
               <TextLine ID="r2l18"
                         BASELINE="472"
                         HEIGHT="32"
                         WIDTH="590"
                         VPOS="440"
                         HPOS="844">
                  <String HEIGHT="32"
                          WIDTH="113"
                          VPOS="440"
                          HPOS="831"
                          CONTENT="nulla"/>
                  <SP HEIGHT="32" WIDTH="13" VPOS="440" HPOS="944"/>
                  <String HEIGHT="32"
                          WIDTH="138"
                          VPOS="440"
                          HPOS="907"
                          CONTENT="persona"/>
                  <SP HEIGHT="32" WIDTH="13" VPOS="440" HPOS="1045"/>
                  <String HEIGHT="32"
                          WIDTH="126"
                          VPOS="440"
                          HPOS="1007"
                          CONTENT="potest"/>
                  <SP HEIGHT="32" WIDTH="13" VPOS="440" HPOS="1133"/>
                  <String HEIGHT="32"
                          WIDTH="176"
                          VPOS="440"
                          HPOS="1095"
                          CONTENT="voluntatem"/>
                  <SP HEIGHT="32" WIDTH="13" VPOS="440" HPOS="1271"/>
                  <String HEIGHT="32"
                          WIDTH="151"
                          VPOS="440"
                          HPOS="1233"
                          CONTENT="allicere"/>
                  <SP HEIGHT="32" WIDTH="13" VPOS="440" HPOS="1384"/>
                  <String HEIGHT="32" WIDTH="88" VPOS="440" HPOS="1346" CONTENT="per"/>
                  <SP HEIGHT="32" WIDTH="13" VPOS="440" HPOS="1434"/>
                  <String HEIGHT="32" WIDTH="50" VPOS="440" HPOS="1384" CONTENT="mo"/>
               </TextLine>
               <TextLine ID="r2l19"
                         BASELINE="499"
                         HEIGHT="32"
                         WIDTH="590"
                         VPOS="467"
                         HPOS="844">
                  <String HEIGHT="32" WIDTH="81" VPOS="467" HPOS="832" CONTENT="dum"/>
                  <SP HEIGHT="32" WIDTH="12" VPOS="467" HPOS="913"/>
                  <String HEIGHT="32"
                          WIDTH="104"
                          VPOS="467"
                          HPOS="879"
                          CONTENT="finis"/>
                  <SP HEIGHT="32" WIDTH="12" VPOS="467" HPOS="983"/>
                  <String HEIGHT="32" WIDTH="93" VPOS="467" HPOS="948" CONTENT="nisi"/>
                  <SP HEIGHT="32" WIDTH="12" VPOS="467" HPOS="1041"/>
                  <String HEIGHT="32"
                          WIDTH="93"
                          VPOS="467"
                          HPOS="1006"
                          CONTENT="tunc"/>
                  <SP HEIGHT="32" WIDTH="12" VPOS="467" HPOS="1099"/>
                  <String HEIGHT="32"
                          WIDTH="93"
                          VPOS="467"
                          HPOS="1064"
                          CONTENT="alia"/>
                  <SP HEIGHT="32" WIDTH="12" VPOS="467" HPOS="1156"/>
                  <String HEIGHT="32"
                          WIDTH="150"
                          VPOS="467"
                          HPOS="1122"
                          CONTENT="similiter"/>
                  <SP HEIGHT="32" WIDTH="12" VPOS="467" HPOS="1272"/>
                  <String HEIGHT="32"
                          WIDTH="139"
                          VPOS="467"
                          HPOS="1237"
                          CONTENT="alliciat"/>
                  <SP HEIGHT="32" WIDTH="12" VPOS="467" HPOS="1376"/>
                  <String HEIGHT="32" WIDTH="81" VPOS="467" HPOS="1341" CONTENT="per"/>
                  <SP HEIGHT="32" WIDTH="12" VPOS="467" HPOS="1422"/>
                  <String HEIGHT="32"
                          WIDTH="58"
                          VPOS="467"
                          HPOS="1376"
                          CONTENT="mo"
                          SUBS_TYPE="HypPart1"
                          SUBS_CONTENT="modum"/>
                  <HYP CONTENT="-"/>
               </TextLine>
               <TextLine ID="r2l22"
                         BASELINE="530"
                         HEIGHT="34"
                         WIDTH="589"
                         VPOS="496"
                         HPOS="848">
                  <String HEIGHT="34"
                          WIDTH="76"
                          VPOS="496"
                          HPOS="837"
                          CONTENT="dum"
                          SUBS_TYPE="HypPart2"
                          SUBS_CONTENT="modum"/>
                  <SP HEIGHT="34" WIDTH="11" VPOS="496" HPOS="913"/>
                  <String HEIGHT="34"
                          WIDTH="98"
                          VPOS="496"
                          HPOS="881"
                          CONTENT="finis"/>
                  <SP HEIGHT="34" WIDTH="11" VPOS="496" HPOS="979"/>
                  <String HEIGHT="34" WIDTH="87" VPOS="496" HPOS="946" CONTENT="quia"/>
                  <SP HEIGHT="34" WIDTH="11" VPOS="496" HPOS="1033"/>
                  <String HEIGHT="34" WIDTH="76" VPOS="496" HPOS="1001" CONTENT="non"/>
                  <SP HEIGHT="34" WIDTH="11" VPOS="496" HPOS="1077"/>
                  <String HEIGHT="34" WIDTH="76" VPOS="496" HPOS="1044" CONTENT="est"/>
                  <SP HEIGHT="34" WIDTH="11" VPOS="496" HPOS="1121"/>
                  <String HEIGHT="34"
                          WIDTH="87"
                          VPOS="496"
                          HPOS="1088"
                          CONTENT="plus"/>
                  <SP HEIGHT="34" WIDTH="11" VPOS="496" HPOS="1175"/>
                  <String HEIGHT="34"
                          WIDTH="142"
                          VPOS="496"
                          HPOS="1143"
                          CONTENT="possibile"/>
                  <SP HEIGHT="34" WIDTH="11" VPOS="496" HPOS="1284"/>
                  <String HEIGHT="34"
                          WIDTH="87"
                          VPOS="496"
                          HPOS="1252"
                          CONTENT="quod"/>
                  <SP HEIGHT="34" WIDTH="11" VPOS="496" HPOS="1339"/>
                  <String HEIGHT="34" WIDTH="76" VPOS="496" HPOS="1306" CONTENT="vna"/>
                  <SP HEIGHT="34" WIDTH="11" VPOS="496" HPOS="1382"/>
                  <String HEIGHT="34"
                          WIDTH="98"
                          VPOS="496"
                          HPOS="1339"
                          CONTENT="persona"/>
               </TextLine>
               <TextLine ID="r2l24"
                         BASELINE="559"
                         HEIGHT="36"
                         WIDTH="588"
                         VPOS="523"
                         HPOS="844">
                  <String HEIGHT="36" WIDTH="76" VPOS="523" HPOS="833" CONTENT="sit"/>
                  <SP HEIGHT="36" WIDTH="11" VPOS="523" HPOS="909"/>
                  <String HEIGHT="36"
                          WIDTH="98"
                          VPOS="523"
                          HPOS="877"
                          CONTENT="causa"/>
                  <SP HEIGHT="36" WIDTH="11" VPOS="523" HPOS="975"/>
                  <String HEIGHT="36"
                          WIDTH="120"
                          VPOS="523"
                          HPOS="942"
                          CONTENT="finalis"/>
                  <SP HEIGHT="36" WIDTH="11" VPOS="523" HPOS="1062"/>
                  <String HEIGHT="36"
                          WIDTH="131"
                          VPOS="523"
                          HPOS="1029"
                          CONTENT="alicuius"/>
                  <SP HEIGHT="36" WIDTH="11" VPOS="523" HPOS="1160"/>
                  <String HEIGHT="36"
                          WIDTH="131"
                          VPOS="523"
                          HPOS="1127"
                          CONTENT="effectus"/>
                  <SP HEIGHT="36" WIDTH="11" VPOS="523" HPOS="1258"/>
                  <String HEIGHT="36"
                          WIDTH="87"
                          VPOS="523"
                          HPOS="1225"
                          CONTENT="sine"/>
                  <SP HEIGHT="36" WIDTH="11" VPOS="523" HPOS="1312"/>
                  <String HEIGHT="36"
                          WIDTH="87"
                          VPOS="523"
                          HPOS="1280"
                          CONTENT="alia"/>
                  <SP HEIGHT="36" WIDTH="11" VPOS="523" HPOS="1367"/>
                  <String HEIGHT="36"
                          WIDTH="87"
                          VPOS="523"
                          HPOS="1334"
                          CONTENT="quam"/>
                  <SP HEIGHT="36" WIDTH="11" VPOS="523" HPOS="1421"/>
                  <String HEIGHT="36" WIDTH="54" VPOS="523" HPOS="1378" CONTENT="vna"/>
               </TextLine>
               <TextLine ID="r2l26"
                         BASELINE="588"
                         HEIGHT="36"
                         WIDTH="599"
                         VPOS="552"
                         HPOS="844">
                  <String HEIGHT="36" WIDTH="79" VPOS="552" HPOS="833" CONTENT="sit"/>
                  <SP HEIGHT="36" WIDTH="11" VPOS="552" HPOS="912"/>
                  <String HEIGHT="36"
                          WIDTH="147"
                          VPOS="552"
                          HPOS="878"
                          CONTENT="efficiens"/>
                  <SP HEIGHT="36" WIDTH="11" VPOS="552" HPOS="1025"/>
                  <String HEIGHT="36" WIDTH="90" VPOS="552" HPOS="991" CONTENT="sine"/>
                  <SP HEIGHT="36" WIDTH="11" VPOS="552" HPOS="1081"/>
                  <String HEIGHT="36"
                          WIDTH="90"
                          VPOS="552"
                          HPOS="1047"
                          CONTENT="alia"/>
                  <SP HEIGHT="36" WIDTH="11" VPOS="552" HPOS="1138"/>
                  <String HEIGHT="36" WIDTH="79" VPOS="552" HPOS="1104" CONTENT="sed"/>
                  <SP HEIGHT="36" WIDTH="11" VPOS="552" HPOS="1183"/>
                  <String HEIGHT="36"
                          WIDTH="102"
                          VPOS="552"
                          HPOS="1149"
                          CONTENT="opera"/>
                  <SP HEIGHT="36" WIDTH="11" VPOS="552" HPOS="1251"/>
                  <String HEIGHT="36"
                          WIDTH="158"
                          VPOS="552"
                          HPOS="1217"
                          CONTENT="trinitatis"/>
                  <SP HEIGHT="36" WIDTH="11" VPOS="552" HPOS="1375"/>
                  <String HEIGHT="36" WIDTH="68" VPOS="552" HPOS="1341" CONTENT="ad"/>
                  <SP HEIGHT="36" WIDTH="11" VPOS="552" HPOS="1409"/>
                  <String HEIGHT="36"
                          WIDTH="79"
                          VPOS="552"
                          HPOS="1364"
                          CONTENT="extra"/>
               </TextLine>
               <TextLine ID="r2l28"
                         BASELINE="613"
                         HEIGHT="31"
                         WIDTH="592"
                         VPOS="582"
                         HPOS="844">
                  <String HEIGHT="31" WIDTH="89" VPOS="582" HPOS="833" CONTENT="sunt"/>
                  <SP HEIGHT="31" WIDTH="11" VPOS="582" HPOS="922"/>
                  <String HEIGHT="31"
                          WIDTH="134"
                          VPOS="582"
                          HPOS="889"
                          CONTENT="indiuisa"/>
                  <SP HEIGHT="31" WIDTH="11" VPOS="582" HPOS="1023"/>
                  <String HEIGHT="31"
                          WIDTH="123"
                          VPOS="582"
                          HPOS="989"
                          CONTENT="igitur."/>
                  <SP HEIGHT="31" WIDTH="11" VPOS="582" HPOS="1112"/>
                  <String HEIGHT="31"
                          WIDTH="145"
                          VPOS="582"
                          HPOS="1079"
                          CONTENT="Praeterea"/>
                  <SP HEIGHT="31" WIDTH="11" VPOS="582" HPOS="1224"/>
                  <String HEIGHT="31"
                          WIDTH="112"
                          VPOS="582"
                          HPOS="1190"
                          CONTENT="aliter"/>
                  <SP HEIGHT="31" WIDTH="11" VPOS="582" HPOS="1302"/>
                  <String HEIGHT="31"
                          WIDTH="112"
                          VPOS="582"
                          HPOS="1268"
                          CONTENT="posset"/>
                  <SP HEIGHT="31" WIDTH="11" VPOS="582" HPOS="1380"/>
                  <String HEIGHT="31"
                          WIDTH="101"
                          VPOS="582"
                          HPOS="1335"
                          CONTENT="persona"/>
               </TextLine>
               <TextLine ID="r2l30"
                         BASELINE="646"
                         HEIGHT="36"
                         WIDTH="592"
                         VPOS="610"
                         HPOS="845">
                  <String HEIGHT="36"
                          WIDTH="116"
                          VPOS="610"
                          HPOS="833"
                          CONTENT="diuina"/>
                  <SP HEIGHT="36" WIDTH="12" VPOS="610" HPOS="949"/>
                  <String HEIGHT="36" WIDTH="93" VPOS="610" HPOS="915" CONTENT="esse"/>
                  <SP HEIGHT="36" WIDTH="12" VPOS="610" HPOS="1008"/>
                  <String HEIGHT="36"
                          WIDTH="128"
                          VPOS="610"
                          HPOS="973"
                          CONTENT="finalis"/>
                  <SP HEIGHT="36" WIDTH="12" VPOS="610" HPOS="1100"/>
                  <String HEIGHT="36" WIDTH="70" VPOS="610" HPOS="1066" CONTENT="et"/>
                  <SP HEIGHT="36" WIDTH="12" VPOS="610" HPOS="1135"/>
                  <String HEIGHT="36"
                          WIDTH="104"
                          VPOS="610"
                          HPOS="1100"
                          CONTENT="summa"/>
                  <SP HEIGHT="36" WIDTH="12" VPOS="610" HPOS="1205"/>
                  <String HEIGHT="36"
                          WIDTH="151"
                          VPOS="610"
                          HPOS="1170"
                          CONTENT="beatitudo"/>
                  <SP HEIGHT="36" WIDTH="12" VPOS="610" HPOS="1321"/>
                  <String HEIGHT="36"
                          WIDTH="139"
                          VPOS="610"
                          HPOS="1286"
                          CONTENT="alicuius"/>
                  <SP HEIGHT="36" WIDTH="12" VPOS="610" HPOS="1425"/>
                  <String HEIGHT="36"
                          WIDTH="58"
                          VPOS="610"
                          HPOS="1379"
                          CONTENT="si"
                          SUBS_TYPE="HypPart1"
                          SUBS_CONTENT="sine"/>
                  <HYP CONTENT="-"/>
               </TextLine>
               <TextLine ID="r2l32"
                         BASELINE="671"
                         HEIGHT="31"
                         WIDTH="599"
                         VPOS="640"
                         HPOS="841">
                  <String HEIGHT="31"
                          WIDTH="51"
                          VPOS="640"
                          HPOS="832"
                          CONTENT="ne"
                          SUBS_TYPE="HypPart2"
                          SUBS_CONTENT="sine"/>
                  <SP HEIGHT="31" WIDTH="9" VPOS="640" HPOS="884"/>
                  <String HEIGHT="31" WIDTH="68" VPOS="640" HPOS="858" CONTENT="alia"/>
                  <SP HEIGHT="31" WIDTH="9" VPOS="640" HPOS="927"/>
                  <String HEIGHT="31"
                          WIDTH="120"
                          VPOS="640"
                          HPOS="901"
                          CONTENT="consequens"/>
                  <SP HEIGHT="31" WIDTH="9" VPOS="640" HPOS="1021"/>
                  <String HEIGHT="31" WIDTH="60" VPOS="640" HPOS="995" CONTENT="est"/>
                  <SP HEIGHT="31" WIDTH="9" VPOS="640" HPOS="1055"/>
                  <String HEIGHT="31"
                          WIDTH="137"
                          VPOS="640"
                          HPOS="1029"
                          CONTENT="inconveniens"/>
                  <SP HEIGHT="31" WIDTH="9" VPOS="640" HPOS="1166"/>
                  <String HEIGHT="31"
                          WIDTH="137"
                          VPOS="640"
                          HPOS="1141"
                          CONTENT="consequentia"/>
                  <SP HEIGHT="31" WIDTH="9" VPOS="640" HPOS="1277"/>
                  <String HEIGHT="31"
                          WIDTH="77"
                          VPOS="640"
                          HPOS="1252"
                          CONTENT="patet"/>
                  <SP HEIGHT="31" WIDTH="9" VPOS="640" HPOS="1329"/>
                  <String HEIGHT="31"
                          WIDTH="68"
                          VPOS="640"
                          HPOS="1303"
                          CONTENT="quia"/>
                  <SP HEIGHT="31" WIDTH="9" VPOS="640" HPOS="1372"/>
                  <String HEIGHT="31" WIDTH="60" VPOS="640" HPOS="1346" CONTENT="qua"/>
                  <SP HEIGHT="31" WIDTH="9" VPOS="640" HPOS="1406"/>
                  <String HEIGHT="31"
                          WIDTH="68"
                          VPOS="640"
                          HPOS="1372"
                          CONTENT="ratio"
                          SUBS_TYPE="HypPart1"
                          SUBS_CONTENT="ratione"/>
                  <HYP CONTENT="-"/>
               </TextLine>
               <TextLine ID="r2l34"
                         BASELINE="698"
                         HEIGHT="31"
                         WIDTH="588"
                         VPOS="667"
                         HPOS="848">
                  <String HEIGHT="31"
                          WIDTH="72"
                          VPOS="667"
                          HPOS="836"
                          CONTENT="ne"
                          SUBS_TYPE="HypPart2"
                          SUBS_CONTENT="ratione"/>
                  <SP HEIGHT="31" WIDTH="12" VPOS="667" HPOS="908"/>
                  <String HEIGHT="31" WIDTH="84" VPOS="667" HPOS="872" CONTENT="vno"/>
                  <SP HEIGHT="31" WIDTH="12" VPOS="667" HPOS="956"/>
                  <String HEIGHT="31"
                          WIDTH="108"
                          VPOS="667"
                          HPOS="920"
                          CONTENT="gradu"/>
                  <SP HEIGHT="31" WIDTH="12" VPOS="667" HPOS="1028"/>
                  <String HEIGHT="31"
                          WIDTH="168"
                          VPOS="667"
                          HPOS="992"
                          CONTENT="fruitionis"/>
                  <SP HEIGHT="31" WIDTH="12" VPOS="667" HPOS="1160"/>
                  <String HEIGHT="31"
                          WIDTH="96"
                          VPOS="667"
                          HPOS="1124"
                          CONTENT="pari"/>
                  <SP HEIGHT="31" WIDTH="12" VPOS="667" HPOS="1220"/>
                  <String HEIGHT="31"
                          WIDTH="132"
                          VPOS="667"
                          HPOS="1184"
                          CONTENT="ratione"/>
                  <SP HEIGHT="31" WIDTH="12" VPOS="667" HPOS="1316"/>
                  <String HEIGHT="31" WIDTH="72" VPOS="667" HPOS="1280" CONTENT="in"/>
                  <SP HEIGHT="31" WIDTH="12" VPOS="667" HPOS="1352"/>
                  <String HEIGHT="31"
                          WIDTH="96"
                          VPOS="667"
                          HPOS="1316"
                          CONTENT="omni"/>
                  <SP HEIGHT="31" WIDTH="12" VPOS="667" HPOS="1412"/>
                  <String HEIGHT="31"
                          WIDTH="72"
                          VPOS="667"
                          HPOS="1364"
                          CONTENT="illi"/>
               </TextLine>
               <TextLine ID="r2l36"
                         BASELINE="731"
                         HEIGHT="36"
                         WIDTH="602"
                         VPOS="695"
                         HPOS="844">
                  <String HEIGHT="36" WIDTH="69" VPOS="695" HPOS="832" CONTENT="us"/>
                  <SP HEIGHT="36" WIDTH="12" VPOS="695" HPOS="902"/>
                  <String HEIGHT="36"
                          WIDTH="127"
                          VPOS="695"
                          HPOS="867"
                          CONTENT="speciei"/>
                  <SP HEIGHT="36" WIDTH="12" VPOS="695" HPOS="995"/>
                  <String HEIGHT="36" WIDTH="69" VPOS="695" HPOS="960" CONTENT="et"/>
                  <SP HEIGHT="36" WIDTH="12" VPOS="695" HPOS="1029"/>
                  <String HEIGHT="36"
                          WIDTH="151"
                          VPOS="695"
                          HPOS="995"
                          CONTENT="similiter"/>
                  <SP HEIGHT="36" WIDTH="12" VPOS="695" HPOS="1145"/>
                  <String HEIGHT="36" WIDTH="81" VPOS="695" HPOS="1110" CONTENT="vna"/>
                  <SP HEIGHT="36" WIDTH="12" VPOS="695" HPOS="1191"/>
                  <String HEIGHT="36" WIDTH="81" VPOS="695" HPOS="1157" CONTENT="est"/>
                  <SP HEIGHT="36" WIDTH="12" VPOS="695" HPOS="1238"/>
                  <String HEIGHT="36" WIDTH="81" VPOS="695" HPOS="1203" CONTENT="ita"/>
                  <SP HEIGHT="36" WIDTH="12" VPOS="695" HPOS="1284"/>
                  <String HEIGHT="36"
                          WIDTH="93"
                          VPOS="695"
                          HPOS="1249"
                          CONTENT="bona"/>
                  <SP HEIGHT="36" WIDTH="12" VPOS="695" HPOS="1342"/>
                  <String HEIGHT="36"
                          WIDTH="139"
                          VPOS="695"
                          HPOS="1307"
                          CONTENT="bonitate"/>
                  <SP HEIGHT="36" WIDTH="12" VPOS="695" HPOS="1446"/>
                  <String HEIGHT="36" WIDTH="46" VPOS="695" HPOS="1400" CONTENT="es"/>
               </TextLine>
               <TextLine ID="r2l38"
                         BASELINE="755"
                         HEIGHT="32"
                         WIDTH="591"
                         VPOS="723"
                         HPOS="845">
                  <String HEIGHT="32"
                          WIDTH="129"
                          VPOS="723"
                          HPOS="834"
                          CONTENT="sentiali"/>
                  <SP HEIGHT="32" WIDTH="11" VPOS="723" HPOS="963"/>
                  <String HEIGHT="32"
                          WIDTH="97"
                          VPOS="723"
                          HPOS="931"
                          CONTENT="sicut"/>
                  <SP HEIGHT="32" WIDTH="11" VPOS="723" HPOS="1028"/>
                  <String HEIGHT="32"
                          WIDTH="97"
                          VPOS="723"
                          HPOS="995"
                          CONTENT="omnis"/>
                  <SP HEIGHT="32" WIDTH="11" VPOS="723" HPOS="1092"/>
                  <String HEIGHT="32"
                          WIDTH="129"
                          VPOS="723"
                          HPOS="1060"
                          CONTENT="Preterea"/>
                  <SP HEIGHT="32" WIDTH="11" VPOS="723" HPOS="1189"/>
                  <String HEIGHT="32"
                          WIDTH="97"
                          VPOS="723"
                          HPOS="1157"
                          CONTENT="probo"/>
                  <SP HEIGHT="32" WIDTH="11" VPOS="723" HPOS="1253"/>
                  <String HEIGHT="32" WIDTH="75" VPOS="723" HPOS="1221" CONTENT="hoc"/>
                  <SP HEIGHT="32" WIDTH="11" VPOS="723" HPOS="1296"/>
                  <String HEIGHT="32" WIDTH="75" VPOS="723" HPOS="1264" CONTENT="per"/>
                  <SP HEIGHT="32" WIDTH="11" VPOS="723" HPOS="1339"/>
                  <String HEIGHT="32"
                          WIDTH="150"
                          VPOS="723"
                          HPOS="1307"
                          CONTENT="argumentum"/>
                  <SP HEIGHT="32" WIDTH="11" VPOS="723" HPOS="1457"/>
                  <String HEIGHT="32" WIDTH="21" VPOS="723" HPOS="1415" CONTENT=""/>
               </TextLine>
               <TextLine ID="r2l40"
                         BASELINE="788"
                         HEIGHT="35"
                         WIDTH="593"
                         VPOS="753"
                         HPOS="847">
                  <String HEIGHT="35"
                          WIDTH="121"
                          VPOS="753"
                          HPOS="836"
                          CONTENT="commune"/>
                  <SP HEIGHT="35" WIDTH="11" VPOS="753" HPOS="957"/>
                  <String HEIGHT="35"
                          WIDTH="99"
                          VPOS="753"
                          HPOS="924"
                          CONTENT="quasi"/>
                  <SP HEIGHT="35" WIDTH="11" VPOS="753" HPOS="1023"/>
                  <String HEIGHT="35"
                          WIDTH="121"
                          VPOS="753"
                          HPOS="990"
                          CONTENT="omnibus"/>
                  <SP HEIGHT="35" WIDTH="11" VPOS="753" HPOS="1111"/>
                  <String HEIGHT="35"
                          WIDTH="198"
                          VPOS="753"
                          HPOS="1078"
                          CONTENT="conclusionibus"/>
                  <SP HEIGHT="35" WIDTH="11" VPOS="753" HPOS="1275"/>
                  <String HEIGHT="35"
                          WIDTH="99"
                          VPOS="753"
                          HPOS="1242"
                          CONTENT="simul"/>
                  <SP HEIGHT="35" WIDTH="11" VPOS="753" HPOS="1341"/>
                  <String HEIGHT="35"
                          WIDTH="88"
                          VPOS="753"
                          HPOS="1308"
                          CONTENT="quia"/>
                  <SP HEIGHT="35" WIDTH="11" VPOS="753" HPOS="1396"/>
                  <String HEIGHT="35"
                          WIDTH="88"
                          VPOS="753"
                          HPOS="1352"
                          CONTENT="nullus"/>
               </TextLine>
               <TextLine ID="r2l42"
                         BASELINE="812"
                         HEIGHT="31"
                         WIDTH="594"
                         VPOS="781"
                         HPOS="847">
                  <String HEIGHT="31"
                          WIDTH="112"
                          VPOS="781"
                          HPOS="836"
                          CONTENT="potest"/>
                  <SP HEIGHT="31" WIDTH="11" VPOS="781" HPOS="948"/>
                  <String HEIGHT="31" WIDTH="90" VPOS="781" HPOS="914" CONTENT="esse"/>
                  <SP HEIGHT="31" WIDTH="11" VPOS="781" HPOS="1004"/>
                  <String HEIGHT="31"
                          WIDTH="101"
                          VPOS="781"
                          HPOS="970"
                          CONTENT="actus"/>
                  <SP HEIGHT="31" WIDTH="11" VPOS="781" HPOS="1071"/>
                  <String HEIGHT="31"
                          WIDTH="157"
                          VPOS="781"
                          HPOS="1038"
                          CONTENT="fruitionis"/>
                  <SP HEIGHT="31" WIDTH="11" VPOS="781" HPOS="1194"/>
                  <String HEIGHT="31"
                          WIDTH="134"
                          VPOS="781"
                          HPOS="1161"
                          CONTENT="alicuius"/>
                  <SP HEIGHT="31" WIDTH="11" VPOS="781" HPOS="1295"/>
                  <String HEIGHT="31"
                          WIDTH="123"
                          VPOS="781"
                          HPOS="1262"
                          CONTENT="persone"/>
                  <SP HEIGHT="31" WIDTH="11" VPOS="781" HPOS="1385"/>
                  <String HEIGHT="31" WIDTH="78" VPOS="781" HPOS="1351" CONTENT="qui"/>
                  <SP HEIGHT="31" WIDTH="11" VPOS="781" HPOS="1430"/>
                  <String HEIGHT="31" WIDTH="56" VPOS="781" HPOS="1385" CONTENT="pos"/>
               </TextLine>
               <TextLine ID="r2l44"
                         BASELINE="840"
                         HEIGHT="30"
                         WIDTH="600"
                         VPOS="810"
                         HPOS="845">
                  <String HEIGHT="30" WIDTH="76" VPOS="810" HPOS="834" CONTENT="sit"/>
                  <SP HEIGHT="30" WIDTH="11" VPOS="810" HPOS="910"/>
                  <String HEIGHT="30"
                          WIDTH="120"
                          VPOS="810"
                          HPOS="878"
                          CONTENT="fruitio"/>
                  <SP HEIGHT="30" WIDTH="11" VPOS="810" HPOS="998"/>
                  <String HEIGHT="30"
                          WIDTH="131"
                          VPOS="810"
                          HPOS="965"
                          CONTENT="alterius"/>
                  <SP HEIGHT="30" WIDTH="11" VPOS="810" HPOS="1096"/>
                  <String HEIGHT="30"
                          WIDTH="109"
                          VPOS="810"
                          HPOS="1063"
                          CONTENT="igitur"/>
                  <SP HEIGHT="30" WIDTH="11" VPOS="810" HPOS="1172"/>
                  <String HEIGHT="30" WIDTH="76" VPOS="810" HPOS="1140" CONTENT="nec"/>
                  <SP HEIGHT="30" WIDTH="11" VPOS="810" HPOS="1216"/>
                  <String HEIGHT="30" WIDTH="76" VPOS="810" HPOS="1183" CONTENT="qui"/>
                  <SP HEIGHT="30" WIDTH="11" VPOS="810" HPOS="1260"/>
                  <String HEIGHT="30" WIDTH="65" VPOS="810" HPOS="1227" CONTENT="si"/>
                  <SP HEIGHT="30" WIDTH="11" VPOS="810" HPOS="1292"/>
                  <String HEIGHT="30" WIDTH="76" VPOS="810" HPOS="1260" CONTENT="est"/>
                  <SP HEIGHT="30" WIDTH="11" VPOS="810" HPOS="1336"/>
                  <String HEIGHT="30" WIDTH="76" VPOS="810" HPOS="1303" CONTENT="sic"/>
                  <SP HEIGHT="30" WIDTH="11" VPOS="810" HPOS="1380"/>
                  <String HEIGHT="30" WIDTH="65" VPOS="810" HPOS="1347" CONTENT="de"/>
                  <SP HEIGHT="30" WIDTH="11" VPOS="810" HPOS="1412"/>
                  <String HEIGHT="30"
                          WIDTH="76"
                          VPOS="810"
                          HPOS="1369"
                          CONTENT="facto"/>
               </TextLine>
               <TextLine ID="r2l45"
                         BASELINE="872"
                         HEIGHT="36"
                         WIDTH="597"
                         VPOS="836"
                         HPOS="850">
                  <String HEIGHT="36"
                          WIDTH="126"
                          VPOS="836"
                          HPOS="839"
                          CONTENT="fruitio"/>
                  <SP HEIGHT="36" WIDTH="11" VPOS="836" HPOS="965"/>
                  <String HEIGHT="36"
                          WIDTH="138"
                          VPOS="836"
                          HPOS="930"
                          CONTENT="alterius"/>
                  <SP HEIGHT="36" WIDTH="11" VPOS="836" HPOS="1068"/>
                  <String HEIGHT="36"
                          WIDTH="126"
                          VPOS="836"
                          HPOS="1034"
                          CONTENT="persone"/>
                  <SP HEIGHT="36" WIDTH="11" VPOS="836" HPOS="1160"/>
                  <String HEIGHT="36"
                          WIDTH="161"
                          VPOS="836"
                          HPOS="1126"
                          CONTENT="Antecedens"/>
                  <SP HEIGHT="36" WIDTH="11" VPOS="836" HPOS="1286"/>
                  <String HEIGHT="36"
                          WIDTH="103"
                          VPOS="836"
                          HPOS="1252"
                          CONTENT="probo"/>
                  <SP HEIGHT="36" WIDTH="11" VPOS="836" HPOS="1355"/>
                  <String HEIGHT="36" WIDTH="80" VPOS="836" HPOS="1321" CONTENT="per"/>
                  <SP HEIGHT="36" WIDTH="11" VPOS="836" HPOS="1401"/>
                  <String HEIGHT="36"
                          WIDTH="92"
                          VPOS="836"
                          HPOS="1355"
                          CONTENT="medium"/>
               </TextLine>
               <TextLine ID="r2l48"
                         BASELINE="896"
                         HEIGHT="30"
                         WIDTH="601"
                         VPOS="866"
                         HPOS="846">
                  <String HEIGHT="30"
                          WIDTH="92"
                          VPOS="866"
                          HPOS="836"
                          CONTENT="scoti"/>
                  <SP HEIGHT="30" WIDTH="10" VPOS="866" HPOS="927"/>
                  <String HEIGHT="30"
                          WIDTH="132"
                          VPOS="866"
                          HPOS="897"
                          CONTENT="opinantis"/>
                  <SP HEIGHT="30" WIDTH="10" VPOS="866" HPOS="1029"/>
                  <String HEIGHT="30"
                          WIDTH="143"
                          VPOS="866"
                          HPOS="999"
                          CONTENT="contrarium"/>
                  <SP HEIGHT="30" WIDTH="10" VPOS="866" HPOS="1141"/>
                  <String HEIGHT="30"
                          WIDTH="122"
                          VPOS="866"
                          HPOS="1111"
                          CONTENT="scilicet"/>
                  <SP HEIGHT="30" WIDTH="10" VPOS="866" HPOS="1233"/>
                  <String HEIGHT="30"
                          WIDTH="163"
                          VPOS="866"
                          HPOS="1203"
                          CONTENT="distinctione"/>
                  <SP HEIGHT="30" WIDTH="10" VPOS="866" HPOS="1366"/>
                  <String HEIGHT="30"
                          WIDTH="92"
                          VPOS="866"
                          HPOS="1335"
                          CONTENT="priao"/>
                  <SP HEIGHT="30" WIDTH="10" VPOS="866" HPOS="1427"/>
                  <String HEIGHT="30" WIDTH="71" VPOS="866" HPOS="1396" CONTENT="que"/>
                  <SP HEIGHT="30" WIDTH="10" VPOS="866" HPOS="1467"/>
                  <String HEIGHT="30" WIDTH="20" VPOS="866" HPOS="1427" CONTENT=""/>
               </TextLine>
               <TextLine ID="r2l50"
                         BASELINE="929"
                         HEIGHT="37"
                         WIDTH="594"
                         VPOS="892"
                         HPOS="853">
                  <String HEIGHT="37"
                          WIDTH="101"
                          VPOS="892"
                          HPOS="843"
                          CONTENT="stione"/>
                  <SP HEIGHT="37" WIDTH="10" VPOS="892" HPOS="944"/>
                  <String HEIGHT="37"
                          WIDTH="111"
                          VPOS="892"
                          HPOS="913"
                          CONTENT="secunda"/>
                  <SP HEIGHT="37" WIDTH="10" VPOS="892" HPOS="1024"/>
                  <String HEIGHT="37" WIDTH="70" VPOS="892" HPOS="994" CONTENT="qui"/>
                  <SP HEIGHT="37" WIDTH="10" VPOS="892" HPOS="1064"/>
                  <String HEIGHT="37"
                          WIDTH="91"
                          VPOS="892"
                          HPOS="1034"
                          CONTENT="dicit"/>
                  <SP HEIGHT="37" WIDTH="10" VPOS="892" HPOS="1125"/>
                  <String HEIGHT="37"
                          WIDTH="81"
                          VPOS="892"
                          HPOS="1095"
                          CONTENT="quod"/>
                  <SP HEIGHT="37" WIDTH="10" VPOS="892" HPOS="1175"/>
                  <String HEIGHT="37" WIDTH="70" VPOS="892" HPOS="1145" CONTENT="nec"/>
                  <SP HEIGHT="37" WIDTH="10" VPOS="892" HPOS="1215"/>
                  <String HEIGHT="37"
                          WIDTH="151"
                          VPOS="892"
                          HPOS="1185"
                          CONTENT="intellectus"/>
                  <SP HEIGHT="37" WIDTH="10" VPOS="892" HPOS="1336"/>
                  <String HEIGHT="37"
                          WIDTH="81"
                          VPOS="892"
                          HPOS="1306"
                          CONTENT="omne"/>
                  <SP HEIGHT="37" WIDTH="10" VPOS="892" HPOS="1387"/>
                  <String HEIGHT="37"
                          WIDTH="101"
                          VPOS="892"
                          HPOS="1346"
                          CONTENT="potentia"/>
               </TextLine>
               <TextLine ID="r2l52"
                         BASELINE="960"
                         HEIGHT="38"
                         WIDTH="599"
                         VPOS="922"
                         HPOS="844">
                  <String HEIGHT="38" WIDTH="81" VPOS="922" HPOS="832" CONTENT="sua"/>
                  <SP HEIGHT="38" WIDTH="12" VPOS="922" HPOS="913"/>
                  <String HEIGHT="38"
                          WIDTH="138"
                          VPOS="922"
                          HPOS="879"
                          CONTENT="naturali"/>
                  <SP HEIGHT="38" WIDTH="12" VPOS="922" HPOS="1017"/>
                  <String HEIGHT="38"
                          WIDTH="115"
                          VPOS="922"
                          HPOS="982"
                          CONTENT="videre"/>
                  <SP HEIGHT="38" WIDTH="12" VPOS="922" HPOS="1097"/>
                  <String HEIGHT="38"
                          WIDTH="115"
                          VPOS="922"
                          HPOS="1063"
                          CONTENT="potest"/>
                  <SP HEIGHT="38" WIDTH="12" VPOS="922" HPOS="1178"/>
                  <String HEIGHT="38"
                          WIDTH="150"
                          VPOS="922"
                          HPOS="1144"
                          CONTENT="essentiam"/>
                  <SP HEIGHT="38" WIDTH="12" VPOS="922" HPOS="1293"/>
                  <String HEIGHT="38" WIDTH="81" VPOS="922" HPOS="1259" CONTENT="non"/>
                  <SP HEIGHT="38" WIDTH="12" VPOS="922" HPOS="1339"/>
                  <String HEIGHT="38"
                          WIDTH="127"
                          VPOS="922"
                          HPOS="1305"
                          CONTENT="videndo"/>
                  <SP HEIGHT="38" WIDTH="12" VPOS="922" HPOS="1431"/>
                  <String HEIGHT="38" WIDTH="58" VPOS="922" HPOS="1385" CONTENT="per"/>
               </TextLine>
               <TextLine ID="r2l53"
                         BASELINE="982"
                         HEIGHT="34"
                         WIDTH="609"
                         VPOS="948"
                         HPOS="844">
                  <String HEIGHT="34"
                          WIDTH="103"
                          VPOS="948"
                          HPOS="833"
                          CONTENT="sonam"/>
                  <SP HEIGHT="34" WIDTH="11" VPOS="948" HPOS="936"/>
                  <String HEIGHT="34" WIDTH="80" VPOS="948" HPOS="901" CONTENT="nec"/>
                  <SP HEIGHT="34" WIDTH="11" VPOS="948" HPOS="982"/>
                  <String HEIGHT="34" WIDTH="92" VPOS="948" HPOS="947" CONTENT="vnam"/>
                  <SP HEIGHT="34" WIDTH="11" VPOS="948" HPOS="1039"/>
                  <String HEIGHT="34"
                          WIDTH="138"
                          VPOS="948"
                          HPOS="1005"
                          CONTENT="personam"/>
                  <SP HEIGHT="34" WIDTH="11" VPOS="948" HPOS="1143"/>
                  <String HEIGHT="34" WIDTH="80" VPOS="948" HPOS="1108" CONTENT="non"/>
                  <SP HEIGHT="34" WIDTH="11" VPOS="948" HPOS="1189"/>
                  <String HEIGHT="34"
                          WIDTH="126"
                          VPOS="948"
                          HPOS="1154"
                          CONTENT="videndo"/>
                  <SP HEIGHT="34" WIDTH="11" VPOS="948" HPOS="1281"/>
                  <String HEIGHT="34"
                          WIDTH="103"
                          VPOS="948"
                          HPOS="1246"
                          CONTENT="aliam"/>
                  <SP HEIGHT="34" WIDTH="11" VPOS="948" HPOS="1350"/>
                  <String HEIGHT="34"
                          WIDTH="92"
                          VPOS="948"
                          HPOS="1315"
                          CONTENT="quia"/>
                  <SP HEIGHT="34" WIDTH="11" VPOS="948" HPOS="1407"/>
                  <String HEIGHT="34"
                          WIDTH="92"
                          VPOS="948"
                          HPOS="1361"
                          CONTENT="intel"
                          SUBS_TYPE="HypPart1"
                          SUBS_CONTENT="intellectus"/>
                  <HYP CONTENT="-"/>
               </TextLine>
               <TextLine ID="r2l56"
                         BASELINE="1012"
                         HEIGHT="34"
                         WIDTH="588"
                         VPOS="978"
                         HPOS="851">
                  <String HEIGHT="34"
                          WIDTH="120"
                          VPOS="978"
                          HPOS="839"
                          CONTENT="lectus"
                          SUBS_TYPE="HypPart2"
                          SUBS_CONTENT="intellectus"/>
                  <SP HEIGHT="34" WIDTH="12" VPOS="978" HPOS="959"/>
                  <String HEIGHT="34" WIDTH="96" VPOS="978" HPOS="923" CONTENT="mere"/>
                  <SP HEIGHT="34" WIDTH="12" VPOS="978" HPOS="1019"/>
                  <String HEIGHT="34"
                          WIDTH="180"
                          VPOS="978"
                          HPOS="983"
                          CONTENT="naturaliter"/>
                  <SP HEIGHT="34" WIDTH="12" VPOS="978" HPOS="1163"/>
                  <String HEIGHT="34" WIDTH="72" VPOS="978" HPOS="1127" CONTENT="et"/>
                  <SP HEIGHT="34" WIDTH="12" VPOS="978" HPOS="1199"/>
                  <String HEIGHT="34" WIDTH="84" VPOS="978" HPOS="1163" CONTENT="non"/>
                  <SP HEIGHT="34" WIDTH="12" VPOS="978" HPOS="1247"/>
                  <String HEIGHT="34"
                          WIDTH="120"
                          VPOS="978"
                          HPOS="1211"
                          CONTENT="libere"/>
                  <SP HEIGHT="34" WIDTH="12" VPOS="978" HPOS="1331"/>
                  <String HEIGHT="34"
                          WIDTH="96"
                          VPOS="978"
                          HPOS="1295"
                          CONTENT="agit"/>
                  <SP HEIGHT="34" WIDTH="12" VPOS="978" HPOS="1391"/>
                  <String HEIGHT="34"
                          WIDTH="96"
                          VPOS="978"
                          HPOS="1343"
                          CONTENT="agente"/>
               </TextLine>
               <TextLine ID="r2l58"
                         BASELINE="1038"
                         HEIGHT="30"
                         WIDTH="599"
                         VPOS="1008"
                         HPOS="845">
                  <String HEIGHT="30"
                          WIDTH="144"
                          VPOS="1008"
                          HPOS="833"
                          CONTENT="obiecto."/>
                  <SP HEIGHT="30" WIDTH="12" VPOS="1008" HPOS="977"/>
                  <String HEIGHT="30" WIDTH="72" VPOS="1008" HPOS="941" CONTENT="si"/>
                  <SP HEIGHT="30" WIDTH="12" VPOS="1008" HPOS="1013"/>
                  <String HEIGHT="30"
                          WIDTH="120"
                          VPOS="1008"
                          HPOS="977"
                          CONTENT="igitur"/>
                  <SP HEIGHT="30" WIDTH="12" VPOS="1008" HPOS="1097"/>
                  <String HEIGHT="30"
                          WIDTH="144"
                          VPOS="1008"
                          HPOS="1061"
                          CONTENT="obiectum"/>
                  <SP HEIGHT="30" WIDTH="12" VPOS="1008" HPOS="1204"/>
                  <String HEIGHT="30" WIDTH="72" VPOS="1008" HPOS="1168" CONTENT="ex"/>
                  <SP HEIGHT="30" WIDTH="12" VPOS="1008" HPOS="1240"/>
                  <String HEIGHT="30"
                          WIDTH="108"
                          VPOS="1008"
                          HPOS="1204"
                          CONTENT="parte"/>
                  <SP HEIGHT="30" WIDTH="12" VPOS="1008" HPOS="1312"/>
                  <String HEIGHT="30"
                          WIDTH="84"
                          VPOS="1008"
                          HPOS="1276"
                          CONTENT="sui"/>
                  <SP HEIGHT="30" WIDTH="12" VPOS="1008" HPOS="1360"/>
                  <String HEIGHT="30"
                          WIDTH="96"
                          VPOS="1008"
                          HPOS="1324"
                          CONTENT="agit"/>
                  <SP HEIGHT="30" WIDTH="12" VPOS="1008" HPOS="1420"/>
                  <String HEIGHT="30"
                          WIDTH="72"
                          VPOS="1008"
                          HPOS="1372"
                          CONTENT="mani"/>
               </TextLine>
               <TextLine ID="r2l60"
                         BASELINE="1068"
                         HEIGHT="32"
                         WIDTH="592"
                         VPOS="1036"
                         HPOS="849">
                  <String HEIGHT="32"
                          WIDTH="139"
                          VPOS="1036"
                          HPOS="837"
                          CONTENT="festando"/>
                  <SP HEIGHT="32" WIDTH="12" VPOS="1036" HPOS="977"/>
                  <String HEIGHT="32"
                          WIDTH="93"
                          VPOS="1036"
                          HPOS="942"
                          CONTENT="tres"/>
                  <SP HEIGHT="32" WIDTH="12" VPOS="1036" HPOS="1035"/>
                  <String HEIGHT="32"
                          WIDTH="139"
                          VPOS="1036"
                          HPOS="1000"
                          CONTENT="personas"/>
                  <SP HEIGHT="32" WIDTH="12" VPOS="1036" HPOS="1139"/>
                  <String HEIGHT="32"
                          WIDTH="174"
                          VPOS="1036"
                          HPOS="1104"
                          CONTENT="intellectui"/>
                  <SP HEIGHT="32" WIDTH="12" VPOS="1036" HPOS="1278"/>
                  <String HEIGHT="32"
                          WIDTH="81"
                          VPOS="1036"
                          HPOS="1244"
                          CONTENT="non"/>
                  <SP HEIGHT="32" WIDTH="12" VPOS="1036" HPOS="1325"/>
                  <String HEIGHT="32"
                          WIDTH="81"
                          VPOS="1036"
                          HPOS="1290"
                          CONTENT="est"/>
                  <SP HEIGHT="32" WIDTH="12" VPOS="1036" HPOS="1371"/>
                  <String HEIGHT="32" WIDTH="70" VPOS="1036" HPOS="1337" CONTENT="in"/>
                  <SP HEIGHT="32" WIDTH="12" VPOS="1036" HPOS="1406"/>
                  <String HEIGHT="32"
                          WIDTH="81"
                          VPOS="1036"
                          HPOS="1360"
                          CONTENT="pote"
                          SUBS_TYPE="HypPart1"
                          SUBS_CONTENT="potetate"/>
                  <HYP CONTENT="-"/>
               </TextLine>
               <TextLine ID="r2l62"
                         BASELINE="1096"
                         HEIGHT="33"
                         WIDTH="588"
                         VPOS="1063"
                         HPOS="857">
                  <String HEIGHT="33"
                          WIDTH="96"
                          VPOS="1063"
                          HPOS="845"
                          CONTENT="tate"
                          SUBS_TYPE="HypPart2"
                          SUBS_CONTENT="potetate"/>
                  <SP HEIGHT="33" WIDTH="12" VPOS="1063" HPOS="941"/>
                  <String HEIGHT="33"
                          WIDTH="180"
                          VPOS="1063"
                          HPOS="905"
                          CONTENT="intellectus"/>
                  <SP HEIGHT="33" WIDTH="12" VPOS="1063" HPOS="1085"/>
                  <String HEIGHT="33" WIDTH="72" VPOS="1063" HPOS="1049" CONTENT="vt"/>
                  <SP HEIGHT="33" WIDTH="12" VPOS="1063" HPOS="1121"/>
                  <String HEIGHT="33"
                          WIDTH="120"
                          VPOS="1063"
                          HPOS="1085"
                          CONTENT="videat"/>
                  <SP HEIGHT="33" WIDTH="12" VPOS="1063" HPOS="1205"/>
                  <String HEIGHT="33"
                          WIDTH="132"
                          VPOS="1063"
                          HPOS="1169"
                          CONTENT="aliquod"/>
                  <SP HEIGHT="33" WIDTH="12" VPOS="1063" HPOS="1301"/>
                  <String HEIGHT="33"
                          WIDTH="144"
                          VPOS="1063"
                          HPOS="1265"
                          CONTENT="ostensum"/>
                  <SP HEIGHT="33" WIDTH="12" VPOS="1063" HPOS="1409"/>
                  <String HEIGHT="33" WIDTH="72" VPOS="1063" HPOS="1373" CONTENT="et"/>
                  <SP HEIGHT="33" WIDTH="12" VPOS="1063" HPOS="1445"/>
                  <String HEIGHT="33"
                          WIDTH="48"
                          VPOS="1063"
                          HPOS="1397"
                          CONTENT="a"
                          SUBS_TYPE="HypPart1"
                          SUBS_CONTENT="aliquod"/>
                  <HYP CONTENT="-"/>
               </TextLine>
               <TextLine ID="r2l63"
                         BASELINE="1126"
                         HEIGHT="34"
                         WIDTH="593"
                         VPOS="1092"
                         HPOS="849">
                  <String HEIGHT="34"
                          WIDTH="116"
                          VPOS="1092"
                          HPOS="837"
                          CONTENT="liquod"
                          SUBS_TYPE="HypPart2"
                          SUBS_CONTENT="aliquod"/>
                  <SP HEIGHT="34" WIDTH="12" VPOS="1092" HPOS="954"/>
                  <String HEIGHT="34" WIDTH="81" VPOS="1092" HPOS="919" CONTENT="non"/>
                  <SP HEIGHT="34" WIDTH="12" VPOS="1092" HPOS="1000"/>
                  <String HEIGHT="34"
                          WIDTH="116"
                          VPOS="1092"
                          HPOS="965"
                          CONTENT="videat"/>
                  <SP HEIGHT="34" WIDTH="12" VPOS="1092" HPOS="1082"/>
                  <String HEIGHT="34"
                          WIDTH="81"
                          VPOS="1092"
                          HPOS="1047"
                          CONTENT="nec"/>
                  <SP HEIGHT="34" WIDTH="12" VPOS="1092" HPOS="1128"/>
                  <String HEIGHT="34"
                          WIDTH="140"
                          VPOS="1092"
                          HPOS="1093"
                          CONTENT="voluntas"/>
                  <SP HEIGHT="34" WIDTH="12" VPOS="1092" HPOS="1233"/>
                  <String HEIGHT="34"
                          WIDTH="116"
                          VPOS="1092"
                          HPOS="1198"
                          CONTENT="potest"/>
                  <SP HEIGHT="34" WIDTH="12" VPOS="1092" HPOS="1314"/>
                  <String HEIGHT="34"
                          WIDTH="140"
                          VPOS="1092"
                          HPOS="1279"
                          CONTENT="ordinate"/>
                  <SP HEIGHT="34" WIDTH="12" VPOS="1092" HPOS="1419"/>
                  <String HEIGHT="34"
                          WIDTH="70"
                          VPOS="1092"
                          HPOS="1372"
                          CONTENT="frui"/>
               </TextLine>
               <TextLine ID="r2l65"
                         BASELINE="1152"
                         HEIGHT="31"
                         WIDTH="597"
                         VPOS="1121"
                         HPOS="844">
                  <String HEIGHT="31"
                          WIDTH="143"
                          VPOS="1121"
                          HPOS="832"
                          CONTENT="essentia"/>
                  <SP HEIGHT="31" WIDTH="12" VPOS="1121" HPOS="975"/>
                  <String HEIGHT="31" WIDTH="84" VPOS="1121" HPOS="940" CONTENT="non"/>
                  <SP HEIGHT="31" WIDTH="12" VPOS="1121" HPOS="1023"/>
                  <String HEIGHT="31"
                          WIDTH="131"
                          VPOS="1121"
                          HPOS="987"
                          CONTENT="fruendo"/>
                  <SP HEIGHT="31" WIDTH="12" VPOS="1121" HPOS="1119"/>
                  <String HEIGHT="31"
                          WIDTH="131"
                          VPOS="1121"
                          HPOS="1083"
                          CONTENT="persona"/>
                  <SP HEIGHT="31" WIDTH="12" VPOS="1121" HPOS="1214"/>
                  <String HEIGHT="31"
                          WIDTH="96"
                          VPOS="1121"
                          HPOS="1178"
                          CONTENT="quia"/>
                  <SP HEIGHT="31" WIDTH="12" VPOS="1121" HPOS="1274"/>
                  <String HEIGHT="31" WIDTH="72" VPOS="1121" HPOS="1238" CONTENT="si"/>
                  <SP HEIGHT="31" WIDTH="12" VPOS="1121" HPOS="1310"/>
                  <String HEIGHT="31"
                          WIDTH="84"
                          VPOS="1121"
                          HPOS="1274"
                          CONTENT="non"/>
                  <SP HEIGHT="31" WIDTH="12" VPOS="1121" HPOS="1357"/>
                  <String HEIGHT="31"
                          WIDTH="131"
                          VPOS="1121"
                          HPOS="1310"
                          CONTENT="frueretur"/>
               </TextLine>
               <TextLine ID="r2l68"
                         BASELINE="1180"
                         HEIGHT="35"
                         WIDTH="594"
                         VPOS="1145"
                         HPOS="849">
                  <String HEIGHT="35" WIDTH="87" VPOS="1145" HPOS="837" CONTENT="non"/>
                  <SP HEIGHT="35" WIDTH="12" VPOS="1145" HPOS="923"/>
                  <String HEIGHT="35"
                          WIDTH="149"
                          VPOS="1145"
                          HPOS="886"
                          CONTENT="impedita"/>
                  <SP HEIGHT="35" WIDTH="12" VPOS="1145" HPOS="1035"/>
                  <String HEIGHT="35"
                          WIDTH="149"
                          VPOS="1145"
                          HPOS="998"
                          CONTENT="peccaret"/>
                  <SP HEIGHT="35" WIDTH="12" VPOS="1145" HPOS="1146"/>
                  <String HEIGHT="35"
                          WIDTH="111"
                          VPOS="1145"
                          HPOS="1109"
                          CONTENT="secum"/>
                  <SP HEIGHT="35" WIDTH="12" VPOS="1145" HPOS="1220"/>
                  <String HEIGHT="35"
                          WIDTH="99"
                          VPOS="1145"
                          HPOS="1183"
                          CONTENT="eum."/>
                  <SP HEIGHT="35" WIDTH="12" VPOS="1145" HPOS="1282"/>
                  <String HEIGHT="35"
                          WIDTH="87"
                          VPOS="1145"
                          HPOS="1245"
                          CONTENT="Sed"/>
                  <SP HEIGHT="35" WIDTH="12" VPOS="1145" HPOS="1332"/>
                  <String HEIGHT="35"
                          WIDTH="149"
                          VPOS="1145"
                          HPOS="1295"
                          CONTENT="dubitans"/>
                  <SP HEIGHT="35" WIDTH="12" VPOS="1145" HPOS="1443"/>
                  <String HEIGHT="35" WIDTH="50" VPOS="1145" HPOS="1394" CONTENT="de"/>
               </TextLine>
               <TextLine ID="r2l70"
                         BASELINE="1211"
                         HEIGHT="33"
                         WIDTH="597"
                         VPOS="1178"
                         HPOS="850">
                  <String HEIGHT="33"
                          WIDTH="138"
                          VPOS="1178"
                          HPOS="839"
                          CONTENT="potentia"/>
                  <SP HEIGHT="33" WIDTH="11" VPOS="1178" HPOS="976"/>
                  <String HEIGHT="33"
                          WIDTH="138"
                          VPOS="1178"
                          HPOS="942"
                          CONTENT="absoluta"/>
                  <SP HEIGHT="33" WIDTH="11" VPOS="1178" HPOS="1080"/>
                  <String HEIGHT="33"
                          WIDTH="161"
                          VPOS="1178"
                          HPOS="1045"
                          CONTENT="voluntatis"/>
                  <SP HEIGHT="33" WIDTH="11" VPOS="1178" HPOS="1206"/>
                  <String HEIGHT="33"
                          WIDTH="138"
                          VPOS="1178"
                          HPOS="1171"
                          CONTENT="secundum"/>
                  <SP HEIGHT="33" WIDTH="11" VPOS="1178" HPOS="1309"/>
                  <String HEIGHT="33"
                          WIDTH="92"
                          VPOS="1178"
                          HPOS="1275"
                          CONTENT="quam"/>
                  <SP HEIGHT="33" WIDTH="11" VPOS="1178" HPOS="1367"/>
                  <String HEIGHT="33"
                          WIDTH="126"
                          VPOS="1178"
                          HPOS="1321"
                          CONTENT="videretur"/>
               </TextLine>
               <TextLine ID="r2l72"
                         BASELINE="1241"
                         HEIGHT="35"
                         WIDTH="593"
                         VPOS="1206"
                         HPOS="846">
                  <String HEIGHT="35"
                          WIDTH="109"
                          VPOS="1206"
                          HPOS="834"
                          CONTENT="magis"/>
                  <SP HEIGHT="35" WIDTH="12" VPOS="1206" HPOS="943"/>
                  <String HEIGHT="35"
                          WIDTH="109"
                          VPOS="1206"
                          HPOS="907"
                          CONTENT="posse"/>
                  <SP HEIGHT="35" WIDTH="12" VPOS="1206" HPOS="1015"/>
                  <String HEIGHT="35"
                          WIDTH="97"
                          VPOS="1206"
                          HPOS="979"
                          CONTENT="frui"/>
                  <SP HEIGHT="35" WIDTH="12" VPOS="1206" HPOS="1076"/>
                  <String HEIGHT="35"
                          WIDTH="85"
                          VPOS="1206"
                          HPOS="1040"
                          CONTENT="vna"/>
                  <SP HEIGHT="35" WIDTH="12" VPOS="1206" HPOS="1124"/>
                  <String HEIGHT="35"
                          WIDTH="133"
                          VPOS="1206"
                          HPOS="1088"
                          CONTENT="persona"/>
                  <SP HEIGHT="35" WIDTH="12" VPOS="1206" HPOS="1221"/>
                  <String HEIGHT="35"
                          WIDTH="85"
                          VPOS="1206"
                          HPOS="1185"
                          CONTENT="non"/>
                  <SP HEIGHT="35" WIDTH="12" VPOS="1206" HPOS="1270"/>
                  <String HEIGHT="35"
                          WIDTH="133"
                          VPOS="1206"
                          HPOS="1233"
                          CONTENT="fruendo"/>
                  <SP HEIGHT="35" WIDTH="12" VPOS="1206" HPOS="1366"/>
                  <String HEIGHT="35"
                          WIDTH="97"
                          VPOS="1206"
                          HPOS="1330"
                          CONTENT="alia"/>
                  <SP HEIGHT="35" WIDTH="12" VPOS="1206" HPOS="1427"/>
                  <String HEIGHT="35"
                          WIDTH="61"
                          VPOS="1206"
                          HPOS="1378"
                          CONTENT="vel"/>
               </TextLine>
               <TextLine ID="r2l74"
                         BASELINE="1262"
                         HEIGHT="28"
                         WIDTH="595"
                         VPOS="1234"
                         HPOS="850">
                  <String HEIGHT="28"
                          WIDTH="88"
                          VPOS="1234"
                          HPOS="839"
                          CONTENT="frui"/>
                  <SP HEIGHT="28" WIDTH="11" VPOS="1234" HPOS="927"/>
                  <String HEIGHT="28"
                          WIDTH="132"
                          VPOS="1234"
                          HPOS="894"
                          CONTENT="essentia"/>
                  <SP HEIGHT="28" WIDTH="11" VPOS="1234" HPOS="1026"/>
                  <String HEIGHT="28" WIDTH="66" VPOS="1234" HPOS="993" CONTENT="et"/>
                  <SP HEIGHT="28" WIDTH="11" VPOS="1234" HPOS="1059"/>
                  <String HEIGHT="28"
                          WIDTH="77"
                          VPOS="1234"
                          HPOS="1026"
                          CONTENT="non"/>
                  <SP HEIGHT="28" WIDTH="11" VPOS="1234" HPOS="1103"/>
                  <String HEIGHT="28"
                          WIDTH="121"
                          VPOS="1234"
                          HPOS="1070"
                          CONTENT="personu"/>
                  <SP HEIGHT="28" WIDTH="11" VPOS="1234" HPOS="1192"/>
                  <String HEIGHT="28"
                          WIDTH="99"
                          VPOS="1234"
                          HPOS="1159"
                          CONTENT="dicit"/>
                  <SP HEIGHT="28" WIDTH="11" VPOS="1234" HPOS="1258"/>
                  <String HEIGHT="28"
                          WIDTH="99"
                          VPOS="1234"
                          HPOS="1225"
                          CONTENT="etiam"/>
                  <SP HEIGHT="28" WIDTH="11" VPOS="1234" HPOS="1324"/>
                  <String HEIGHT="28"
                          WIDTH="88"
                          VPOS="1234"
                          HPOS="1291"
                          CONTENT="quod"/>
                  <SP HEIGHT="28" WIDTH="11" VPOS="1234" HPOS="1379"/>
                  <String HEIGHT="28"
                          WIDTH="77"
                          VPOS="1234"
                          HPOS="1346"
                          CONTENT="non"/>
                  <SP HEIGHT="28" WIDTH="11" VPOS="1234" HPOS="1423"/>
                  <String HEIGHT="28"
                          WIDTH="66"
                          VPOS="1234"
                          HPOS="1379"
                          CONTENT="quia"/>
               </TextLine>
               <TextLine ID="r2l76"
                         BASELINE="1298"
                         HEIGHT="36"
                         WIDTH="590"
                         VPOS="1262"
                         HPOS="853">
                  <String HEIGHT="36"
                          WIDTH="106"
                          VPOS="1262"
                          HPOS="841"
                          CONTENT="licet"/>
                  <SP HEIGHT="36" WIDTH="12" VPOS="1262" HPOS="947"/>
                  <String HEIGHT="36" WIDTH="71" VPOS="1262" HPOS="912" CONTENT="in"/>
                  <SP HEIGHT="36" WIDTH="12" VPOS="1262" HPOS="983"/>
                  <String HEIGHT="36"
                          WIDTH="153"
                          VPOS="1262"
                          HPOS="947"
                          CONTENT="potestate"/>
                  <SP HEIGHT="36" WIDTH="12" VPOS="1262" HPOS="1101"/>
                  <String HEIGHT="36"
                          WIDTH="165"
                          VPOS="1262"
                          HPOS="1065"
                          CONTENT="voluntatis"/>
                  <SP HEIGHT="36" WIDTH="12" VPOS="1262" HPOS="1231"/>
                  <String HEIGHT="36"
                          WIDTH="83"
                          VPOS="1262"
                          HPOS="1195"
                          CONTENT="sit"/>
                  <SP HEIGHT="36" WIDTH="12" VPOS="1262" HPOS="1278"/>
                  <String HEIGHT="36"
                          WIDTH="130"
                          VPOS="1262"
                          HPOS="1242"
                          CONTENT="aliquis"/>
                  <SP HEIGHT="36" WIDTH="12" VPOS="1262" HPOS="1372"/>
                  <String HEIGHT="36"
                          WIDTH="106"
                          VPOS="1262"
                          HPOS="1337"
                          CONTENT="actus"/>
                  <SP HEIGHT="36" WIDTH="12" VPOS="1262" HPOS="1443"/>
                  <String HEIGHT="36" WIDTH="47" VPOS="1262" HPOS="1396" CONTENT="vt"/>
               </TextLine>
               <TextLine ID="r2l77"
                         BASELINE="1325"
                         HEIGHT="35"
                         WIDTH="591"
                         VPOS="1290"
                         HPOS="850">
                  <String HEIGHT="35"
                          WIDTH="133"
                          VPOS="1290"
                          HPOS="838"
                          CONTENT="ponatur"/>
                  <SP HEIGHT="35" WIDTH="12" VPOS="1290" HPOS="971"/>
                  <String HEIGHT="35" WIDTH="72" VPOS="1290" HPOS="934" CONTENT="in"/>
                  <SP HEIGHT="35" WIDTH="12" VPOS="1290" HPOS="1007"/>
                  <String HEIGHT="35"
                          WIDTH="96"
                          VPOS="1290"
                          HPOS="971"
                          CONTENT="esse"/>
                  <SP HEIGHT="35" WIDTH="12" VPOS="1290" HPOS="1067"/>
                  <String HEIGHT="35"
                          WIDTH="84"
                          VPOS="1290"
                          HPOS="1031"
                          CONTENT="vel"/>
                  <SP HEIGHT="35" WIDTH="12" VPOS="1290" HPOS="1115"/>
                  <String HEIGHT="35"
                          WIDTH="84"
                          VPOS="1290"
                          HPOS="1079"
                          CONTENT="non"/>
                  <SP HEIGHT="35" WIDTH="12" VPOS="1290" HPOS="1164"/>
                  <String HEIGHT="35"
                          WIDTH="133"
                          VPOS="1290"
                          HPOS="1127"
                          CONTENT="ponatur"/>
                  <SP HEIGHT="35" WIDTH="12" VPOS="1290" HPOS="1260"/>
                  <String HEIGHT="35"
                          WIDTH="109"
                          VPOS="1290"
                          HPOS="1224"
                          CONTENT="tamen"/>
                  <SP HEIGHT="35" WIDTH="12" VPOS="1290" HPOS="1332"/>
                  <String HEIGHT="35"
                          WIDTH="84"
                          VPOS="1290"
                          HPOS="1296"
                          CONTENT="non"/>
                  <SP HEIGHT="35" WIDTH="12" VPOS="1290" HPOS="1381"/>
                  <String HEIGHT="35"
                          WIDTH="84"
                          VPOS="1290"
                          HPOS="1345"
                          CONTENT="est"/>
                  <SP HEIGHT="35" WIDTH="12" VPOS="1290" HPOS="1429"/>
                  <String HEIGHT="35" WIDTH="72" VPOS="1290" HPOS="1393" CONTENT="in"/>
                  <SP HEIGHT="35" WIDTH="12" VPOS="1290" HPOS="1465"/>
                  <String HEIGHT="35" WIDTH="24" VPOS="1290" HPOS="1417" CONTENT=""/>
               </TextLine>
               <TextLine ID="r2l79"
                         BASELINE="1348"
                         HEIGHT="32"
                         WIDTH="597"
                         VPOS="1316"
                         HPOS="850">
                  <String HEIGHT="32"
                          WIDTH="158"
                          VPOS="1316"
                          HPOS="838"
                          CONTENT="potestate"/>
                  <SP HEIGHT="32" WIDTH="12" VPOS="1316" HPOS="996"/>
                  <String HEIGHT="32"
                          WIDTH="171"
                          VPOS="1316"
                          HPOS="960"
                          CONTENT="voluntatis"/>
                  <SP HEIGHT="32" WIDTH="12" VPOS="1316" HPOS="1130"/>
                  <String HEIGHT="32" WIDTH="73" VPOS="1316" HPOS="1094" CONTENT="vt"/>
                  <SP HEIGHT="32" WIDTH="12" VPOS="1316" HPOS="1167"/>
                  <String HEIGHT="32"
                          WIDTH="110"
                          VPOS="1316"
                          HPOS="1130"
                          CONTENT="actus"/>
                  <SP HEIGHT="32" WIDTH="12" VPOS="1316" HPOS="1240"/>
                  <String HEIGHT="32"
                          WIDTH="134"
                          VPOS="1316"
                          HPOS="1203"
                          CONTENT="positus"/>
                  <SP HEIGHT="32" WIDTH="12" VPOS="1316" HPOS="1337"/>
                  <String HEIGHT="32" WIDTH="73" VPOS="1316" HPOS="1301" CONTENT="in"/>
                  <SP HEIGHT="32" WIDTH="12" VPOS="1316" HPOS="1374"/>
                  <String HEIGHT="32"
                          WIDTH="97"
                          VPOS="1316"
                          HPOS="1337"
                          CONTENT="esse"/>
                  <SP HEIGHT="32" WIDTH="12" VPOS="1316" HPOS="1435"/>
                  <String HEIGHT="32"
                          WIDTH="61"
                          VPOS="1316"
                          HPOS="1386"
                          CONTENT="ha"
                          SUBS_TYPE="HypPart1"
                          SUBS_CONTENT="habeat"/>
                  <HYP CONTENT="-"/>
               </TextLine>
               <TextLine ID="r2l81"
                         BASELINE="1379"
                         HEIGHT="33"
                         WIDTH="589"
                         VPOS="1346"
                         HPOS="848">
                  <String HEIGHT="33"
                          WIDTH="98"
                          VPOS="1346"
                          HPOS="836"
                          CONTENT="beat"
                          SUBS_TYPE="HypPart2"
                          SUBS_CONTENT="habeat"/>
                  <SP HEIGHT="33" WIDTH="12" VPOS="1346" HPOS="934"/>
                  <String HEIGHT="33"
                          WIDTH="110"
                          VPOS="1346"
                          HPOS="897"
                          CONTENT="illam"/>
                  <SP HEIGHT="33" WIDTH="12" VPOS="1346" HPOS="1008"/>
                  <String HEIGHT="33"
                          WIDTH="184"
                          VPOS="1346"
                          HPOS="971"
                          CONTENT="conditionem"/>
                  <SP HEIGHT="33" WIDTH="12" VPOS="1346" HPOS="1155"/>
                  <String HEIGHT="33"
                          WIDTH="86"
                          VPOS="1346"
                          HPOS="1118"
                          CONTENT="vel"/>
                  <SP HEIGHT="33" WIDTH="12" VPOS="1346" HPOS="1204"/>
                  <String HEIGHT="33"
                          WIDTH="86"
                          VPOS="1346"
                          HPOS="1167"
                          CONTENT="non"/>
                  <SP HEIGHT="33" WIDTH="12" VPOS="1346" HPOS="1253"/>
                  <String HEIGHT="33"
                          WIDTH="123"
                          VPOS="1346"
                          HPOS="1216"
                          CONTENT="habeat"/>
                  <SP HEIGHT="33" WIDTH="12" VPOS="1346" HPOS="1339"/>
                  <String HEIGHT="33"
                          WIDTH="86"
                          VPOS="1346"
                          HPOS="1302"
                          CONTENT="que"/>
                  <SP HEIGHT="33" WIDTH="12" VPOS="1346" HPOS="1388"/>
                  <String HEIGHT="33"
                          WIDTH="98"
                          VPOS="1346"
                          HPOS="1339"
                          CONTENT="natura"/>
               </TextLine>
               <TextLine ID="r2l83"
                         BASELINE="1405"
                         HEIGHT="29"
                         WIDTH="593"
                         VPOS="1376"
                         HPOS="850">
                  <String HEIGHT="29"
                          WIDTH="111"
                          VPOS="1376"
                          HPOS="838"
                          CONTENT="liter"/>
                  <SP HEIGHT="29" WIDTH="12" VPOS="1376" HPOS="949"/>
                  <String HEIGHT="29"
                          WIDTH="148"
                          VPOS="1376"
                          HPOS="912"
                          CONTENT="competit"/>
                  <SP HEIGHT="29" WIDTH="12" VPOS="1376" HPOS="1060"/>
                  <String HEIGHT="29"
                          WIDTH="111"
                          VPOS="1376"
                          HPOS="1023"
                          CONTENT="actui"/>
                  <SP HEIGHT="29" WIDTH="12" VPOS="1376" HPOS="1134"/>
                  <String HEIGHT="29"
                          WIDTH="136"
                          VPOS="1376"
                          HPOS="1097"
                          CONTENT="ratione"/>
                  <SP HEIGHT="29" WIDTH="12" VPOS="1376" HPOS="1233"/>
                  <String HEIGHT="29"
                          WIDTH="136"
                          VPOS="1376"
                          HPOS="1196"
                          CONTENT="obiecti"/>
                  <SP HEIGHT="29" WIDTH="12" VPOS="1376" HPOS="1332"/>
                  <String HEIGHT="29"
                          WIDTH="111"
                          VPOS="1376"
                          HPOS="1295"
                          CONTENT="actus"/>
                  <SP HEIGHT="29" WIDTH="12" VPOS="1376" HPOS="1406"/>
                  <String HEIGHT="29"
                          WIDTH="86"
                          VPOS="1376"
                          HPOS="1357"
                          CONTENT="autem"/>
               </TextLine>
               <TextLine ID="r2l85"
                         BASELINE="1436"
                         HEIGHT="37"
                         WIDTH="592"
                         VPOS="1399"
                         HPOS="848">
                  <String HEIGHT="37"
                          WIDTH="166"
                          VPOS="1399"
                          HPOS="836"
                          CONTENT="fruitionis"/>
                  <SP HEIGHT="37" WIDTH="12" VPOS="1399" HPOS="1002"/>
                  <String HEIGHT="37"
                          WIDTH="130"
                          VPOS="1399"
                          HPOS="966"
                          CONTENT="quantum"/>
                  <SP HEIGHT="37" WIDTH="12" VPOS="1399" HPOS="1097"/>
                  <String HEIGHT="37"
                          WIDTH="83"
                          VPOS="1399"
                          HPOS="1061"
                          CONTENT="est"/>
                  <SP HEIGHT="37" WIDTH="12" VPOS="1399" HPOS="1144"/>
                  <String HEIGHT="37" WIDTH="71" VPOS="1399" HPOS="1108" CONTENT="de"/>
                  <SP HEIGHT="37" WIDTH="12" VPOS="1399" HPOS="1180"/>
                  <String HEIGHT="37"
                          WIDTH="118"
                          VPOS="1399"
                          HPOS="1144"
                          CONTENT="natura"/>
                  <SP HEIGHT="37" WIDTH="12" VPOS="1399" HPOS="1262"/>
                  <String HEIGHT="37"
                          WIDTH="130"
                          VPOS="1399"
                          HPOS="1227"
                          CONTENT="obiecti"/>
                  <SP HEIGHT="37" WIDTH="12" VPOS="1399" HPOS="1357"/>
                  <String HEIGHT="37"
                          WIDTH="107"
                          VPOS="1399"
                          HPOS="1322"
                          CONTENT="natus"/>
                  <SP HEIGHT="37" WIDTH="12" VPOS="1399" HPOS="1428"/>
                  <String HEIGHT="37"
                          WIDTH="59"
                          VPOS="1399"
                          HPOS="1381"
                          CONTENT="est"/>
               </TextLine>
               <TextLine ID="r2l87"
                         BASELINE="1463"
                         HEIGHT="31"
                         WIDTH="594"
                         VPOS="1432"
                         HPOS="853">
                  <String HEIGHT="31" WIDTH="70" VPOS="1432" HPOS="841" CONTENT="vt"/>
                  <SP HEIGHT="31" WIDTH="12" VPOS="1432" HPOS="911"/>
                  <String HEIGHT="31" WIDTH="82" VPOS="1432" HPOS="876" CONTENT="sit"/>
                  <SP HEIGHT="31" WIDTH="12" VPOS="1432" HPOS="958"/>
                  <String HEIGHT="31"
                          WIDTH="105"
                          VPOS="1432"
                          HPOS="923"
                          CONTENT="trium"/>
                  <SP HEIGHT="31" WIDTH="12" VPOS="1432" HPOS="1028"/>
                  <String HEIGHT="31"
                          WIDTH="163"
                          VPOS="1432"
                          HPOS="993"
                          CONTENT="personarum"/>
                  <SP HEIGHT="31" WIDTH="12" VPOS="1432" HPOS="1156"/>
                  <String HEIGHT="31" WIDTH="70" VPOS="1432" HPOS="1121" CONTENT="in"/>
                  <SP HEIGHT="31" WIDTH="12" VPOS="1432" HPOS="1191"/>
                  <String HEIGHT="31"
                          WIDTH="140"
                          VPOS="1432"
                          HPOS="1156"
                          CONTENT="essentia"/>
                  <SP HEIGHT="31" WIDTH="12" VPOS="1432" HPOS="1296"/>
                  <String HEIGHT="31"
                          WIDTH="93"
                          VPOS="1432"
                          HPOS="1261"
                          CONTENT="quia"/>
                  <SP HEIGHT="31" WIDTH="12" VPOS="1432" HPOS="1354"/>
                  <String HEIGHT="31"
                          WIDTH="82"
                          VPOS="1432"
                          HPOS="1319"
                          CONTENT="non"/>
                  <SP HEIGHT="31" WIDTH="12" VPOS="1432" HPOS="1400"/>
                  <String HEIGHT="31"
                          WIDTH="93"
                          VPOS="1432"
                          HPOS="1354"
                          CONTENT="ponen"
                          SUBS_TYPE="HypPart1"
                          SUBS_CONTENT="ponendo"/>
                  <HYP CONTENT="-"/>
               </TextLine>
               <TextLine ID="r2l89"
                         BASELINE="1495"
                         HEIGHT="37"
                         WIDTH="595"
                         VPOS="1458"
                         HPOS="850">
                  <String HEIGHT="37"
                          WIDTH="76"
                          VPOS="1458"
                          HPOS="837"
                          CONTENT="do"
                          SUBS_TYPE="HypPart2"
                          SUBS_CONTENT="ponendo"/>
                  <SP HEIGHT="37" WIDTH="13" VPOS="1458" HPOS="913"/>
                  <String HEIGHT="37"
                          WIDTH="139"
                          VPOS="1458"
                          HPOS="875"
                          CONTENT="aliquod"/>
                  <SP HEIGHT="37" WIDTH="13" VPOS="1458" HPOS="1015"/>
                  <String HEIGHT="37"
                          WIDTH="152"
                          VPOS="1458"
                          HPOS="977"
                          CONTENT="uraculum"/>
                  <SP HEIGHT="37" WIDTH="13" VPOS="1458" HPOS="1129"/>
                  <String HEIGHT="37" WIDTH="76" VPOS="1458" HPOS="1091" CONTENT="ex"/>
                  <SP HEIGHT="37" WIDTH="13" VPOS="1458" HPOS="1166"/>
                  <String HEIGHT="37"
                          WIDTH="114"
                          VPOS="1458"
                          HPOS="1129"
                          CONTENT="parte"/>
                  <SP HEIGHT="37" WIDTH="13" VPOS="1458" HPOS="1242"/>
                  <String HEIGHT="37"
                          WIDTH="139"
                          VPOS="1458"
                          HPOS="1204"
                          CONTENT="obiecti"/>
                  <SP HEIGHT="37" WIDTH="13" VPOS="1458" HPOS="1344"/>
                  <String HEIGHT="37"
                          WIDTH="101"
                          VPOS="1458"
                          HPOS="1306"
                          CONTENT="erit"/>
                  <SP HEIGHT="37" WIDTH="13" VPOS="1458" HPOS="1407"/>
                  <String HEIGHT="37" WIDTH="76" VPOS="1458" HPOS="1369" CONTENT="de"/>
                  <SP HEIGHT="37" WIDTH="13" VPOS="1458" HPOS="1445"/>
                  <String HEIGHT="37" WIDTH="51" VPOS="1458" HPOS="1394" CONTENT="se"/>
               </TextLine>
               <TextLine ID="r2l92"
                         BASELINE="1523"
                         HEIGHT="33"
                         WIDTH="591"
                         VPOS="1490"
                         HPOS="850">
                  <String HEIGHT="33"
                          WIDTH="100"
                          VPOS="1490"
                          HPOS="839"
                          CONTENT="trium"/>
                  <SP HEIGHT="33" WIDTH="11" VPOS="1490" HPOS="939"/>
                  <String HEIGHT="33"
                          WIDTH="156"
                          VPOS="1490"
                          HPOS="906"
                          CONTENT="personarum"/>
                  <SP HEIGHT="33" WIDTH="11" VPOS="1490" HPOS="1062"/>
                  <String HEIGHT="33"
                          WIDTH="89"
                          VPOS="1490"
                          HPOS="1028"
                          CONTENT="sic,"/>
                  <SP HEIGHT="33" WIDTH="11" VPOS="1490" HPOS="1118"/>
                  <String HEIGHT="33"
                          WIDTH="112"
                          VPOS="1490"
                          HPOS="1084"
                          CONTENT="igitur"/>
                  <SP HEIGHT="33" WIDTH="11" VPOS="1490" HPOS="1196"/>
                  <String HEIGHT="33"
                          WIDTH="100"
                          VPOS="1490"
                          HPOS="1162"
                          CONTENT="patet"/>
                  <SP HEIGHT="33" WIDTH="11" VPOS="1490" HPOS="1263"/>
                  <String HEIGHT="33"
                          WIDTH="156"
                          VPOS="1490"
                          HPOS="1229"
                          CONTENT="antecedens"/>
                  <SP HEIGHT="33" WIDTH="11" VPOS="1490" HPOS="1385"/>
                  <String HEIGHT="33"
                          WIDTH="78"
                          VPOS="1490"
                          HPOS="1352"
                          CONTENT="per"/>
                  <SP HEIGHT="33" WIDTH="11" VPOS="1490" HPOS="1430"/>
                  <String HEIGHT="33"
                          WIDTH="56"
                          VPOS="1490"
                          HPOS="1385"
                          CONTENT="eum"/>
               </TextLine>
               <TextLine ID="r2l93"
                         BASELINE="1553"
                         HEIGHT="33"
                         WIDTH="595"
                         VPOS="1520"
                         HPOS="850">
                  <String HEIGHT="33"
                          WIDTH="176"
                          VPOS="1520"
                          HPOS="839"
                          CONTENT="consequentia"/>
                  <SP HEIGHT="33" WIDTH="11" VPOS="1520" HPOS="1015"/>
                  <String HEIGHT="33"
                          WIDTH="99"
                          VPOS="1520"
                          HPOS="982"
                          CONTENT="patet"/>
                  <SP HEIGHT="33" WIDTH="11" VPOS="1520" HPOS="1081"/>
                  <String HEIGHT="33"
                          WIDTH="88"
                          VPOS="1520"
                          HPOS="1048"
                          CONTENT="quia"/>
                  <SP HEIGHT="33" WIDTH="11" VPOS="1520" HPOS="1136"/>
                  <String HEIGHT="33"
                          WIDTH="77"
                          VPOS="1520"
                          HPOS="1103"
                          CONTENT="non"/>
                  <SP HEIGHT="33" WIDTH="11" VPOS="1520" HPOS="1181"/>
                  <String HEIGHT="33"
                          WIDTH="143"
                          VPOS="1520"
                          HPOS="1148"
                          CONTENT="contingit"/>
                  <SP HEIGHT="33" WIDTH="11" VPOS="1520" HPOS="1291"/>
                  <String HEIGHT="33"
                          WIDTH="132"
                          VPOS="1520"
                          HPOS="1258"
                          CONTENT="transire"/>
                  <SP HEIGHT="33" WIDTH="11" VPOS="1520" HPOS="1390"/>
                  <String HEIGHT="33" WIDTH="66" VPOS="1520" HPOS="1357" CONTENT="ve"/>
                  <SP HEIGHT="33" WIDTH="11" VPOS="1520" HPOS="1423"/>
                  <String HEIGHT="33"
                          WIDTH="66"
                          VPOS="1520"
                          HPOS="1379"
                          CONTENT="con"
                          SUBS_TYPE="HypPart1"
                          SUBS_CONTENT="contradictonio"/>
                  <HYP CONTENT="-"/>
               </TextLine>
               <TextLine ID="r2l95"
                         BASELINE="1579"
                         HEIGHT="34"
                         WIDTH="594"
                         VPOS="1545"
                         HPOS="851">
                  <String HEIGHT="34"
                          WIDTH="165"
                          VPOS="1545"
                          HPOS="840"
                          CONTENT="tradictonio"
                          SUBS_TYPE="HypPart2"
                          SUBS_CONTENT="contradictonio"/>
                  <SP HEIGHT="34" WIDTH="11" VPOS="1545" HPOS="1005"/>
                  <String HEIGHT="34" WIDTH="66" VPOS="1545" HPOS="972" CONTENT="in"/>
                  <SP HEIGHT="34" WIDTH="11" VPOS="1545" HPOS="1038"/>
                  <String HEIGHT="34"
                          WIDTH="209"
                          VPOS="1545"
                          HPOS="1005"
                          CONTENT="contradictorium"/>
                  <SP HEIGHT="34" WIDTH="11" VPOS="1545" HPOS="1214"/>
                  <String HEIGHT="34"
                          WIDTH="88"
                          VPOS="1545"
                          HPOS="1181"
                          CONTENT="sine"/>
                  <SP HEIGHT="34" WIDTH="11" VPOS="1545" HPOS="1269"/>
                  <String HEIGHT="34"
                          WIDTH="110"
                          VPOS="1545"
                          HPOS="1236"
                          CONTENT="aliqua"/>
                  <SP HEIGHT="34" WIDTH="11" VPOS="1545" HPOS="1346"/>
                  <String HEIGHT="34" WIDTH="66" VPOS="1545" HPOS="1313" CONTENT="de"/>
                  <SP HEIGHT="34" WIDTH="11" VPOS="1545" HPOS="1379"/>
                  <String HEIGHT="34"
                          WIDTH="121"
                          VPOS="1545"
                          HPOS="1346"
                          CONTENT="quinque"/>
                  <SP HEIGHT="34" WIDTH="11" VPOS="1545" HPOS="1467"/>
                  <String HEIGHT="34" WIDTH="22" VPOS="1545" HPOS="1423" CONTENT=""/>
               </TextLine>
               <TextLine ID="r2l97"
                         BASELINE="1608"
                         HEIGHT="32"
                         WIDTH="611"
                         VPOS="1576"
                         HPOS="844">
                  <String HEIGHT="32"
                          WIDTH="91"
                          VPOS="1576"
                          HPOS="833"
                          CONTENT="viis"/>
                  <SP HEIGHT="32" WIDTH="11" VPOS="1576" HPOS="923"/>
                  <String HEIGHT="32" WIDTH="68" VPOS="1576" HPOS="889" CONTENT="in"/>
                  <SP HEIGHT="32" WIDTH="11" VPOS="1576" HPOS="957"/>
                  <String HEIGHT="32"
                          WIDTH="91"
                          VPOS="1576"
                          HPOS="923"
                          CONTENT="alia"/>
                  <SP HEIGHT="32" WIDTH="11" VPOS="1576" HPOS="1014"/>
                  <String HEIGHT="32"
                          WIDTH="147"
                          VPOS="1576"
                          HPOS="980"
                          CONTENT="questione"/>
                  <SP HEIGHT="32" WIDTH="11" VPOS="1576" HPOS="1127"/>
                  <String HEIGHT="32"
                          WIDTH="102"
                          VPOS="1576"
                          HPOS="1093"
                          CONTENT="prius"/>
                  <SP HEIGHT="32" WIDTH="11" VPOS="1576" HPOS="1195"/>
                  <String HEIGHT="32"
                          WIDTH="113"
                          VPOS="1576"
                          HPOS="1161"
                          CONTENT="tract."/>
                  <SP HEIGHT="32" WIDTH="11" VPOS="1576" HPOS="1274"/>
                  <String HEIGHT="32"
                          WIDTH="91"
                          VPOS="1576"
                          HPOS="1240"
                          CONTENT="etc."/>
                  <SP HEIGHT="32" WIDTH="11" VPOS="1576" HPOS="1331"/>
                  <String HEIGHT="32"
                          WIDTH="102"
                          VPOS="1576"
                          HPOS="1297"
                          CONTENT="licet"/>
                  <SP HEIGHT="32" WIDTH="11" VPOS="1576" HPOS="1398"/>
                  <String HEIGHT="32"
                          WIDTH="79"
                          VPOS="1576"
                          HPOS="1364"
                          CONTENT="non"/>
                  <SP HEIGHT="32" WIDTH="11" VPOS="1576" HPOS="1444"/>
                  <String HEIGHT="32"
                          WIDTH="57"
                          VPOS="1576"
                          HPOS="1398"
                          CONTENT="sit"/>
               </TextLine>
               <TextLine ID="r2l99"
                         BASELINE="1636"
                         HEIGHT="33"
                         WIDTH="591"
                         VPOS="1603"
                         HPOS="851">
                  <String HEIGHT="33"
                          WIDTH="197"
                          VPOS="1603"
                          HPOS="839"
                          CONTENT="consequentia"/>
                  <SP HEIGHT="33" WIDTH="12" VPOS="1603" HPOS="1036"/>
                  <String HEIGHT="33"
                          WIDTH="99"
                          VPOS="1603"
                          HPOS="999"
                          CONTENT="bona"/>
                  <SP HEIGHT="33" WIDTH="12" VPOS="1603" HPOS="1097"/>
                  <String HEIGHT="33"
                          WIDTH="86"
                          VPOS="1603"
                          HPOS="1060"
                          CONTENT="per"/>
                  <SP HEIGHT="33" WIDTH="12" VPOS="1603" HPOS="1147"/>
                  <String HEIGHT="33"
                          WIDTH="86"
                          VPOS="1603"
                          HPOS="1110"
                          CONTENT="eum"/>
                  <SP HEIGHT="33" WIDTH="12" VPOS="1603" HPOS="1196"/>
                  <String HEIGHT="33"
                          WIDTH="148"
                          VPOS="1603"
                          HPOS="1159"
                          CONTENT="respectu"/>
                  <SP HEIGHT="33" WIDTH="12" VPOS="1603" HPOS="1307"/>
                  <String HEIGHT="33"
                          WIDTH="148"
                          VPOS="1603"
                          HPOS="1270"
                          CONTENT="potentie"/>
                  <SP HEIGHT="33" WIDTH="12" VPOS="1603" HPOS="1417"/>
                  <String HEIGHT="33"
                          WIDTH="74"
                          VPOS="1603"
                          HPOS="1368"
                          CONTENT="divi"/>
               </TextLine>
               <TextLine ID="r2l101"
                         BASELINE="1665"
                         HEIGHT="33"
                         WIDTH="597"
                         VPOS="1632"
                         HPOS="846">
                  <String HEIGHT="33" WIDTH="63" VPOS="1632" HPOS="836" CONTENT="ne"/>
                  <SP HEIGHT="33" WIDTH="10" VPOS="1632" HPOS="898"/>
                  <String HEIGHT="33" WIDTH="73" VPOS="1632" HPOS="867" CONTENT="sic"/>
                  <SP HEIGHT="33" WIDTH="10" VPOS="1632" HPOS="940"/>
                  <String HEIGHT="33"
                          WIDTH="84"
                          VPOS="1632"
                          HPOS="909"
                          CONTENT="enim"/>
                  <SP HEIGHT="33" WIDTH="10" VPOS="1632" HPOS="993"/>
                  <String HEIGHT="33"
                          WIDTH="105"
                          VPOS="1632"
                          HPOS="961"
                          CONTENT="instat"/>
                  <SP HEIGHT="33" WIDTH="10" VPOS="1632" HPOS="1066"/>
                  <String HEIGHT="33"
                          WIDTH="84"
                          VPOS="1632"
                          HPOS="1035"
                          CONTENT="ipse"/>
                  <SP HEIGHT="33" WIDTH="10" VPOS="1632" HPOS="1118"/>
                  <String HEIGHT="33"
                          WIDTH="84"
                          VPOS="1632"
                          HPOS="1087"
                          CONTENT="sibi"/>
                  <SP HEIGHT="33" WIDTH="10" VPOS="1632" HPOS="1171"/>
                  <String HEIGHT="33"
                          WIDTH="84"
                          VPOS="1632"
                          HPOS="1139"
                          CONTENT="ipsi"/>
                  <SP HEIGHT="33" WIDTH="10" VPOS="1632" HPOS="1223"/>
                  <String HEIGHT="33"
                          WIDTH="84"
                          VPOS="1632"
                          HPOS="1192"
                          CONTENT="quod"/>
                  <SP HEIGHT="33" WIDTH="10" VPOS="1632" HPOS="1275"/>
                  <String HEIGHT="33"
                          WIDTH="115"
                          VPOS="1632"
                          HPOS="1244"
                          CONTENT="aliquis"/>
                  <SP HEIGHT="33" WIDTH="10" VPOS="1632" HPOS="1359"/>
                  <String HEIGHT="33"
                          WIDTH="105"
                          VPOS="1632"
                          HPOS="1328"
                          CONTENT="forsan"/>
                  <SP HEIGHT="33" WIDTH="10" VPOS="1632" HPOS="1433"/>
                  <String HEIGHT="33"
                          WIDTH="52"
                          VPOS="1632"
                          HPOS="1391"
                          CONTENT="di"
                          SUBS_TYPE="HypPart1"
                          SUBS_CONTENT="diceret"/>
                  <HYP CONTENT="-"/>
               </TextLine>
               <TextLine ID="r2l103"
                         BASELINE="1692"
                         HEIGHT="32"
                         WIDTH="588"
                         VPOS="1660"
                         HPOS="849">
                  <String HEIGHT="32"
                          WIDTH="98"
                          VPOS="1660"
                          HPOS="838"
                          CONTENT="ceret"
                          SUBS_TYPE="HypPart2"
                          SUBS_CONTENT="diceret"/>
                  <SP HEIGHT="32" WIDTH="11" VPOS="1660" HPOS="936"/>
                  <String HEIGHT="32"
                          WIDTH="87"
                          VPOS="1660"
                          HPOS="903"
                          CONTENT="quod"/>
                  <SP HEIGHT="32" WIDTH="11" VPOS="1660" HPOS="991"/>
                  <String HEIGHT="32"
                          WIDTH="98"
                          VPOS="1660"
                          HPOS="958"
                          CONTENT="ratio"/>
                  <SP HEIGHT="32" WIDTH="11" VPOS="1660" HPOS="1056"/>
                  <String HEIGHT="32"
                          WIDTH="76"
                          VPOS="1660"
                          HPOS="1023"
                          CONTENT="iam"/>
                  <SP HEIGHT="32" WIDTH="11" VPOS="1660" HPOS="1099"/>
                  <String HEIGHT="32"
                          WIDTH="109"
                          VPOS="1660"
                          HPOS="1067"
                          CONTENT="posita"/>
                  <SP HEIGHT="32" WIDTH="11" VPOS="1660" HPOS="1176"/>
                  <String HEIGHT="32"
                          WIDTH="163"
                          VPOS="1660"
                          HPOS="1143"
                          CONTENT="concluderet"/>
                  <SP HEIGHT="32" WIDTH="11" VPOS="1660" HPOS="1306"/>
                  <String HEIGHT="32"
                          WIDTH="87"
                          VPOS="1660"
                          HPOS="1274"
                          CONTENT="quod"/>
                  <SP HEIGHT="32" WIDTH="11" VPOS="1660" HPOS="1361"/>
                  <String HEIGHT="32"
                          WIDTH="76"
                          VPOS="1660"
                          HPOS="1328"
                          CONTENT="non"/>
                  <SP HEIGHT="32" WIDTH="11" VPOS="1660" HPOS="1404"/>
                  <String HEIGHT="32" WIDTH="65" VPOS="1660" HPOS="1372" CONTENT="in"/>
                  <SP HEIGHT="32" WIDTH="11" VPOS="1660" HPOS="1437"/>
                  <String HEIGHT="32" WIDTH="44" VPOS="1660" HPOS="1393" CONTENT="po"/>
               </TextLine>
               <TextLine ID="r2l106"
                         BASELINE="1721"
                         HEIGHT="32"
                         WIDTH="594"
                         VPOS="1689"
                         HPOS="850">
                  <String HEIGHT="32"
                          WIDTH="117"
                          VPOS="1689"
                          HPOS="839"
                          CONTENT="testate"/>
                  <SP HEIGHT="32" WIDTH="11" VPOS="1689" HPOS="956"/>
                  <String HEIGHT="32" WIDTH="74" VPOS="1689" HPOS="924" CONTENT="dei"/>
                  <SP HEIGHT="32" WIDTH="11" VPOS="1689" HPOS="999"/>
                  <String HEIGHT="32"
                          WIDTH="85"
                          VPOS="1689"
                          HPOS="967"
                          CONTENT="quod"/>
                  <SP HEIGHT="32" WIDTH="11" VPOS="1689" HPOS="1052"/>
                  <String HEIGHT="32"
                          WIDTH="95"
                          VPOS="1689"
                          HPOS="1020"
                          CONTENT="actus"/>
                  <SP HEIGHT="32" WIDTH="11" VPOS="1689" HPOS="1115"/>
                  <String HEIGHT="32"
                          WIDTH="74"
                          VPOS="1689"
                          HPOS="1083"
                          CONTENT="sit"/>
                  <SP HEIGHT="32" WIDTH="11" VPOS="1689" HPOS="1158"/>
                  <String HEIGHT="32"
                          WIDTH="127"
                          VPOS="1689"
                          HPOS="1126"
                          CONTENT="essentie"/>
                  <SP HEIGHT="32" WIDTH="11" VPOS="1689" HPOS="1253"/>
                  <String HEIGHT="32" WIDTH="64" VPOS="1689" HPOS="1221" CONTENT="et"/>
                  <SP HEIGHT="32" WIDTH="11" VPOS="1689" HPOS="1285"/>
                  <String HEIGHT="32"
                          WIDTH="74"
                          VPOS="1689"
                          HPOS="1253"
                          CONTENT="non"/>
                  <SP HEIGHT="32" WIDTH="11" VPOS="1689" HPOS="1327"/>
                  <String HEIGHT="32"
                          WIDTH="95"
                          VPOS="1689"
                          HPOS="1296"
                          CONTENT="trium"/>
                  <SP HEIGHT="32" WIDTH="11" VPOS="1689" HPOS="1391"/>
                  <String HEIGHT="32"
                          WIDTH="95"
                          VPOS="1689"
                          HPOS="1349"
                          CONTENT="persona"/>
               </TextLine>
               <TextLine ID="r2l107"
                         BASELINE="1746"
                         HEIGHT="29"
                         WIDTH="590"
                         VPOS="1717"
                         HPOS="847">
                  <String HEIGHT="29"
                          WIDTH="86"
                          VPOS="1717"
                          HPOS="836"
                          CONTENT="rum."/>
                  <SP HEIGHT="29" WIDTH="11" VPOS="1717" HPOS="922"/>
                  <String HEIGHT="29" WIDTH="75" VPOS="1717" HPOS="890" CONTENT="sed"/>
                  <SP HEIGHT="29" WIDTH="11" VPOS="1717" HPOS="965"/>
                  <String HEIGHT="29"
                          WIDTH="139"
                          VPOS="1717"
                          HPOS="933"
                          CONTENT="respondet"/>
                  <SP HEIGHT="29" WIDTH="11" VPOS="1717" HPOS="1072"/>
                  <String HEIGHT="29"
                          WIDTH="86"
                          VPOS="1717"
                          HPOS="1040"
                          CONTENT="quod"/>
                  <SP HEIGHT="29" WIDTH="11" VPOS="1717" HPOS="1126"/>
                  <String HEIGHT="29"
                          WIDTH="75"
                          VPOS="1717"
                          HPOS="1094"
                          CONTENT="non"/>
                  <SP HEIGHT="29" WIDTH="11" VPOS="1717" HPOS="1169"/>
                  <String HEIGHT="29"
                          WIDTH="129"
                          VPOS="1717"
                          HPOS="1137"
                          CONTENT="sequitur"/>
                  <SP HEIGHT="29" WIDTH="11" VPOS="1717" HPOS="1265"/>
                  <String HEIGHT="29"
                          WIDTH="75"
                          VPOS="1717"
                          HPOS="1233"
                          CONTENT="nam"/>
                  <SP HEIGHT="29" WIDTH="11" VPOS="1717" HPOS="1308"/>
                  <String HEIGHT="29"
                          WIDTH="97"
                          VPOS="1717"
                          HPOS="1276"
                          CONTENT="actus"/>
                  <SP HEIGHT="29" WIDTH="11" VPOS="1717" HPOS="1373"/>
                  <String HEIGHT="29"
                          WIDTH="107"
                          VPOS="1717"
                          HPOS="1330"
                          CONTENT="elicitus"/>
               </TextLine>
               <TextLine ID="r2l109"
                         BASELINE="1776"
                         HEIGHT="30"
                         WIDTH="601"
                         VPOS="1746"
                         HPOS="850">
                  <String HEIGHT="30" WIDTH="82" VPOS="1746" HPOS="838" CONTENT="est"/>
                  <SP HEIGHT="30" WIDTH="12" VPOS="1746" HPOS="921"/>
                  <String HEIGHT="30" WIDTH="71" VPOS="1746" HPOS="885" CONTENT="in"/>
                  <SP HEIGHT="30" WIDTH="12" VPOS="1746" HPOS="956"/>
                  <String HEIGHT="30"
                          WIDTH="153"
                          VPOS="1746"
                          HPOS="921"
                          CONTENT="potestate"/>
                  <SP HEIGHT="30" WIDTH="12" VPOS="1746" HPOS="1074"/>
                  <String HEIGHT="30"
                          WIDTH="82"
                          VPOS="1746"
                          HPOS="1039"
                          CONTENT="dei"/>
                  <SP HEIGHT="30" WIDTH="12" VPOS="1746" HPOS="1121"/>
                  <String HEIGHT="30"
                          WIDTH="130"
                          VPOS="1746"
                          HPOS="1086"
                          CONTENT="quantum"/>
                  <SP HEIGHT="30" WIDTH="12" VPOS="1746" HPOS="1215"/>
                  <String HEIGHT="30" WIDTH="71" VPOS="1746" HPOS="1180" CONTENT="ad"/>
                  <SP HEIGHT="30" WIDTH="12" VPOS="1746" HPOS="1251"/>
                  <String HEIGHT="30"
                          WIDTH="130"
                          VPOS="1746"
                          HPOS="1215"
                          CONTENT="aliquam"/>
                  <SP HEIGHT="30" WIDTH="12" VPOS="1746" HPOS="1345"/>
                  <String HEIGHT="30"
                          WIDTH="153"
                          VPOS="1746"
                          HPOS="1298"
                          CONTENT="conditionem"/>
               </TextLine>
               <TextLine ID="r2l111"
                         BASELINE="1805"
                         HEIGHT="33"
                         WIDTH="598"
                         VPOS="1772"
                         HPOS="846">
                  <String HEIGHT="33" WIDTH="82" VPOS="1772" HPOS="834" CONTENT="que"/>
                  <SP HEIGHT="33" WIDTH="12" VPOS="1772" HPOS="916"/>
                  <String HEIGHT="33"
                          WIDTH="176"
                          VPOS="1772"
                          HPOS="881"
                          CONTENT="nuturaliter"/>
                  <SP HEIGHT="33" WIDTH="12" VPOS="1772" HPOS="1057"/>
                  <String HEIGHT="33"
                          WIDTH="94"
                          VPOS="1772"
                          HPOS="1022"
                          CONTENT="sibi"/>
                  <SP HEIGHT="33" WIDTH="12" VPOS="1772" HPOS="1116"/>
                  <String HEIGHT="33"
                          WIDTH="164"
                          VPOS="1772"
                          HPOS="1081"
                          CONTENT="competeret"/>
                  <SP HEIGHT="33" WIDTH="12" VPOS="1772" HPOS="1245"/>
                  <String HEIGHT="33" WIDTH="70" VPOS="1772" HPOS="1209" CONTENT="ex"/>
                  <SP HEIGHT="33" WIDTH="12" VPOS="1772" HPOS="1280"/>
                  <String HEIGHT="33"
                          WIDTH="129"
                          VPOS="1772"
                          HPOS="1245"
                          CONTENT="obiecto"/>
                  <SP HEIGHT="33" WIDTH="12" VPOS="1772" HPOS="1374"/>
                  <String HEIGHT="33" WIDTH="70" VPOS="1772" HPOS="1338" CONTENT="et"/>
                  <SP HEIGHT="33" WIDTH="12" VPOS="1772" HPOS="1409"/>
                  <String HEIGHT="33"
                          WIDTH="82"
                          VPOS="1772"
                          HPOS="1362"
                          CONTENT="tamen"/>
               </TextLine>
               <TextLine ID="r2l113"
                         BASELINE="1833"
                         HEIGHT="32"
                         WIDTH="606"
                         VPOS="1801"
                         HPOS="844">
                  <String HEIGHT="32" WIDTH="87" VPOS="1801" HPOS="832" CONTENT="non"/>
                  <SP HEIGHT="32" WIDTH="12" VPOS="1801" HPOS="918"/>
                  <String HEIGHT="32" WIDTH="87" VPOS="1801" HPOS="881" CONTENT="est"/>
                  <SP HEIGHT="32" WIDTH="12" VPOS="1801" HPOS="968"/>
                  <String HEIGHT="32" WIDTH="74" VPOS="1801" HPOS="931" CONTENT="in"/>
                  <SP HEIGHT="32" WIDTH="12" VPOS="1801" HPOS="1005"/>
                  <String HEIGHT="32"
                          WIDTH="161"
                          VPOS="1801"
                          HPOS="968"
                          CONTENT="potestate"/>
                  <SP HEIGHT="32" WIDTH="12" VPOS="1801" HPOS="1128"/>
                  <String HEIGHT="32"
                          WIDTH="124"
                          VPOS="1801"
                          HPOS="1091"
                          CONTENT="creata"/>
                  <SP HEIGHT="32" WIDTH="12" VPOS="1801" HPOS="1215"/>
                  <String HEIGHT="32"
                          WIDTH="136"
                          VPOS="1801"
                          HPOS="1178"
                          CONTENT="quantum"/>
                  <SP HEIGHT="32" WIDTH="12" VPOS="1801" HPOS="1314"/>
                  <String HEIGHT="32" WIDTH="74" VPOS="1801" HPOS="1277" CONTENT="ud"/>
                  <SP HEIGHT="32" WIDTH="12" VPOS="1801" HPOS="1351"/>
                  <String HEIGHT="32"
                          WIDTH="111"
                          VPOS="1801"
                          HPOS="1314"
                          CONTENT="illam"/>
                  <SP HEIGHT="32" WIDTH="12" VPOS="1801" HPOS="1425"/>
                  <String HEIGHT="32"
                          WIDTH="74"
                          VPOS="1801"
                          HPOS="1376"
                          CONTENT="con"
                          SUBS_TYPE="HypPart1"
                          SUBS_CONTENT="conditionem"/>
                  <HYP CONTENT="-"/>
               </TextLine>
               <TextLine ID="r2l116"
                         BASELINE="1863"
                         HEIGHT="35"
                         WIDTH="600"
                         VPOS="1828"
                         HPOS="847">
                  <String HEIGHT="35"
                          WIDTH="129"
                          VPOS="1828"
                          HPOS="836"
                          CONTENT="ditionem"
                          SUBS_TYPE="HypPart2"
                          SUBS_CONTENT="conditionem"/>
                  <SP HEIGHT="35" WIDTH="11" VPOS="1828" HPOS="965"/>
                  <String HEIGHT="35" WIDTH="64" VPOS="1828" HPOS="933" CONTENT="vt"/>
                  <SP HEIGHT="35" WIDTH="11" VPOS="1828" HPOS="997"/>
                  <String HEIGHT="35"
                          WIDTH="86"
                          VPOS="1828"
                          HPOS="965"
                          CONTENT="pote"/>
                  <SP HEIGHT="35" WIDTH="11" VPOS="1828" HPOS="1051"/>
                  <String HEIGHT="35"
                          WIDTH="96"
                          VPOS="1828"
                          HPOS="1018"
                          CONTENT="sicut"/>
                  <SP HEIGHT="35" WIDTH="11" VPOS="1828" HPOS="1115"/>
                  <String HEIGHT="35" WIDTH="64" VPOS="1828" HPOS="1083" CONTENT="in"/>
                  <SP HEIGHT="35" WIDTH="11" VPOS="1828" HPOS="1147"/>
                  <String HEIGHT="35"
                          WIDTH="193"
                          VPOS="1828"
                          HPOS="1115"
                          CONTENT="exemplificando"/>
                  <SP HEIGHT="35" WIDTH="11" VPOS="1828" HPOS="1308"/>
                  <String HEIGHT="35"
                          WIDTH="107"
                          VPOS="1828"
                          HPOS="1276"
                          CONTENT="innuit"/>
                  <SP HEIGHT="35" WIDTH="11" VPOS="1828" HPOS="1383"/>
                  <String HEIGHT="35"
                          WIDTH="86"
                          VPOS="1828"
                          HPOS="1351"
                          CONTENT="quod"/>
                  <SP HEIGHT="35" WIDTH="11" VPOS="1828" HPOS="1436"/>
                  <String HEIGHT="35"
                          WIDTH="54"
                          VPOS="1828"
                          HPOS="1393"
                          CONTENT="sit"/>
               </TextLine>
               <TextLine ID="r2l117"
                         BASELINE="1889"
                         HEIGHT="28"
                         WIDTH="584"
                         VPOS="1861"
                         HPOS="852">
                  <String HEIGHT="28" WIDTH="80" VPOS="1861" HPOS="841" CONTENT="vel"/>
                  <SP HEIGHT="28" WIDTH="11" VPOS="1861" HPOS="921"/>
                  <String HEIGHT="28" WIDTH="80" VPOS="1861" HPOS="886" CONTENT="non"/>
                  <SP HEIGHT="28" WIDTH="11" VPOS="1861" HPOS="967"/>
                  <String HEIGHT="28" WIDTH="80" VPOS="1861" HPOS="932" CONTENT="sit"/>
                  <SP HEIGHT="28" WIDTH="11" VPOS="1861" HPOS="1012"/>
                  <String HEIGHT="28"
                          WIDTH="137"
                          VPOS="1861"
                          HPOS="978"
                          CONTENT="respectu"/>
                  <SP HEIGHT="28" WIDTH="11" VPOS="1861" HPOS="1115"/>
                  <String HEIGHT="28"
                          WIDTH="126"
                          VPOS="1861"
                          HPOS="1081"
                          CONTENT="obiecti"/>
                  <SP HEIGHT="28" WIDTH="11" VPOS="1861" HPOS="1207"/>
                  <String HEIGHT="28"
                          WIDTH="172"
                          VPOS="1861"
                          HPOS="1173"
                          CONTENT="secundarum."/>
                  <SP HEIGHT="28" WIDTH="11" VPOS="1861" HPOS="1344"/>
                  <String HEIGHT="28"
                          WIDTH="80"
                          VPOS="1861"
                          HPOS="1310"
                          CONTENT="Sed"/>
                  <SP HEIGHT="28" WIDTH="11" VPOS="1861" HPOS="1390"/>
                  <String HEIGHT="28" WIDTH="69" VPOS="1861" HPOS="1356" CONTENT="ex"/>
                  <SP HEIGHT="28" WIDTH="11" VPOS="1861" HPOS="1425"/>
                  <String HEIGHT="28"
                          WIDTH="57"
                          VPOS="1861"
                          HPOS="1379"
                          CONTENT="quo"/>
               </TextLine>
               <TextLine ID="r2l119"
                         BASELINE="1918"
                         HEIGHT="32"
                         WIDTH="600"
                         VPOS="1886"
                         HPOS="846">
                  <String HEIGHT="32"
                          WIDTH="104"
                          VPOS="1886"
                          HPOS="834"
                          CONTENT="teneo"/>
                  <SP HEIGHT="32" WIDTH="12" VPOS="1886" HPOS="938"/>
                  <String HEIGHT="32"
                          WIDTH="92"
                          VPOS="1886"
                          HPOS="904"
                          CONTENT="sibi"/>
                  <SP HEIGHT="32" WIDTH="12" VPOS="1886" HPOS="996"/>
                  <String HEIGHT="32"
                          WIDTH="185"
                          VPOS="1886"
                          HPOS="961"
                          CONTENT="conclusionem"/>
                  <SP HEIGHT="32" WIDTH="12" VPOS="1886" HPOS="1146"/>
                  <String HEIGHT="32"
                          WIDTH="162"
                          VPOS="1886"
                          HPOS="1111"
                          CONTENT="contrariam"/>
                  <SP HEIGHT="32" WIDTH="12" VPOS="1886" HPOS="1273"/>
                  <String HEIGHT="32"
                          WIDTH="81"
                          VPOS="1886"
                          HPOS="1238"
                          CONTENT="non"/>
                  <SP HEIGHT="32" WIDTH="12" VPOS="1886" HPOS="1319"/>
                  <String HEIGHT="32"
                          WIDTH="127"
                          VPOS="1886"
                          HPOS="1284"
                          CONTENT="accipio"/>
                  <SP HEIGHT="32" WIDTH="12" VPOS="1886" HPOS="1411"/>
                  <String HEIGHT="32"
                          WIDTH="81"
                          VPOS="1886"
                          HPOS="1365"
                          CONTENT="dicta"/>
               </TextLine>
               <TextLine ID="r2l122"
                         BASELINE="1947"
                         HEIGHT="33"
                         WIDTH="603"
                         VPOS="1914"
                         HPOS="847">
                  <String HEIGHT="33" WIDTH="80" VPOS="1914" HPOS="836" CONTENT="sua"/>
                  <SP HEIGHT="33" WIDTH="11" VPOS="1914" HPOS="915"/>
                  <String HEIGHT="33"
                          WIDTH="102"
                          VPOS="1914"
                          HPOS="881"
                          CONTENT="omnia"/>
                  <SP HEIGHT="33" WIDTH="11" VPOS="1914" HPOS="984"/>
                  <String HEIGHT="33" WIDTH="68" VPOS="1914" HPOS="949" CONTENT="vt"/>
                  <SP HEIGHT="33" WIDTH="11" VPOS="1914" HPOS="1018"/>
                  <String HEIGHT="33"
                          WIDTH="114"
                          VPOS="1914"
                          HPOS="984"
                          CONTENT="teneam"/>
                  <SP HEIGHT="33" WIDTH="11" VPOS="1914" HPOS="1097"/>
                  <String HEIGHT="33"
                          WIDTH="80"
                          VPOS="1914"
                          HPOS="1063"
                          CONTENT="sed"/>
                  <SP HEIGHT="33" WIDTH="11" VPOS="1914" HPOS="1143"/>
                  <String HEIGHT="33" WIDTH="68" VPOS="1914" HPOS="1109" CONTENT="ut"/>
                  <SP HEIGHT="33" WIDTH="11" VPOS="1914" HPOS="1177"/>
                  <String HEIGHT="33" WIDTH="68" VPOS="1914" HPOS="1143" CONTENT="ex"/>
                  <SP HEIGHT="33" WIDTH="11" VPOS="1914" HPOS="1211"/>
                  <String HEIGHT="33"
                          WIDTH="80"
                          VPOS="1914"
                          HPOS="1177"
                          CONTENT="eis"/>
                  <SP HEIGHT="33" WIDTH="11" VPOS="1914" HPOS="1257"/>
                  <String HEIGHT="33"
                          WIDTH="80"
                          VPOS="1914"
                          HPOS="1222"
                          CONTENT="pro"/>
                  <SP HEIGHT="33" WIDTH="11" VPOS="1914" HPOS="1302"/>
                  <String HEIGHT="33"
                          WIDTH="171"
                          VPOS="1914"
                          HPOS="1268"
                          CONTENT="conclusione"/>
                  <SP HEIGHT="33" WIDTH="11" VPOS="1914" HPOS="1439"/>
                  <String HEIGHT="33"
                          WIDTH="57"
                          VPOS="1914"
                          HPOS="1393"
                          CONTENT="mea"/>
               </TextLine>
               <TextLine ID="r2l124"
                         BASELINE="1973"
                         HEIGHT="28"
                         WIDTH="596"
                         VPOS="1945"
                         HPOS="847">
                  <String HEIGHT="28"
                          WIDTH="108"
                          VPOS="1945"
                          HPOS="836"
                          CONTENT="contra"/>
                  <SP HEIGHT="28" WIDTH="11" VPOS="1945" HPOS="945"/>
                  <String HEIGHT="28" WIDTH="65" VPOS="1945" HPOS="912" CONTENT="ea"/>
                  <SP HEIGHT="28" WIDTH="11" VPOS="1945" HPOS="977"/>
                  <String HEIGHT="28"
                          WIDTH="119"
                          VPOS="1945"
                          HPOS="945"
                          CONTENT="arguam."/>
                  <SP HEIGHT="28" WIDTH="11" VPOS="1945" HPOS="1064"/>
                  <String HEIGHT="28" WIDTH="65" VPOS="1945" HPOS="1031" CONTENT="Et"/>
                  <SP HEIGHT="28" WIDTH="11" VPOS="1945" HPOS="1096"/>
                  <String HEIGHT="28"
                          WIDTH="87"
                          VPOS="1945"
                          HPOS="1064"
                          CONTENT="ideo"/>
                  <SP HEIGHT="28" WIDTH="11" VPOS="1945" HPOS="1150"/>
                  <String HEIGHT="28"
                          WIDTH="87"
                          VPOS="1945"
                          HPOS="1118"
                          CONTENT="dico"/>
                  <SP HEIGHT="28" WIDTH="11" VPOS="1945" HPOS="1205"/>
                  <String HEIGHT="28"
                          WIDTH="87"
                          VPOS="1945"
                          HPOS="1172"
                          CONTENT="quod"/>
                  <SP HEIGHT="28" WIDTH="11" VPOS="1945" HPOS="1259"/>
                  <String HEIGHT="28"
                          WIDTH="76"
                          VPOS="1945"
                          HPOS="1226"
                          CONTENT="non"/>
                  <SP HEIGHT="28" WIDTH="11" VPOS="1945" HPOS="1302"/>
                  <String HEIGHT="28"
                          WIDTH="173"
                          VPOS="1945"
                          HPOS="1270"
                          CONTENT="sufficienter"/>
                  <SP HEIGHT="28" WIDTH="11" VPOS="1945" HPOS="1443"/>
                  <String HEIGHT="28" WIDTH="43" VPOS="1945" HPOS="1400" CONTENT="mi"/>
               </TextLine>
               <TextLine ID="r2l126"
                         BASELINE="2000"
                         HEIGHT="31"
                         WIDTH="602"
                         VPOS="1969"
                         HPOS="847">
                  <String HEIGHT="31" WIDTH="71" VPOS="1969" HPOS="835" CONTENT="hi"/>
                  <SP HEIGHT="31" WIDTH="12" VPOS="1969" HPOS="906"/>
                  <String HEIGHT="31"
                          WIDTH="142"
                          VPOS="1969"
                          HPOS="871"
                          CONTENT="propriam"/>
                  <SP HEIGHT="31" WIDTH="12" VPOS="1969" HPOS="1012"/>
                  <String HEIGHT="31"
                          WIDTH="118"
                          VPOS="1969"
                          HPOS="977"
                          CONTENT="soluit"/>
                  <SP HEIGHT="31" WIDTH="12" VPOS="1969" HPOS="1095"/>
                  <String HEIGHT="31"
                          WIDTH="165"
                          VPOS="1969"
                          HPOS="1059"
                          CONTENT="instantiam"/>
                  <SP HEIGHT="31" WIDTH="12" VPOS="1969" HPOS="1225"/>
                  <String HEIGHT="31"
                          WIDTH="118"
                          VPOS="1969"
                          HPOS="1189"
                          CONTENT="contra"/>
                  <SP HEIGHT="31" WIDTH="12" VPOS="1969" HPOS="1307"/>
                  <String HEIGHT="31" WIDTH="71" VPOS="1969" HPOS="1272" CONTENT="se"/>
                  <SP HEIGHT="31" WIDTH="12" VPOS="1969" HPOS="1343"/>
                  <String HEIGHT="31" WIDTH="71" VPOS="1969" HPOS="1307" CONTENT="et"/>
                  <SP HEIGHT="31" WIDTH="12" VPOS="1969" HPOS="1378"/>
                  <String HEIGHT="31"
                          WIDTH="106"
                          VPOS="1969"
                          HPOS="1343"
                          CONTENT="etiam"/>
                  <SP HEIGHT="31" WIDTH="12" VPOS="1969" HPOS="1449"/>
                  <String HEIGHT="31" WIDTH="47" VPOS="1969" HPOS="1402" CONTENT="il"/>
               </TextLine>
               <TextLine ID="r2l128"
                         BASELINE="2036"
                         HEIGHT="34"
                         WIDTH="594"
                         VPOS="2002"
                         HPOS="843">
                  <String HEIGHT="34" WIDTH="87" VPOS="2002" HPOS="831" CONTENT="lud"/>
                  <SP HEIGHT="34" WIDTH="12" VPOS="2002" HPOS="917"/>
                  <String HEIGHT="34"
                          WIDTH="99"
                          VPOS="2002"
                          HPOS="880"
                          CONTENT="quod"/>
                  <SP HEIGHT="34" WIDTH="12" VPOS="2002" HPOS="979"/>
                  <String HEIGHT="34" WIDTH="87" VPOS="2002" HPOS="942" CONTENT="ego"/>
                  <SP HEIGHT="34" WIDTH="12" VPOS="2002" HPOS="1029"/>
                  <String HEIGHT="34"
                          WIDTH="111"
                          VPOS="2002"
                          HPOS="992"
                          CONTENT="probo"/>
                  <SP HEIGHT="34" WIDTH="12" VPOS="2002" HPOS="1103"/>
                  <String HEIGHT="34"
                          WIDTH="87"
                          VPOS="2002"
                          HPOS="1066"
                          CONTENT="per"/>
                  <SP HEIGHT="34" WIDTH="12" VPOS="2002" HPOS="1152"/>
                  <String HEIGHT="34"
                          WIDTH="111"
                          VPOS="2002"
                          HPOS="1115"
                          CONTENT="illud"/>
                  <SP HEIGHT="34" WIDTH="12" VPOS="2002" HPOS="1227"/>
                  <String HEIGHT="34"
                          WIDTH="173"
                          VPOS="2002"
                          HPOS="1190"
                          CONTENT="principium"/>
                  <SP HEIGHT="34" WIDTH="12" VPOS="2002" HPOS="1363"/>
                  <String HEIGHT="34"
                          WIDTH="124"
                          VPOS="2002"
                          HPOS="1313"
                          CONTENT="impossi"
                          SUBS_TYPE="HypPart1"
                          SUBS_CONTENT="impossibile"/>
                  <HYP CONTENT="-"/>
               </TextLine>
               <TextLine ID="r2l129"
                         BASELINE="2062"
                         HEIGHT="36"
                         WIDTH="592"
                         VPOS="2026"
                         HPOS="848">
                  <String HEIGHT="36"
                          WIDTH="80"
                          VPOS="2026"
                          HPOS="838"
                          CONTENT="bile"
                          SUBS_TYPE="HypPart2"
                          SUBS_CONTENT="impossibile"/>
                  <SP HEIGHT="36" WIDTH="10" VPOS="2026" HPOS="918"/>
                  <String HEIGHT="36" WIDTH="70" VPOS="2026" HPOS="888" CONTENT="est"/>
                  <SP HEIGHT="36" WIDTH="10" VPOS="2026" HPOS="958"/>
                  <String HEIGHT="36"
                          WIDTH="120"
                          VPOS="2026"
                          HPOS="928"
                          CONTENT="transire"/>
                  <SP HEIGHT="36" WIDTH="10" VPOS="2026" HPOS="1049"/>
                  <String HEIGHT="36" WIDTH="60" VPOS="2026" HPOS="1019" CONTENT="de"/>
                  <SP HEIGHT="36" WIDTH="10" VPOS="2026" HPOS="1079"/>
                  <String HEIGHT="36"
                          WIDTH="181"
                          VPOS="2026"
                          HPOS="1049"
                          CONTENT="contradictorio"/>
                  <SP HEIGHT="36" WIDTH="10" VPOS="2026" HPOS="1229"/>
                  <String HEIGHT="36" WIDTH="60" VPOS="2026" HPOS="1199" CONTENT="in"/>
                  <SP HEIGHT="36" WIDTH="10" VPOS="2026" HPOS="1259"/>
                  <String HEIGHT="36"
                          WIDTH="191"
                          VPOS="2026"
                          HPOS="1229"
                          CONTENT="contradictonium"/>
                  <SP HEIGHT="36" WIDTH="10" VPOS="2026" HPOS="1420"/>
                  <String HEIGHT="36"
                          WIDTH="60"
                          VPOS="2026"
                          HPOS="1380"
                          CONTENT="etc."/>
               </TextLine>
               <TextLine ID="r2l132"
                         BASELINE="2085"
                         HEIGHT="30"
                         WIDTH="593"
                         VPOS="2055"
                         HPOS="851">
                  <String HEIGHT="30" WIDTH="85" VPOS="2055" HPOS="839" CONTENT="quo"/>
                  <SP HEIGHT="30" WIDTH="12" VPOS="2055" HPOS="924"/>
                  <String HEIGHT="30"
                          WIDTH="157"
                          VPOS="2055"
                          HPOS="887"
                          CONTENT="principio"/>
                  <SP HEIGHT="30" WIDTH="12" VPOS="2055" HPOS="1045"/>
                  <String HEIGHT="30"
                          WIDTH="133"
                          VPOS="2055"
                          HPOS="1008"
                          CONTENT="ipsemet"/>
                  <SP HEIGHT="30" WIDTH="12" VPOS="2055" HPOS="1141"/>
                  <String HEIGHT="30"
                          WIDTH="169"
                          VPOS="2055"
                          HPOS="1105"
                          CONTENT="frequenter"/>
                  <SP HEIGHT="30" WIDTH="12" VPOS="2055" HPOS="1275"/>
                  <String HEIGHT="30"
                          WIDTH="121"
                          VPOS="2055"
                          HPOS="1238"
                          CONTENT="vtitur"/>
                  <SP HEIGHT="30" WIDTH="12" VPOS="2055" HPOS="1359"/>
                  <String HEIGHT="30"
                          WIDTH="109"
                          VPOS="2055"
                          HPOS="1323"
                          CONTENT="sicut"/>
                  <SP HEIGHT="30" WIDTH="12" VPOS="2055" HPOS="1432"/>
                  <String HEIGHT="30"
                          WIDTH="61"
                          VPOS="2055"
                          HPOS="1383"
                          CONTENT="di"
                          SUBS_TYPE="HypPart1"
                          SUBS_CONTENT="distinctione"/>
                  <HYP CONTENT="-"/>
               </TextLine>
               <TextLine ID="r2l133"
                         BASELINE="2124"
                         HEIGHT="41"
                         WIDTH="602"
                         VPOS="2083"
                         HPOS="844">
                  <String HEIGHT="41"
                          WIDTH="162"
                          VPOS="2083"
                          HPOS="832"
                          CONTENT="stinctione"
                          SUBS_TYPE="HypPart2"
                          SUBS_CONTENT="distinctione"/>
                  <SP HEIGHT="41" WIDTH="12" VPOS="2083" HPOS="995"/>
                  <String HEIGHT="41"
                          WIDTH="93"
                          VPOS="2083"
                          HPOS="960"
                          CONTENT=".17."/>
                  <SP HEIGHT="41" WIDTH="12" VPOS="2083" HPOS="1052"/>
                  <String HEIGHT="41"
                          WIDTH="104"
                          VPOS="2083"
                          HPOS="1018"
                          CONTENT="primi"/>
                  <SP HEIGHT="41" WIDTH="12" VPOS="2083" HPOS="1122"/>
                  <String HEIGHT="41" WIDTH="69" VPOS="2083" HPOS="1087" CONTENT="et"/>
                  <SP HEIGHT="41" WIDTH="12" VPOS="2083" HPOS="1157"/>
                  <String HEIGHT="41"
                          WIDTH="104"
                          VPOS="2083"
                          HPOS="1122"
                          CONTENT="alibi"/>
                  <SP HEIGHT="41" WIDTH="12" VPOS="2083" HPOS="1226"/>
                  <String HEIGHT="41" WIDTH="69" VPOS="2083" HPOS="1191" CONTENT="et"/>
                  <SP HEIGHT="41" WIDTH="12" VPOS="2083" HPOS="1261"/>
                  <String HEIGHT="41"
                          WIDTH="104"
                          VPOS="2083"
                          HPOS="1226"
                          CONTENT="certe"/>
                  <SP HEIGHT="41" WIDTH="12" VPOS="2083" HPOS="1330"/>
                  <String HEIGHT="41" WIDTH="69" VPOS="2083" HPOS="1296" CONTENT="in"/>
                  <SP HEIGHT="41" WIDTH="12" VPOS="2083" HPOS="1365"/>
                  <String HEIGHT="41"
                          WIDTH="81"
                          VPOS="2083"
                          HPOS="1330"
                          CONTENT="hoc"/>
                  <SP HEIGHT="41" WIDTH="12" VPOS="2083" HPOS="1411"/>
                  <String HEIGHT="41"
                          WIDTH="81"
                          VPOS="2083"
                          HPOS="1365"
                          CONTENT="passu"/>
               </TextLine>
            </TextBlock>
         </PrintSpace>
      </Page>
   </Layout>
</alto>
