1786 2500
359 222 111 49 igitur
437 222 89 49 etc.
492 222 89 49 Item
548 222 67 49 de
581 222 133 49 qualibet
681 222 122 49 persona
770 222 111 49 potest
848 222 111 49 haberi
915 222 44 49 de

354 270 123 31 scriptio
446 270 62 31 et
477 270 154 31 notificatio
600 270 82 31 sibi
652 270 113 31 propria
734 270 103 31 igitur
806 270 82 31 ipsa
857 270 103 31 potius
919 270 41 31 re

360 298 143 33 praesentat
472 298 92 33 illam
533 298 122 33 personam
625 298 82 33 quam
676 298 102 33 aliam.
747 298 132 33 assumptum
849 298 92 33 patet
900 298 61 33 quia

352 327 117 31 aliter
434 327 176 31 intellectus
575 327 82 31 non
622 327 188 31 distingueret
774 327 106 31 inter
833 327 129 31 prersonas

352 352 57 34 Et
381 352 190 34 proportionaliter
543 352 86 34 argui
600 352 95 34 potest
666 352 57 34 de
695 352 152 34 fruitionibus
818 352 143 34 conformibus
923 352 38 34 an

355 383 73 29 te
391 383 134 29 dictis.
489 383 61 29 ⁋
513 383 97 29 Item
574 383 122 29 maxime
659 383 158 29 videretur
781 383 109 29 talis
841 383 122 29 connexio

351 408 67 33 in
384 408 168 33 cognoscendo
519 408 112 33 patrem
597 408 67 33 et
630 408 112 33 filium
709 408 123 33 propter
798 408 157 33 relationem
910 408 56 33 sed

348 430 83 38 hoc
395 430 83 38 non
443 430 130 38 oportet
537 430 94 38 quia
596 430 106 38 sicut
667 430 83 38 res
714 430 142 38 absoluta
820 430 118 38 potest
891 430 71 38 quan

358 461 97 37 doque
423 461 119 37 concipi
509 461 65 37 et
542 461 129 37 describi
639 461 129 37 relatiue
736 461 75 37 ita
779 461 97 37 etiam
843 461 75 37 res
876 461 86 37 relati

353 493 72 35 ua
389 493 132 35 concipi
485 493 72 35 et
520 493 144 35 describi
628 493 144 35 absolute
736 493 132 35 igitur.
831 493 60 35 ⁋
855 493 96 35 Item
915 493 72 35 ad

355 525 117 30 eundem
437 525 175 30 intellectum
577 525 70 30 ad
612 525 93 30 quem
670 525 105 30 fides
740 525 152 30 compellit
845 525 117 30 concede-

348 548 62 32 re
379 548 92 32 istas
440 548 123 32 essentia
532 548 72 32 est
573 548 103 32 filius
645 548 92 32 pater
707 548 72 32 non
748 548 72 32 est
789 548 103 32 filius
860 548 82 32 sunt
901 548 62 32 iste

349 578 185 32 concedende
494 578 159 32 essentia
614 578 146 32 videtur
720 578 93 32 hac
773 578 146 32 visione
865 578 93 32 Pater

356 607 88 33 nom
407 607 139 33 videtur
508 607 88 33 hac
558 607 139 33 visione
659 607 151 33 Probatur
773 607 101 33 quia
836 607 88 33 per
874 607 88 33 illam

357 634 180 35 propositionem
506 634 95 35 pater
569 634 74 35 non
612 634 74 35 est
654 634 106 35 filius
728 634 74 35 aut
770 634 169 35 intelligitur
897 634 64 35 quod

355 661 88 37 pater
414 661 69 37 non
453 661 69 37 sit
493 661 88 37 istam
552 661 69 37 res
591 661 69 37 que
630 661 69 37 est
669 661 98 37 filius
738 661 59 37 et
768 661 69 37 hoc
807 661 69 37 est
846 661 98 37 falsum
905 661 59 37 quia

350 690 75 35 est
393 690 139 35 diuinitas
500 690 75 35 que
543 690 75 35 est
586 690 107 35 filius
661 690 75 35 aut
703 690 171 35 intelligitur
842 690 86 35 quod
885 690 75 35 patet

351 716 72 31 non
392 716 72 31 est
433 716 62 31 de
464 716 62 31 se
495 716 103 31 filius
567 716 72 31 ita
608 716 82 31 quod
660 716 82 31 siue
711 716 93 31 pater
773 716 93 31 esset
835 716 134 31 diuinitas
928 716 41 31 si

354 747 68 36 ue
388 747 79 36 non
433 747 101 36 adhuc
500 747 79 36 non
545 747 101 36 esset
613 747 113 36 filius
692 747 79 36 sic
737 747 56 36 a
759 747 113 36 simili
838 747 68 36 in
861 747 101 36 proposi

358 773 74 35 to
395 773 87 35 cum
444 773 136 35 dicitur
544 773 112 35 pater
618 773 87 35 non
668 773 136 35 videtur
767 773 87 35 hac
816 773 136 35 visione
903 773 62 35 aut

356 803 171 35 intelligitur
495 803 85 35 quod
548 803 96 35 pater
612 803 75 35 non
655 803 75 35 sit
697 803 85 35 illa
751 803 75 35 res
793 803 75 35 que
836 803 117 35 videtur
911 803 53 35 per

357 832 76 31 eam
400 832 65 31 et
433 832 76 31 hoc
476 832 76 31 est
519 832 108 31 falsum
595 832 65 31 si
627 832 130 31 essentia
724 832 140 31 videretur
832 832 76 31 per
876 832 76 31 eam
908 832 54 31 cum

363 859 90 30 ipse
419 859 79 30 sit
464 859 135 30 essentia
565 859 79 30 aut
611 859 180 30 intelligitur
757 859 90 30 quod
813 859 101 30 pater
881 859 79 30 non
915 859 56 30 sit

354 889 72 29 de
390 889 72 29 se
426 889 157 29 visibilis
547 889 96 29 tali
607 889 133 29 visione
704 889 72 29 et
740 889 84 29 hoc
788 889 84 29 est
836 889 109 29 verum
897 889 72 29 quia

359 913 172 34 affirmatiua
496 913 92 34 sibi
553 913 137 34 opposita
656 913 80 34 est
702 913 103 34 falsa
770 913 92 34 quia
828 913 69 34 si
862 913 103 34 pater
919 913 46 34 vi

362 944 120 36 deretur
450 944 77 36 per
493 944 66 36 se
526 944 88 36 tali
581 944 120 36 visione
669 944 88 36 tunc
723 944 88 36 siue
778 944 99 36 pater
844 944 99 36 esset
898 944 66 36 idem

359 970 77 33 cum
403 970 155 33 diuinitate
525 970 88 33 siue
580 970 77 33 non
624 970 166 33 nihilominus
757 970 144 33 videretur
868 970 88 33 ista
912 970 55 33 vi-

353 1005 103 33 sione
421 1005 69 33 et
456 1005 80 33 hoc
502 1005 80 33 est
548 1005 115 33 falsum
628 1005 115 33 igitur
708 1005 138 33 negatiua
811 1005 92 33 sibi
857 1005 115 33 opposita

359 1029 80 34 est
404 1029 92 34 vera
462 1029 126 34 sumendo
553 1029 115 34 igitur
634 1029 195 34 propositiones
794 1029 103 34 istas
863 1029 69 34 ad
886 1029 80 34 istum

355 1045 184 49 intellectum
502 1045 74 49 ad
539 1045 98 49 quem
600 1045 147 49 loquitur
710 1045 110 49 fides
784 1045 86 49 cum
833 1045 135 49 dicitur
919 1045 49 49 es

362 1080 109 38 sentia
438 1080 76 38 est
482 1080 130 38 trinitas
579 1080 98 38 Pater
644 1080 76 38 non
688 1080 76 38 est
731 1080 130 38 trinitas
829 1080 119 38 possunt
905 1080 65 38 iste

351 1114 88 32 due
402 1114 214 32 propositiones
578 1114 139 32 concedi
679 1114 151 32 Essentia
793 1114 139 32 videtur
881 1114 88 32 pater

358 1140 73 32 non
399 1140 115 32 videtur
483 1140 94 32 sicut
545 1140 83 32 ille
597 1140 73 32 hec
639 1140 136 32 argumenta
744 1140 115 32 sumpta.
827 1140 83 32 sunt
879 1140 52 32 a
890 1140 83 32 cathi.

366 1170 60 33 ⁋
390 1170 96 33 Item
450 1170 120 33 contra
534 1170 192 33 conclusiones
689 1170 72 33 de
725 1170 132 33 noticia
809 1170 156 33 abstractiua

359 1199 83 28 quia
410 1199 155 28 abstractiua
535 1199 83 28 ideo
587 1199 114 28 dicitur
670 1199 83 28 quod
721 1199 135 28 abstrahit
825 1199 62 28 ab
856 1199 104 28 aliquo
918 1199 52 28 vel

366 1226 156 35 aliquibus
486 1226 60 35 a
510 1226 120 35 quibus
594 1226 84 35 non
642 1226 156 35 abstrahit
762 1226 156 35 intuitiua
870 1226 96 35 igitur

362 1253 89 32 non
413 1253 139 32 oportet
514 1253 101 32 quod
578 1253 101 32 omne
641 1253 152 32 cognitum
755 1253 89 32 per
793 1253 178 32 abstractiuam

361 1284 158 32 cognoscatur
488 1284 74 32 per
530 1284 147 32 intuitiuam
646 1284 105 32 igitur
719 1284 84 32 dato
772 1284 84 32 quod
825 1284 116 32 persone
898 1284 74 32 diui-

355 1312 71 33 ne
391 1312 83 33 non
438 1312 130 33 possunt
532 1312 153 33 separatim
650 1312 118 33 videri
733 1312 83 33 nec
780 1312 142 33 essentia
886 1312 59 33 a
898 1312 71 33 per-

362 1337 98 37 sona
423 1337 135 37 videtur
521 1337 86 37 cum
570 1337 184 37 abstractiua
717 1337 172 37 cognitione
852 1337 123 37 possit
926 1337 49 37 ma

360 1367 89 30 xime
416 1367 78 30 cum
460 1367 134 30 essentia
560 1367 89 30 vere
616 1367 67 30 et
649 1367 134 30 realiter
749 1367 78 30 sit
794 1367 134 30 communis
883 1367 89 30 perso-

354 1394 87 37 nis
403 1394 74 37 et
440 1394 136 37 commune
539 1394 148 37 cognosci
650 1394 124 37 possit
737 1394 136 37 proprio
836 1394 87 37 non
873 1394 99 37 cogni-

357 1423 83 32 to.
404 1423 59 32 ⁋
428 1423 118 32 Contra
511 1423 189 32 conclusionem
664 1423 118 32 primam
747 1423 71 32 de
782 1423 153 32 fruitione
888 1423 83 32 licet

354 1450 162 33 proprietas
482 1450 162 33 personalis
610 1450 81 33 sit
656 1450 128 33 bonitas
749 1450 174 33 essentialis
888 1450 81 33 non
923 1450 46 33 ta

365 1482 72 32 men
406 1482 72 32 est
447 1482 62 32 de
478 1482 62 32 se
509 1482 72 32 ita
551 1482 103 32 igitur
623 1482 93 32 licet
685 1482 62 32 ex
716 1482 72 32 hoc
757 1482 83 32 ipsa
809 1482 134 32 diligatur
912 1482 83 32 quod

353 1507 80 29 est
398 1507 125 29 bonitas
489 1507 170 29 essentialis
625 1507 68 29 si
659 1507 91 29 ipsa
716 1507 125 29 bonitas
807 1507 148 29 diligatur
909 1507 57 29 ta-

360 1536 80 30 men
405 1536 80 30 non
451 1536 125 30 oportet
541 1536 91 30 quod
598 1536 136 30 voluntas
700 1536 102 30 illam
769 1536 136 30 secundum
871 1536 68 30 se
893 1536 80 30 dili-

359 1562 84 35 gat
407 1562 84 35 sed
455 1562 108 35 solum
527 1562 84 35 per
575 1562 144 35 accidens
684 1562 132 35 propter
780 1562 180 35 ydentitatem
912 1562 60 35 cum

358 1592 149 34 bonitate
469 1592 137 34 communi
569 1592 186 34 essentiali.
718 1592 62 34 ⁋
743 1592 99 34 Item
805 1592 124 34 multis
879 1592 87 34 simul

354 1621 107 33 visis
425 1621 83 33 non
473 1621 130 33 oportet
568 1621 166 33 voluntatem
698 1621 107 33 omnia
769 1621 107 33 simul
841 1621 95 33 visa
888 1621 83 33 simul

362 1650 135 32 diligere
463 1650 113 32 igitur
542 1650 90 32 dato
599 1650 90 32 quod
655 1650 79 32 per
700 1650 68 32 se
734 1650 135 32 invideri
836 1650 79 32 vel
881 1650 113 32 cogno¬

350 1676 83 32 sci
398 1676 178 32 sequestrari
540 1676 83 32 non
587 1676 130 32 possunt
682 1676 83 32 non
730 1676 130 32 videtur
825 1676 130 32 requiri
908 1676 59 32 nec

362 1702 149 33 oportere
474 1702 100 33 quin
536 1702 149 33 voluntas
648 1702 100 33 vnam
710 1702 112 33 simul
784 1702 112 33 visam
847 1702 124 33 diligere

362 1734 127 31 valeat
451 1734 114 31 aliam
527 1734 89 31 non
578 1734 165 31 diligendo
705 1734 89 31 vel
755 1734 165 31 essentiam
882 1734 89 31 non
920 1734 51 31 di

359 1758 142 34 ligendo
462 1758 155 34 personam
578 1758 103 34 omni
643 1758 116 34 eodem
720 1758 116 34 amore
797 1758 77 34 ex
836 1758 90 34 quo
875 1758 90 34 volun

360 1789 83 33 tas
408 1789 119 33 libere
491 1789 119 33 elicit
574 1789 107 33 actus
645 1789 95 33 suos
704 1789 119 33 saltem
787 1789 166 33 elicitiuos
906 1789 59 33 cir

361 1820 78 32 ca
400 1820 104 32 deum
465 1820 117 32 etiam
543 1820 78 32 vt
582 1820 78 32 tu
621 1820 169 32 concedis.
751 1820 65 32 ⁋
777 1820 78 32 Ad
816 1820 130 32 primum
894 1820 78 32 isto

363 1845 73 32 rum
404 1845 125 32 dicendum
498 1845 73 32 est
539 1845 83 32 quod
591 1845 104 32 diuina
664 1845 125 32 essentia
758 1845 73 32 est
800 1845 62 32 ad
831 1845 125 32 obiectum
914 1845 52 32 con

352 1871 156 34 ceptibile
472 1871 72 34 et
508 1871 84 34 ita
556 1871 84 34 est
604 1871 108 34 etiam
675 1871 132 34 relatio
771 1871 120 34 diuina
855 1871 96 34 quia
903 1871 72 34 sunt

356 1899 90 32 idem
412 1899 179 32 conceptibile
557 1899 67 32 Et
591 1899 78 32 cum
636 1899 101 32 dicis
703 1899 90 32 quod
759 1899 134 32 essentia
860 1899 78 32 est
894 1899 78 32 conce

362 1930 130 33 ptibilis
460 1930 65 33 in
492 1930 98 33 cuius
557 1930 130 33 conceptu
655 1930 76 33 non
698 1930 152 33 includitur
817 1930 119 33 relatio
904 1930 87 33 quid

360 1955 112 34 vocas
434 1955 75 34 tu
472 1955 162 34 conceptum
596 1955 125 34 illius
683 1955 212 34 conceptibilis
858 1955 100 34 quia
908 1955 62 34 vel

352 1986 105 33 illud
423 1986 94 33 quod
481 1986 164 33 concipitur
610 1986 70 33 et
645 1986 94 33 tunc
704 1986 105 33 verum
774 1986 82 33 est
821 1986 94 33 quod
868 1986 105 33 relatio

353 2013 78 29 non
398 2013 157 29 includitur
521 2013 67 29 in
554 2013 90 29 illo
610 2013 78 29 sed
655 2013 112 29 potius
734 2013 78 29 est
778 2013 101 29 illud
846 2013 90 29 etc.
902 2013 78 29 per
935 2013 45 29 se

352 2039 103 38 primo
420 2039 92 38 modo
478 2039 103 38 sicut
547 2039 92 38 post
604 2039 126 38 dicetur
696 2039 103 38 etiam
765 2039 69 38 in
800 2039 92 38 alia
846 2039 126 38 quastione

355 2071 66 45 et
388 2071 78 45 hoc
432 2071 78 45 est
477 2071 100 45 magis
543 2071 89 45 quam
599 2071 122 45 includi
687 2071 66 45 in
720 2071 89 45 illo
776 2071 66 45 et
809 2071 89 45 ideo
864 2071 66 45 ex
897 2071 78 45 hoc
931 2071 55 45 non

979 220 130 51 sequitur
1076 220 86 51 quin
1130 220 119 51 relatio
1217 220 162 51 concipiatur
1347 220 108 51 quando
1422 220 130 51 essentia
1509 220 86 51 conci-

988 267 98 35 pitur
1053 267 76 35 sed
1097 267 98 35 magis
1162 267 131 35 sequitur
1260 267 152 35 contrarium
1380 267 65 35 si
1413 267 152 35 intelligas
1533 267 76 35 per

976 297 148 32 conceptum
1090 297 171 32 intentionem
1226 297 103 32 verum
1295 297 80 32 est
1340 297 91 32 quia
1397 297 68 32 in
1431 297 91 32 isto
1477 297 114 32 conceptu

980 327 79 27 non
1025 327 157 27 includitur
1148 327 124 27 relatio
1238 327 101 27 certe
1306 327 79 27 nec
1351 327 135 27 essentia
1452 327 124 27 vtraque
1531 327 56 27 ta-

979 351 80 34 men
1024 351 80 34 est
1070 351 103 34 illud
1139 351 92 34 quod
1197 351 80 34 per
1243 351 103 34 illud
1311 351 184 34 intelligitur
1461 351 69 34 et
1495 351 80 34 ita
1530 351 57 34 non

986 381 134 31 sequitur
1086 381 78 31 sic
1131 381 156 31 propositum
1253 381 67 31 et
1286 381 89 31 ideo
1342 381 122 31 deficit
1431 381 67 31 ad
1453 381 134 31 propositum

986 409 94 32 tota
1045 409 142 32 vlterior
1151 409 142 32 deductio
1258 409 106 32 sicut
1328 409 106 32 patet
1399 409 71 32 de
1435 409 83 32 se.
1482 409 71 32 Si
1505 409 83 32 dicas

984 438 90 33 quid
1040 438 79 33 est
1085 438 112 33 igitur
1164 438 90 33 quod
1220 438 101 33 dicit
1287 438 157 33 augustinus
1411 438 67 33 et
1445 438 112 33 scotus
1512 438 79 33 etiam

980 465 126 32 allegat
1071 465 126 32 septimo
1163 465 69 32 de
1197 465 149 32 trinitate
1312 465 80 32 ca.
1358 465 57 32 2
1381 465 69 32 si
1415 465 138 32 essentia
1507 465 80 32 rela-

988 492 87 32 tiue
1043 492 120 32 dicitur
1130 492 76 32 non
1174 492 76 32 est
1218 492 131 32 essentia
1316 492 87 32 quia
1370 492 98 32 omnis
1436 492 131 32 essentia
1534 492 76 32 que

985 522 136 36 relatiue
1086 522 124 36 dicitur
1177 522 79 36 est
1222 522 124 36 aliquid
1312 522 124 36 excepto
1403 522 136 36 relatiuo
1505 522 68 36 ex
1527 522 68 36 quae

985 549 153 34 concludit
1103 549 82 34 ca.
1150 549 59 34 3
1173 549 164 34 augustinus
1302 549 164 34 quapropter
1432 549 70 34 si
1467 549 106 34 pater
1537 549 82 34 non

986 579 87 31 est
1035 579 137 31 aliquid
1135 579 75 31 ad
1172 579 75 31 se
1209 579 87 31 non
1259 579 87 31 est
1308 579 137 31 aliquid
1408 579 87 31 quo
1457 579 75 31 ad
1482 579 112 31 alterum

986 606 125 32 dicatur
1076 606 79 32 hec
1122 606 136 32 videntur
1224 606 113 32 sonare
1303 606 91 32 quod
1359 606 136 32 essentia
1461 606 113 32 possit
1529 606 57 32 con

986 634 88 36 cipi
1041 634 88 36 fine
1097 634 77 36 hoc
1141 634 88 36 quod
1196 634 122 36 relatio
1284 634 177 36 concipiatur.
1428 634 133 36 Dicendum
1517 634 66 36 quod

982 662 73 31 si
1018 662 73 31 ad
1055 662 85 31 vim
1104 662 110 31 vocis
1177 662 146 31 exprimit
1286 662 134 31 negatur
1384 662 110 31 plane
1457 662 85 31 eam
1494 662 97 31 expri-

978 691 72 34 mi
1014 691 215 34 contradictoria
1193 691 72 34 in
1229 691 191 34 conditionali
1384 691 72 34 et
1420 691 96 34 eius
1468 691 119 34 probatio

990 720 64 29 ne
1022 720 85 29 quia
1075 720 170 29 consequentia
1213 720 149 29 repugnaret
1330 720 95 29 medio
1393 720 85 29 ideo
1447 720 64 29 ad
1478 720 106 29 sensum
1542 720 53 29 eun

984 748 66 32 do
1017 748 111 32 potius
1095 748 89 32 quam
1150 748 66 32 ad
1183 748 111 32 verba.
1261 748 133 32 Dicendum
1360 748 89 32 quod
1416 748 155 32 augustinus
1527 748 66 32 vult

988 774 73 34 ibi
1029 774 83 34 quod
1081 774 62 34 si
1112 774 124 34 essentia
1205 774 104 34 debeat
1278 774 135 34 diffiniri
1382 774 73 34 vel
1423 774 124 34 describi
1506 774 83 34 descri

995 804 92 34 ptione
1059 804 166 34 correspondente
1198 804 74 34 huic
1244 804 92 34 nomine
1308 804 111 34 essentia
1391 804 55 34 et
1419 804 92 34 alteri
1483 804 92 34 nomine
1539 804 55 34 abso

987 834 83 32 luto
1038 834 134 32 conceptus
1142 834 134 32 relatiuus
1245 834 72 32 non
1286 834 93 32 debet
1348 834 83 32 poni
1400 834 62 32 in
1431 834 83 32 illa
1472 834 124 32 descriptio

988 860 63 32 ne
1019 860 63 32 et
1050 860 84 32 ideo
1103 860 84 32 vult
1155 860 94 32 etiam
1218 860 84 32 quod
1270 860 126 32 essentia
1365 860 84 32 quae
1417 860 126 32 relatiue
1501 860 94 32 dicitur

986 889 107 33 potest
1061 889 171 33 descriptione
1200 889 107 33 aliqua
1275 889 128 33 describi
1371 889 85 33 sine
1424 889 75 33 hoc
1467 889 85 33 quod
1510 889 85 33 conce-

990 915 93 38 ptum
1049 915 151 38 relatiuum
1165 915 174 38 describatur
1304 915 70 38 et
1339 915 93 38 ideo
1397 915 128 38 dicitur
1490 915 70 38 de
1514 915 81 38 patre

988 943 65 34 de
1021 943 75 34 quo
1064 943 75 34 non
1107 943 108 34 dubium
1182 943 86 34 quin
1236 943 75 34 sit
1279 943 119 34 entitas
1366 943 108 34 quedam
1441 943 129 34 relatiua
1538 943 75 34 per

991 973 51 32 se
1016 973 76 32 primo
1066 973 67 32 modo
1109 973 67 32 quia
1151 973 51 32 si
1176 973 59 32 non
1210 973 76 32 esset
1260 973 84 32 aliqud
1319 973 51 32 ad
1345 973 51 32 se
1370 973 59 32 non
1404 973 76 32 esset
1454 973 84 32 aliqud
1513 973 67 32 quod
1555 973 51 32 ad

992 1000 116 35 alterum
1077 1000 137 35 diceretur
1182 1000 63 35 id
1214 1000 74 35 est
1256 1000 63 35 si
1287 1000 74 35 non
1330 1000 105 35 possit
1403 1000 116 35 exprimi
1488 1000 74 35 per
1519 1000 74 35 conce

991 1030 93 35 ptum
1049 1030 151 35 absolutum
1165 1030 81 35 non
1212 1030 116 35 posset
1293 1030 127 35 exprimi
1385 1030 81 35 vel
1432 1030 139 35 describi
1536 1030 81 35 per

986 1056 143 35 conceptum
1096 1056 121 35 aliquem
1184 1056 154 35 relantiuum
1306 1056 66 35 et
1339 1056 77 35 hoc
1383 1056 77 35 est
1427 1056 88 35 quod
1471 1056 121 35 expressum

989 1083 69 36 est
1028 1083 69 36 per
1068 1083 118 36 septimam
1156 1083 157 36 conclusionem
1284 1083 79 36 quod
1333 1083 108 36 aliquid
1411 1083 98 36 potest
1480 1083 108 36 concipi
1549 1083 49 36 seu

987 1113 127 33 cognosci
1083 1113 85 33 esse
1136 1113 127 33 essentia
1231 1113 85 33 fine
1284 1113 74 33 hoc
1327 1113 85 33 quod
1380 1113 159 33 concipiatur
1507 1113 85 33 esse
1550 1113 42 33 re

986 1142 106 33 latio
1057 1142 83 33 vel
1104 1142 130 33 persona
1199 1142 71 33 et
1234 1142 83 33 hoc
1282 1142 130 33 concedo
1376 1142 83 33 sed
1424 1142 71 33 ex
1459 1142 83 33 hoc
1506 1142 83 33 non
1542 1142 47 33 se

992 1169 100 33 quitur
1062 1169 80 33 quod
1112 1169 120 33 essentia
1202 1169 100 33 possit
1272 1169 110 33 concipi
1353 1169 100 33 absque
1423 1169 70 33 hoc
1463 1169 80 33 quod
1503 1169 90 33 relatio

986 1198 223 32 concipiantur.
1169 1198 157 32 Exemplum
1287 1198 105 32 homo
1353 1198 144 32 concipi
1458 1198 92 32 non
1497 1198 105 32 potest

990 1226 96 35 fine
1050 1226 84 35 hoc
1098 1226 96 35 quod
1159 1226 144 35 creatura
1267 1226 120 35 aliqua
1351 1226 181 35 concipiatur
1496 1226 72 35 et
1520 1226 84 35 tamen

986 1255 128 30 aliquid
1080 1255 117 30 potest
1161 1255 128 30 concipi
1255 1255 93 30 esse
1313 1255 93 30 homo
1371 1255 93 30 fine
1430 1255 82 30 hoc
1476 1255 93 30 quod
1523 1255 70 30 con-

985 1282 159 35 cipiatur
1104 1282 106 35 esse
1170 1282 172 35 creatura.
1303 1282 172 35 Similiter
1435 1282 132 35 albedo
1528 1282 93 35 que

991 1308 78 37 est
1035 1308 156 37 similitudo
1158 1308 122 37 concipi
1247 1308 78 37 non
1291 1308 111 37 potest
1369 1308 78 37 hoc
1414 1308 145 37 remanente
1525 1308 89 37 quod

992 1338 87 32 ipsa
1046 1338 76 32 sit
1090 1338 151 32 similitudo
1209 1338 87 32 quin
1263 1338 162 32 concipiatur
1392 1338 151 32 similitudo
1511 1338 76 32 sed
1544 1338 54 32 ta-

989 1366 67 35 men
1028 1366 96 35 potest
1095 1366 106 35 concipi
1173 1366 77 35 esse
1221 1366 96 35 albedo
1288 1366 77 35 sine
1336 1366 67 35 hoc
1375 1366 77 35 quod
1423 1366 145 35 concipiatur
1529 1366 58 35 esse

986 1395 148 34 similitudo
1102 1395 105 34 igitur
1176 1395 74 34 ita
1218 1395 74 34 est
1260 1395 63 34 in
1292 1395 137 34 proposito
1397 1395 126 34 essentia
1492 1395 84 34 quae
1534 1395 53 34 est

995 1423 109 36 relatio
1074 1423 109 36 concipi
1153 1423 69 36 non
1193 1423 99 36 potest
1262 1423 79 36 sine
1311 1423 69 36 hoc
1351 1423 79 36 quod
1400 1423 109 36 relatio
1470 1423 128 36 concipiatur

999 1449 57 36 et
1027 1449 86 36 tamen
1084 1449 76 36 ipsa
1132 1449 95 36 potest
1198 1449 105 36 concipi
1274 1449 76 36 esse
1322 1449 114 36 essentia
1407 1449 76 36 sine
1455 1449 67 36 hoc
1493 1449 76 36 quod
1531 1449 67 36 conci

986 1477 112 37 piatur
1064 1477 90 37 esse
1121 1477 124 37 relatio
1211 1477 79 37 vel
1256 1477 135 37 persona.
1357 1477 79 37 Per
1402 1477 90 37 idem
1458 1477 124 37 penitus
1537 1477 56 37 pa-

987 1508 75 34 tet
1030 1508 64 34 ad
1062 1508 193 34 confirmationem
1223 1508 53 34 ⁋
1244 1508 64 34 Ad
1276 1508 128 34 secundum
1372 1508 118 34 negatur
1447 1508 150 34 consequentia

986 1534 93 33 quia
1045 1534 105 33 licet
1114 1534 81 33 per
1161 1534 151 33 quemlibet
1277 1534 128 33 illorum
1370 1534 174 33 articulorum
1498 1534 93 33 quali-

980 1563 75 30 bet
1023 1563 118 30 persona
1109 1563 161 30 concipiatur
1238 1563 64 30 ad
1270 1563 97 30 minus
1334 1563 150 30 incomplexe
1452 1563 129 30 scilicet
1538 1563 54 30 per

988 1590 165 34 subiectum
1115 1590 89 34 vel
1166 1590 178 34 predicatum
1306 1590 127 34 illius
1395 1590 153 34 articuli
1497 1590 89 34 tamen

986 1622 89 31 quia
1042 1622 156 31 requiritur
1164 1622 67 31 ad
1197 1622 122 31 salutem
1286 1622 134 31 expresse
1387 1622 100 31 scire
1453 1622 78 31 vel
1487 1622 100 31 credere

988 1648 91 35 quod
1044 1648 91 35 deus
1101 1648 79 35 est
1146 1648 91 35 deus
1203 1648 102 35 pater
1271 1648 68 35 et
1305 1648 113 35 filius
1384 1648 79 35 et,
1429 1648 136 35 spiritus
1520 1648 68 35 san-

982 1676 97 32 ctus
1043 1676 97 32 ideo
1103 1676 73 32 ad
1140 1676 85 32 hoc
1189 1676 146 32 expresse
1298 1676 182 32 insinuandum
1444 1676 122 32 positi
1517 1676 73 32 sunt

984 1706 102 30 tres
1048 1706 166 30 articuli.
1176 1706 64 30 ⁋
1201 1706 77 30 Ad
1239 1706 140 30 tertium
1342 1706 166 30 respondet
1469 1706 102 30 okam
1520 1706 64 30 pro

985 1734 112 32 maiori
1063 1734 100 32 parte
1130 1734 100 32 iuxta
1197 1734 100 32 illud
1264 1734 89 32 quod
1319 1734 112 32 censeo
1397 1734 100 32 quare
1464 1734 112 32 igitur
1542 1734 67 32 in

988 1757 69 36 eo
1022 1757 80 36 vbi
1068 1757 103 36 prius
1136 1757 103 36 libro
1205 1757 103 36 primo
1274 1757 183 36 distinctione
1422 1757 103 36 prima
1480 1757 114 36 quaestio

984 1790 66 38 ne
1017 1790 110 38 quinta
1094 1790 77 38 sed
1138 1790 110 38 aliter
1215 1790 121 38 dicitur
1302 1790 66 38 ad
1335 1790 77 38 vim
1379 1790 99 38 vocis
1445 1790 66 38 in
1467 1790 121 38 principio

986 1814 83 36 quod
1037 1814 93 36 licet
1099 1814 93 36 pater
1161 1814 72 36 sit
1203 1814 93 36 prius
1265 1814 114 36 origine
1347 1814 103 36 beatus
1420 1814 83 36 quam
1471 1814 103 36 filius
1533 1814 52 36 non

988 1842 90 36 tamen
1048 1842 90 36 prius
1109 1842 111 36 origine
1189 1842 70 36 est
1229 1842 90 36 pater
1289 1842 80 36 quam
1340 1842 111 36 generat
1420 1842 101 36 filium
1480 1842 111 36 gregorius

990 1871 65 32 in
1023 1871 87 32 illa
1077 1871 142 32 questione
1186 1871 65 32 an
1219 1871 98 32 pater
1284 1871 142 32 genuenrit
1393 1871 109 32 filium
1458 1871 131 32 voluntarie

988 1898 140 36 recitans
1093 1898 152 36 opinionem
1210 1898 105 36 scoti
1280 1898 140 36 dicentis
1386 1898 93 36 quod
1444 1898 105 36 prius
1503 1898 93 36 voluit

989 1927 160 36 gignitionem
1117 1927 106 36 filium
1191 1927 85 36 quam
1245 1927 106 36 genuit
1319 1927 85 36 quia
1372 1927 96 36 pater
1436 1927 64 36 in
1468 1927 106 36 primo.
1532 1927 53 36 si-

984 1955 86 36 gno
1033 1955 147 36 originis
1143 1955 172 36 intelligit
1278 1955 172 36 formaliter
1413 1955 74 36 et
1450 1955 110 36 habet
1511 1955 86 36 actum

987 1988 129 30 volendi
1081 1988 164 30 formaliter
1210 1988 70 30 in
1246 1988 94 30 alio
1304 1988 106 30 signo
1375 1988 141 30 originis
1481 1988 117 30 gignit
1551 1988 47 30 fi

981 2009 84 39 lium
1034 2009 84 39 etc.
1087 2009 95 39 dicit
1150 2009 106 39 possea
1224 2009 74 39 hec
1267 2009 84 39 sunt
1319 2009 95 39 verba
1383 2009 84 39 sine
1436 2009 148 39 intellectu
1541 2009 53 39 vel

991 2043 125 30 penitus
1081 2043 102 30 falsa
1150 2043 91 30 quia
1206 2043 148 30 prioritas
1320 2043 68 30 in
1354 2043 125 30 diuinis
1445 2043 79 30 non
1490 2043 79 30 est
1524 2043 68 30 alia

974 2066 92 46 quam
1032 2066 162 46 causalitas
1159 2066 69 46 et
1194 2066 196 46 productiuitas
1356 2066 69 46 de
1391 2066 81 46 hoc
1437 2066 116 46 damas.
1518 2066 81 46 li.
1552 2066 35 46 1
