1792 2500
368 251 167 56 oportebit
496 251 90 56 vna
548 251 141 56 persona
650 251 141 56 mouente
753 251 167 56 obiectiue
881 251 77 56 ad
907 251 64 56 vi-

363 290 109 49 sionem
440 290 76 49 vel
483 290 109 49 amonem
560 290 76 49 sui
603 290 109 49 actiue
680 290 76 49 per
724 290 98 49 modum
789 290 98 49 finis
855 290 66 49 et
877 290 98 49 allici-

367 320 94 45 tiue
426 320 153 45 quaelibet
544 320 118 45 mouere
626 320 71 45 et
661 320 94 45 ideo
720 320 94 45 quod
779 320 153 45 assumitur
897 320 82 45 ibi
932 320 47 45 de

372 351 78 42 vno
417 351 112 42 homine
495 351 179 42 indifferenti
640 351 134 42 negandum
740 351 78 42 est
785 351 56 42 ⁋
807 351 67 42 Ad
841 351 123 42 octauum
919 351 56 42 ne-

371 375 92 48 gatur
432 375 143 48 antecedens
544 375 71 48 cum
585 375 71 48 sua
626 375 143 48 probatione
738 375 82 48 quia
789 375 61 48 vt
820 375 102 48 dictum
891 375 71 48 est
922 375 51 48 mo-

369 405 96 41 uere
429 405 121 41 actiue
514 405 84 41 per
562 405 109 41 modum
634 405 133 41 obiecti
731 405 84 41 est
779 405 109 41 agere
851 405 72 41 ad
876 405 96 41 extra:

367 432 82 46 sed
414 432 141 46 generare
520 432 82 46 est
567 432 70 46 ad
602 432 117 46 intra.
684 432 59 46 ⁋
707 432 70 46 Ad
742 432 106 46 nonum
813 432 129 46 dicitur
895 432 82 46 peni-

370 459 85 45 tus
418 459 109 45 sicut
491 459 73 45 ad
528 459 146 45 quintum.
637 459 61 45 ⁋
662 459 73 45 Ad
698 459 134 45 decimum
796 459 97 45 dato
844 459 134 45 antecedem

373 492 63 39 te
405 492 116 39 negatur
490 492 179 39 consequentia.
637 492 63 39 Ad
669 492 158 39 probationem
796 492 95 39 patet
859 492 63 39 ex
880 492 95 39 dictis.

373 515 54 48 ⁋
395 515 65 48 Ad
427 515 141 48 vndecimum
536 515 119 48 dicitur
623 515 87 48 quod
677 515 141 48 conclusio
786 515 65 48 ad
818 515 87 48 quam
862 515 119 48 deducitur

371 546 73 43 est
412 546 156 43 impertinens
537 546 135 43 proposito
641 546 73 43 quo
682 546 114 43 dicitur
765 546 83 43 quod
817 546 93 43 omnis
869 546 104 43 cognitio

375 572 72 47 que
416 572 72 47 est
457 572 124 47 essentie
550 572 72 47 est
591 572 113 47 persone
673 572 62 47 et
704 572 134 47 econuerso
807 572 93 47 nihil
869 572 93 47 autem
921 572 51 47 di-

371 604 92 38 citur
432 604 61 38 in
463 604 133 38 proposito
565 604 61 38 de
595 604 71 38 hoc
636 604 92 38 vtrum
697 604 82 38 illa
748 604 82 38 quae
799 604 71 38 est
840 604 71 38 per
881 604 61 38 se
902 604 71 38 vnius

373 627 68 44 sit
412 627 87 44 etiam
470 627 68 44 per
509 627 58 44 se
538 627 116 44 alterius
625 627 68 44 vel
663 627 116 44 econtra.
751 627 48 44 ⁋
770 627 77 44 Item
818 627 126 44 quaeritur
915 627 77 44 quid

370 655 171 48 demonstratur
510 655 75 48 per
552 655 64 48 ly
585 655 75 48 hec
627 655 86 48 quia
681 655 64 48 si
713 655 64 48 ly
745 655 75 48 hec
788 655 118 48 persona
863 655 118 48 correspon

375 683 77 47 det
419 683 144 47 conceptui
530 683 122 47 proprio
618 683 133 47 simplici
718 683 144 47 intuitiuo
828 683 77 47 vel
861 683 122 47 abstracti

379 712 60 42 uo
409 712 70 42 per
449 712 60 42 se
479 712 90 42 prime
539 712 110 42 persone
619 712 80 42 tunc
669 712 100 42 falsum
739 712 70 42 est
779 712 80 42 quod
829 712 80 42 ista
879 712 90 42 esset
929 712 50 42 in-

376 739 149 47 differenter
495 739 89 47 vera.
555 739 89 47 Pater
614 739 69 47 est
654 739 99 47 beatus
723 739 79 47 etc.
773 739 79 47 quia
822 739 60 47 si
852 739 89 47 pater
902 739 79 47 praece

384 770 96 42 deret
448 770 106 42 filium
523 770 138 42 duratione
629 770 96 42 pater
693 770 64 42 et
725 770 106 42 filius
799 770 75 42 non
842 770 106 42 essent
906 770 85 42 aliqua

383 796 104 47 entitas
458 796 66 47 nec
496 796 85 47 pater
552 796 85 47 esset
608 796 75 47 illa
656 796 104 47 entitas
731 796 113 47 scilicet
816 796 113 47 essentie
900 796 75 47 quae
938 796 47 47 est

388 822 120 44 persone
475 822 65 44 et
508 822 65 44 si
541 822 76 44 sic
584 822 87 44 tunc
639 822 98 44 pater
704 822 76 44 non
748 822 98 44 esset
813 822 120 44 eiusdem
890 822 98 44 speciei

379 855 191 43 specialissime
536 855 101 43 cuius
604 855 79 43 est
649 855 90 43 modo
705 855 79 43 sed
750 855 124 43 entitas
841 855 135 43 alterius
931 855 56 43 ra-

384 882 104 46 tionis
457 882 84 46 quam
509 882 73 46 sit
551 882 84 46 modo
603 882 63 46 de
634 882 94 46 facto
697 882 63 46 et
728 882 73 46 ita
770 882 73 46 non
812 882 94 46 esset
874 882 94 46 natus
926 882 63 46 con-

377 908 93 50 cipi
435 908 139 50 conceptu
540 908 93 50 ista
597 908 174 50 indiuiduali
736 908 81 50 vel
783 908 151 50 specifico
898 908 81 50 quo
933 908 58 50 vel

380 938 96 44 quali
444 938 85 44 nunc
497 938 149 44 concipitur
615 938 64 44 de
646 938 96 44 facto
710 938 64 44 et
742 938 85 44 tunc
795 938 117 44 persona
881 938 96 44 prima
934 938 53 44 non

378 966 99 41 esset
444 966 77 41 hec
488 966 77 41 que
532 966 88 41 modo
587 966 77 41 nec
631 966 99 41 talis
696 966 110 41 qualis
773 966 88 41 modo
828 966 110 41 igitur
905 966 88 41 etc.
949 966 44 41 et

378 991 81 48 ita
425 991 127 48 defecit
517 991 69 48 ex
552 991 104 48 falso
621 991 162 48 fundamento
748 991 92 48 tota
806 991 150 48 deductio.
922 991 58 48 ⁋
945 991 69 48 Ad

385 1023 158 42 duodecimum
509 1023 124 42 dicitur
599 1023 102 42 eodem
667 1023 90 42 modo
723 1023 90 42 quod
780 1023 147 42 conclusio
881 1023 113 42 vltimata

379 1050 65 43 ad
412 1050 86 43 quam
465 1050 118 43 deducit
551 1050 75 43 est
594 1050 172 43 impertinens.
734 1050 54 43 ⁋
756 1050 86 43 Item
809 1050 75 43 non
852 1050 108 43 probat
928 1050 86 43 quod

383 1079 126 41 intendit
478 1079 84 41 quia
531 1079 147 41 philosophy
646 1079 74 41 non
688 1079 126 41 habebant
783 1079 116 41 aliquam
856 1079 137 41 cognitionem

376 1109 172 38 incomplexam
513 1109 69 38 in
547 1109 126 38 essendo
639 1109 69 38 et
673 1109 69 38 in
708 1109 183 38 significando
857 1109 137 38 propriam
948 1109 46 38 de

378 1135 82 43 deo
425 1135 189 43 indiuidualem
579 1135 82 43 vel
626 1135 165 43 specificam
755 1135 82 43 sed
802 1135 106 43 solum
861 1135 130 43 generalem

386 1164 77 40 vel
430 1164 198 40 transcendentem
595 1164 77 40 sed
639 1164 143 40 conceptus
750 1164 143 40 generalis
860 1164 77 40 vel
904 1164 88 40 eius
948 1164 44 40 si

381 1192 162 44 gnificatio
509 1192 81 44 ita
555 1192 139 44 saluatur
659 1192 104 44 circa
728 1192 127 44 naturam
821 1192 139 44 alterius
913 1192 81 44 ratio

391 1227 74 31 nis
434 1227 95 31 sicut
497 1227 95 31 circa
561 1227 117 31 naturam
646 1227 95 31 aliam
710 1227 95 31 datam
773 1227 64 31 de
805 1227 117 31 naturis
890 1227 74 31 per
922 1227 74 31 ipsum

389 1250 199 35 significatis.
553 1250 70 35 Et
588 1250 93 35 ideo
646 1250 82 35 non
693 1250 105 35 valet
763 1250 140 35 deductio
868 1250 117 35 quando
950 1250 70 35 in

387 1280 96 37 fertur
455 1280 77 37 quod
503 1280 96 37 igitur
571 1280 77 37 illa
619 1280 116 37 cognitio
706 1280 68 37 non
744 1280 116 37 requirit
831 1280 77 37 quod
879 1280 106 37 persona
947 1280 48 37 sit

386 1308 75 34 eius
432 1308 112 34 obiectum
516 1308 75 34 quia
563 1308 75 34 ista
610 1308 112 34 cognitio
694 1308 112 34 communis
777 1308 75 34 quam
824 1308 84 34 habet
871 1308 121 34 philosophus

389 1335 80 38 non
434 1335 92 38 plus
492 1335 137 38 requirit
595 1335 137 38 deitatem
698 1335 92 38 esse
755 1335 137 38 deitatem
858 1335 80 38 vel
892 1335 103 38 naturam

386 1368 93 36 talem
448 1368 103 36 qualis
520 1368 72 36 est
561 1368 62 36 de
592 1368 93 36 facto
654 1368 83 36 quam
706 1368 124 36 deitatem
799 1368 83 36 esse
850 1368 124 36 personam
933 1368 62 36 quia

388 1392 80 37 ita
433 1392 206 37 significaretur
605 1392 92 37 deus
663 1392 80 37 per
708 1392 103 37 talem
777 1392 149 37 conceptum
880 1392 115 37 phisicum

388 1422 65 36 et
421 1422 140 36 complexum
528 1422 65 36 si
560 1422 86 36 deus
614 1422 97 36 esset
679 1422 118 36 entitas
765 1422 129 36 alterius
861 1422 129 36 rationis
947 1422 54 36 si-

392 1445 83 45 cut
440 1445 107 45 modo.
511 1445 72 45 De
547 1445 167 45 cognitione
678 1445 107 45 autem
750 1445 143 45 complexa
857 1445 131 45 phisica
940 1445 60 45 con

395 1474 109 40 cessum
471 1474 76 40 est
515 1474 98 40 prius
580 1474 87 40 quod
634 1474 109 40 aliqua
710 1474 98 40 talis
776 1474 87 40 bene
830 1474 152 40 significat
939 1474 65 40 ali-

399 1506 88 40 quid
454 1506 88 40 esse
509 1506 88 40 deum
563 1506 66 40 et
596 1506 77 40 non
640 1506 153 40 significat
761 1506 99 40 illud
827 1506 88 40 esse
870 1506 132 40 trinitatem

392 1530 78 40 cum
436 1530 78 40 quo
481 1530 89 40 stat
536 1530 89 40 quod
591 1530 100 40 talis
658 1530 133 40 cognitio
757 1530 155 40 incomplexe
868 1530 133 40 significat

392 1561 145 39 trinitatem.
508 1561 48 39 ⁋
527 1561 58 39 Ad
556 1561 106 39 decimum
633 1561 106 39 tertium
711 1561 106 39 negatur
788 1561 154 39 consequentia
913 1561 58 39 vt
932 1561 68 39 patet

394 1589 69 35 ex
429 1589 127 35 dictis.
521 1589 58 35 ⁋
544 1589 69 35 Ad
579 1589 127 35 decimum
671 1589 127 35 quartum
764 1589 127 35 dicitur
856 1589 104 35 sicut
925 1589 69 35 ad
948 1589 58 35 con

390 1617 169 38 firmationem
525 1617 124 38 quinte.
615 1617 56 38 ⁋
637 1617 67 38 Ad
671 1617 124 38 decimum
761 1617 124 38 quintum
851 1617 124 38 dicitur
941 1617 90 38 quod

393 1651 88 34 iste
448 1651 143 34 conceptus
557 1651 77 34 est
601 1651 132 34 proprius
700 1651 132 34 essentie
799 1651 66 34 in
832 1651 153 34 supponendo
941 1651 55 34 non

395 1673 72 39 in
431 1673 216 39 representando.
611 1673 60 39 ⁋
635 1673 72 39 Ad
671 1673 132 39 decimum
767 1673 120 39 sextum
851 1673 132 39 negatur
935 1673 72 39 vlti

393 1701 70 39 ma
428 1701 199 39 consequentia.
593 1701 59 39 ⁋
616 1701 70 39 Ad
651 1701 129 39 decimum
745 1701 141 39 septimum
851 1701 82 39 non
886 1701 117 39 sequitur

400 1728 88 38 tria
455 1728 88 38 sunt
510 1728 186 38 cognoscibilia
663 1728 143 38 distincta
773 1728 110 38 igitur
850 1728 88 38 sunt
893 1728 110 38 cognosci

400 1757 109 41 bilia
473 1757 158 41 separatim
594 1757 97 41 vnum
654 1757 97 41 sine
715 1757 109 41 alio.
788 1757 61 41 ⁋
812 1757 73 41 Ad
848 1757 133 41 decimum
933 1757 73 41 octa

403 1786 74 38 uum
446 1786 127 38 dicendum
541 1786 85 38 quod
594 1786 95 38 licet
657 1786 85 38 tres
710 1786 116 38 persone
795 1786 85 38 sint
847 1786 85 38 tria
890 1786 116 38 distincta

395 1813 182 37 cognoscibilia
545 1813 96 37 sicut
610 1813 86 37 sunt
663 1813 86 37 tres
717 1813 75 37 res
760 1813 64 37 et
792 1813 86 37 tria
845 1813 96 37 entia
899 1813 107 37 secundum

395 1843 122 38 sanctos
484 1843 100 38 tamen
551 1843 100 38 sicut
617 1843 89 38 sunt
673 1843 78 38 vna
718 1843 122 38 volitio
807 1843 89 38 nata
862 1843 145 38 obiectiue
962 1843 45 38 mo

396 1875 94 32 tiua
455 1875 118 32 actiue
538 1875 142 32 respectu
644 1875 177 32 cognitionis
786 1875 71 32 et
821 1875 83 32 per
868 1875 106 32 modum
927 1875 83 32 finis

401 1901 134 36 respectu
501 1901 112 36 amoris
580 1901 78 36 non
624 1901 101 36 tamen
691 1901 101 36 credo
758 1901 89 36 quod
814 1901 89 36 sunt
870 1901 123 36 creatio
948 1901 56 36 vna

401 1928 82 36 vel
448 1928 106 36 motio
519 1928 82 36 vna
565 1928 94 36 quia
624 1928 129 36 creatio
718 1928 70 36 et
753 1928 106 36 motio
823 1928 94 36 sunt
882 1928 94 36 ipsa
929 1928 82 36 produ

401 1954 76 37 cta
444 1954 76 37 vel
488 1954 87 37 sunt
542 1954 65 37 in
574 1954 130 37 producto
672 1954 76 37 vel
715 1954 65 37 in
747 1954 97 37 passo
812 1954 65 37 et
845 1954 76 37 non
888 1954 87 37 sunt
931 1954 76 37 produ

405 1983 86 36 ctor
459 1983 64 36 vt
491 1983 96 36 alibi
555 1983 150 36 declaraui.
673 1983 64 36 De
705 1983 118 36 secunda
791 1983 171 36 propositione
930 1983 75 36 que
962 1983 43 36 di

406 2010 73 39 cit
447 2010 83 39 quod
499 2010 104 39 primam
572 2010 125 39 personam
666 2010 135 39 intelligi
770 2010 83 39 etc.
822 2010 115 39 negatur
906 2010 83 39 tota
947 2010 63 39 quia

397 2040 112 36 aliud
471 2040 87 36 est
521 2040 100 36 vnam
583 2040 150 36 personam
696 2040 162 36 intelligi
820 2040 87 36 non
858 2040 150 36 intellecta

403 2067 89 35 alia
458 2067 67 35 et
492 2067 100 35 aliud
558 2067 78 35 est
603 2067 122 35 aliquid
692 2067 167 35 significari
825 2067 89 35 esse
881 2067 89 35 vnam
925 2067 78 35 perso

402 2090 83 51 nam
450 2090 71 51 et
485 2090 83 51 non
533 2090 178 51 significari
675 2090 95 51 esse
735 2090 119 51 aliam.
818 2090 59 51 ⁋
842 2090 71 51 Ad
877 2090 131 51 decimum
961 2090 59 51 no

995 239 72 56 num
1036 239 113 56 negatur
1118 239 143 56 antecedens
1230 239 72 56 pro
1271 239 92 56 prima
1333 239 92 56 parte
1394 239 61 56 et
1425 239 113 56 secunda
1507 239 92 56 cuius
1558 239 51 56 ra-

992 293 76 30 tio
1036 293 141 30 assignata
1144 293 76 30 est
1187 293 163 30 respondendo
1317 293 65 30 ad
1350 293 108 30 primum
1426 293 65 30 et
1458 293 130 30 tertium.
1545 293 54 30 ter

999 320 72 32 tia
1040 320 83 32 pars
1092 320 165 32 antecedentis
1226 320 72 32 non
1267 320 103 32 obuiat
1340 320 134 32 predictis
1443 320 93 32 etiam
1495 320 103 32 supponi-

1001 339 72 41 tur
1042 339 103 41 falsum
1114 339 123 41 scilicet
1206 339 82 41 quod
1257 339 92 41 visio
1319 339 103 41 aliqua
1391 339 103 41 creata
1462 339 133 41 intuitiua
1555 339 51 41 vel

1001 376 167 31 abstractiua
1135 376 89 31 sibi
1190 376 190 31 correspondens
1347 376 112 31 habens
1425 376 123 31 precise
1514 376 78 31 pro
1547 376 56 31 ob-

1002 400 95 38 ecto
1062 400 95 38 idem
1121 400 83 38 vel
1168 400 119 38 simile
1252 400 83 38 cum
1299 400 131 38 visione
1394 400 178 38 naturaliter
1525 400 83 38 causa

992 429 84 31 bili
1045 429 53 31 a
1066 429 63 31 re
1098 429 95 31 cuius
1161 429 74 31 est
1203 429 95 31 talis
1267 429 95 31 visio
1330 429 158 31 representat
1457 429 106 31 aliqud
1531 429 84 31 esse
1573 429 42 31 de

997 457 61 35 um
1027 457 71 35 vel
1068 457 153 35 diuinitatem
1191 457 71 35 sed
1231 457 71 35 hoc
1272 457 71 35 est
1313 457 102 35 falsum
1385 457 82 35 quia
1436 457 71 35 sic
1476 457 122 35 complexe
1558 457 51 35 re-

1002 485 167 34 presentare
1133 485 83 34 est
1181 485 119 34 solius
1264 485 202 34 propositionis
1431 485 83 34 vel
1466 485 143 34 equalenter

1000 509 171 35 propositioni
1139 509 86 35 nisi
1193 509 96 35 forte
1257 509 96 35 dicas
1321 509 86 35 quod
1375 509 96 35 licet
1439 509 86 35 illa
1492 509 96 35 visio
1557 509 75 35 non

992 539 150 40 significet
1110 539 129 40 complexe
1207 539 118 40 aliquid
1292 539 86 40 esse
1346 539 86 40 deum
1400 539 96 40 tamen
1464 539 129 40 mediante
1550 539 64 40 illa

1002 573 168 31 intellectus
1136 573 101 31 natus
1204 573 79 31 est
1249 573 146 31 assentire
1361 573 67 31 se
1395 573 157 31 cognoscere
1518 573 123 31 aliquid

1001 597 97 32 esse
1061 597 97 32 deum
1122 597 73 32 et
1158 597 85 32 non
1207 597 170 32 cognoscere
1340 597 73 32 se
1377 597 133 32 aliquid
1474 597 97 32 esse
1522 597 97 32 patrem

1002 627 81 33 hoc
1049 627 81 33 non
1095 627 104 33 nego.
1164 627 69 33 Et
1199 627 81 33 ita
1245 627 81 33 sit
1291 627 81 33 hic
1337 627 69 33 in
1372 627 81 33 via
1418 627 69 33 vt
1452 627 104 33 patet
1522 627 69 33 de
1545 627 69 33 albe

999 652 105 37 dine
1064 652 79 37 in
1104 652 222 37 confirmatione
1287 652 131 37 istius
1378 652 170 37 argumenti
1509 652 92 37 que
1549 652 65 37 tam

1001 682 147 35 debiliter
1114 682 113 35 videri
1193 682 113 35 potest
1272 682 57 35 a
1295 682 124 35 remotis
1385 682 90 35 quod
1441 682 124 35 virtute
1521 682 90 35 illius

1007 707 146 38 visionis
1117 707 134 38 aliquis
1214 707 146 38 concedat
1324 707 110 38 istam
1397 707 85 38 hoc
1446 707 110 38 visum
1519 707 85 38 est
1556 707 61 38 co-

1005 736 84 34 or.
1053 736 72 34 Et
1089 736 132 34 dubitat
1186 736 108 34 istam
1258 736 84 34 hoc
1306 736 108 34 visum
1378 736 84 34 est
1426 736 132 34 albedo.
1523 736 84 34 nec
1559 736 60 34 hoc

996 768 78 30 est
1040 768 111 30 contra
1118 768 100 30 dicta
1185 768 78 30 ymo
1230 768 100 30 facit
1297 768 111 30 contra
1375 768 145 30 arguentem
1486 768 67 30 eo
1520 768 89 30 quod
1564 768 56 30 li-

1008 791 73 37 cet
1049 791 73 37 non
1091 791 115 37 iudicem
1175 791 94 37 istam
1238 791 73 37 rem
1279 791 84 37 esse
1332 791 136 37 albedinem
1436 791 73 37 per
1478 791 94 37 talem
1530 791 84 37 visio-

1011 815 69 41 iem
1050 815 69 41 est
1090 815 88 41 tamen
1148 815 118 41 praecise
1237 815 88 41 visio
1295 815 127 41 albedinis
1394 815 59 41 et
1423 815 108 41 nullius
1501 815 118 41 alterius
1580 815 39 41 co

1008 852 88 34 loris
1067 852 68 34 nec
1106 852 58 34 in
1135 852 107 34 communi
1213 852 68 34 nec
1252 852 58 34 in
1281 852 146 34 particulari
1398 852 68 34 nec
1437 852 68 34 per
1476 852 58 34 se
1505 852 68 34 nec
1544 852 68 34 per
1573 852 39 34 ac

1007 881 120 42 cidens.
1094 881 87 42 Unde
1149 881 98 42 patet
1215 881 87 42 quod
1269 881 76 42 non
1313 881 131 42 sequitur
1411 881 66 42 ex
1444 881 109 42 dictis
1521 881 87 42 quod
1564 881 55 42 hec

1006 905 101 38 visio
1073 905 101 38 esset
1140 905 78 38 per
1185 905 67 38 se
1219 905 101 38 visio
1286 905 123 38 coloris
1375 905 67 38 et
1409 905 78 38 non
1443 905 134 38 albedinis.

1011 915 86 60 Per
1060 915 86 60 hoc
1109 915 111 60 patet
1184 915 74 60 ad
1221 915 222 60 confitmationem
1406 915 99 60 quod
1468 915 136 60 assumit
1554 915 62 60 fal

1011 960 74 37 sum
1054 960 74 37 cum
1096 960 96 37 dicit
1160 960 85 37 quod
1213 960 85 37 ista
1266 960 96 37 visio
1330 960 159 37 representet
1458 960 74 37 rem
1500 960 96 37 visam
1553 960 64 37 esse

1002 989 134 38 colorem
1100 989 98 38 etc.
1161 989 122 38 saltem
1246 989 171 38 formaliter
1381 989 147 38 loquendo
1491 989 110 38 licet
1552 989 61 38 be-

1008 1016 70 39 ne
1043 1016 128 39 virtute
1137 1016 117 39 illius
1218 1016 140 39 visionis
1323 1016 140 39 iudicari
1428 1016 117 39 possit
1498 1016 117 39 formatis

1011 1047 137 33 complexis
1117 1047 137 33 quibusdam
1223 1047 85 33 quod
1276 1047 85 33 illa
1329 1047 74 33 res
1371 1047 74 33 sit
1413 1047 95 33 color
1477 1047 63 33 et
1508 1047 74 33 non
1551 1047 85 33 quod

1002 1075 79 34 sit
1047 1075 113 34 albedo
1126 1075 158 34 formaliter
1249 1075 113 34 addidi
1328 1075 90 34 quod
1385 1075 101 34 forte
1452 1075 169 34 virtualiter
1576 1075 45 34 et

998 1103 223 37 accidetaliter
1182 1103 131 37 aliquo
1274 1103 105 37 modo
1339 1103 184 37 significat
1484 1103 118 37 illam
1549 1103 66 37 rem

1010 1132 85 38 esse
1064 1132 128 38 colorem.
1160 1132 128 38 Sciendum
1256 1132 96 38 tamen
1320 1132 85 38 quod
1373 1132 75 38 non
1415 1132 96 38 esset
1469 1132 149 38 inconueniens

1013 1163 88 36 quod
1068 1163 88 36 ista
1123 1163 99 36 visio
1188 1163 153 36 formaliter
1309 1163 186 36 representaret
1462 1163 77 36 ita
1506 1163 88 36 bene
1549 1163 66 36 con-

1012 1184 110 44 plexe
1085 1184 110 44 sicut
1158 1184 171 44 incomplexe
1292 1184 73 44 vt
1329 1184 110 44 patet
1402 1184 110 44 circa
1475 1184 110 44 finem
1536 1184 85 44 solu-

1010 1214 123 40 tionis
1096 1214 135 40 quinte.
1194 1214 62 40 ⁋
1219 1214 74 40 Ad
1256 1214 160 40 vicesimum
1379 1214 148 40 dicendum
1490 1214 98 40 quod
1539 1214 86 40 huius

1018 1242 94 40 modi
1077 1242 176 40 notificatio
1218 1242 82 40 non
1265 1242 94 40 erit
1324 1242 129 40 propria
1418 1242 71 40 in
1453 1242 188 40 significando

1018 1266 107 44 primo
1090 1266 95 44 modo
1149 1266 143 44 superius
1256 1266 119 44 posito
1339 1266 71 44 in
1375 1266 179 44 responsione
1518 1266 71 44 ad
1554 1266 95 44 quin

1007 1301 89 35 tum
1058 1301 89 35 sed
1109 1301 115 35 solum
1186 1301 140 35 secundo
1288 1301 115 35 modo.
1364 1301 64 35 ⁋
1390 1301 76 35 Ad
1428 1301 166 35 vicesimum
1543 1301 76 35 pri-

1019 1327 91 36 mum
1071 1327 143 36 negatur
1175 1327 207 36 consequentia
1343 1327 104 36 quia
1408 1327 91 36 non
1460 1327 91 36 est
1498 1327 117 36 precise

1015 1356 145 38 propter
1120 1356 184 38 relationem
1265 1356 132 38 talium
1357 1356 237 38 correlatiuorum
1554 1356 92 38 que

1019 1385 99 38 sunt
1080 1385 99 38 idem
1142 1385 136 38 penitus
1241 1385 222 38 essentialiter.
1426 1385 74 38 Ex
1463 1385 86 38 quo
1500 1385 123 38 sequitur

1015 1412 70 39 vt
1050 1412 105 39 prius
1120 1412 140 39 deductum
1225 1412 81 39 est
1271 1412 93 39 quod
1329 1412 105 39 nulla
1399 1412 105 39 motio
1469 1412 128 39 causans
1550 1412 70 39 effe

1019 1440 106 37 ctiua
1090 1440 82 37 vel
1137 1440 129 37 finalis
1231 1440 153 37 competere
1348 1440 117 37 potest
1430 1440 82 37 vni
1477 1440 94 37 sine
1524 1440 94 37 altero

1013 1469 117 36 igitur
1095 1469 82 36 nec
1142 1469 152 36 intelligi
1258 1469 117 36 potest
1340 1469 82 36 nec
1387 1469 117 36 diligi
1468 1469 140 36 absolute
1562 1469 58 36 vel

1013 1495 155 37 relatiue
1129 1495 103 37 quin
1194 1495 129 37 actiue
1284 1495 90 37 per
1336 1495 116 37 modum
1413 1495 142 37 obiecti
1517 1495 90 37 vel
1555 1495 65 37 per

1015 1522 110 39 modum
1088 1522 110 39 finis
1162 1522 171 39 allicitiue
1296 1522 122 39 filius
1382 1522 73 39 ad
1419 1522 110 39 talem
1492 1522 122 39 moueat
1578 1522 73 39 in

1017 1552 203 40 tellectionem
1182 1552 89 40 vel
1233 1552 203 40 dilectionem.
1398 1552 63 40 ⁋
1423 1552 76 40 Ad
1461 1552 165 40 vicesimum
1575 1552 51 40 se

1014 1586 140 31 cundum
1112 1586 154 31 negatur
1224 1586 182 31 assumptum
1363 1586 84 31 ad
1405 1586 210 31 probationem
1559 1586 70 31 di-

1027 1611 62 37 co
1058 1611 83 37 quod
1110 1611 94 37 fides
1172 1611 94 37 negat
1235 1611 94 37 istam
1297 1611 94 37 pater
1360 1611 73 37 est
1401 1611 104 37 filius
1474 1611 73 37 non
1516 1611 83 37 ideo
1558 1611 62 37 quia

1021 1640 101 38 pater
1088 1640 78 38 non
1133 1640 78 38 est
1178 1640 90 38 illa
1234 1640 78 38 res
1279 1640 78 38 que
1323 1640 78 38 est
1368 1640 112 38 filius
1447 1640 78 38 cum
1492 1640 78 38 hoc
1536 1640 78 38 sit
1570 1640 56 38 fal

1026 1668 79 34 sum
1071 1668 79 34 nec
1116 1668 90 34 ideo
1172 1668 124 34 precise
1263 1668 90 34 quia
1319 1668 102 34 pater
1387 1668 79 34 non
1432 1668 79 34 sit
1477 1668 68 34 de
1511 1668 68 34 se
1534 1668 90 34 filius

1020 1701 85 31 sed
1068 1701 97 31 quia
1129 1701 109 31 pater
1201 1701 109 31 nullo
1274 1701 97 31 modo
1335 1701 73 31 de
1371 1701 109 31 mundo
1443 1701 85 31 est
1492 1701 121 31 filius
1564 1701 61 31 nec

1020 1723 70 36 de
1055 1723 70 36 se
1090 1723 81 36 nec
1136 1723 81 36 non
1183 1723 70 36 de
1218 1723 81 36 se.
1264 1723 93 36 Unde
1322 1723 93 36 dare
1380 1723 128 36 precise
1473 1723 104 36 illum
1531 1723 93 36 sensum

1019 1755 157 32 veritatis
1140 1755 85 32 vel
1188 1755 109 32 illum
1261 1755 97 32 huic
1321 1755 145 32 negatiue
1430 1755 97 32 quem
1491 1755 97 32 iste
1539 1755 85 32 dicit

1022 1780 95 39 esse
1081 1780 178 39 intellectum
1223 1780 107 39 fidei
1294 1780 107 39 esset
1366 1780 142 39 erroneum
1472 1780 118 39 contra
1543 1780 83 39 fidem

1026 1812 92 35 quia
1084 1812 81 35 cum
1130 1812 92 35 illo
1188 1812 104 35 sensu
1257 1812 115 35 optime
1338 1812 115 35 staret
1418 1812 173 35 affirmatiua
1557 1812 92 35 quod

1026 1839 104 38 pater
1096 1839 81 38 est
1142 1839 116 38 filius
1223 1839 93 38 quod
1281 1839 104 38 tamen
1351 1839 104 38 esset
1420 1839 116 38 contra
1502 1839 116 38 fidem:
1571 1839 58 38 si-

1022 1864 75 37 mul
1065 1864 86 37 enim
1119 1864 97 37 stant
1184 1864 86 37 quod
1238 1864 86 37 homo
1291 1864 75 37 non
1334 1864 75 37 sit
1377 1864 65 37 de
1410 1864 65 37 se
1442 1864 97 37 albus
1507 1864 65 37 et
1539 1864 86 37 quod
1582 1864 43 37 ta

1024 1896 80 35 men
1069 1896 80 35 sit
1115 1896 103 35 albus
1184 1896 69 35 et
1218 1896 80 35 sic
1263 1896 69 35 de
1298 1896 103 35 aliis
1366 1896 160 35 infinitis.
1492 1896 103 35 Ultra
1549 1896 80 35 tamen

1027 1925 70 32 ad
1062 1925 163 32 propositum
1190 1925 128 32 sumitur
1283 1925 128 32 aliquod
1376 1925 116 32 falsum
1457 1925 139 32 scilicet
1550 1925 70 32 quod

1023 1952 106 36 pater
1094 1952 118 36 videri
1176 1952 118 36 possit
1258 1952 118 36 aliqua
1341 1952 129 36 visione
1435 1952 82 36 qua
1482 1952 118 36 posita
1552 1952 71 36 pos-

1025 1973 68 40 et
1059 1973 90 40 ista
1115 1973 124 40 visione
1205 1973 124 40 videri.
1295 1973 90 40 Dato
1351 1973 79 40 per
1396 1973 169 40 impossibile
1532 1973 90 40 quod
1577 1973 56 40 pa-

1024 2004 82 35 ter
1071 2004 82 35 non
1118 2004 105 35 esset
1188 2004 163 35 diuinitas.
1316 2004 82 35 hoc
1363 2004 105 35 tamen
1433 2004 82 35 est
1479 2004 117 35 falsum
1549 2004 82 35 cuius

1027 2036 113 32 causa
1103 2036 163 32 assignata
1228 2036 88 32 est
1279 2036 75 32 in
1316 2036 188 32 respondendo
1467 2036 75 32 ad
1492 2036 138 32 vndecimum

1037 2065 69 35 Ad
1071 2065 149 35 vicesimum
1186 2065 126 35 tertium
1278 2065 138 35 dicendum
1381 2065 92 35 quod
1438 2065 103 35 licet
1507 2065 80 35 non
1542 2065 80 35 requi

1025 2093 99 45 ritur
1091 2093 165 45 generaliter
1223 2093 88 45 quod
1278 2093 165 45 abstractiue
1409 2093 132 45 cognitum
1508 2093 77 45 sit
1541 2093 88 45 ponens
