1800 2500
221 241 98 48 illa
282 241 220 48 contradictonia
465 241 85 48 sed
514 241 159 48 priuatiue
636 241 159 48 opposita.
758 241 85 48 Sed
794 241 49 48 de

221 286 147 35 priuatiue
334 286 147 35 oppositis
447 286 102 35 satis
515 286 79 35 est
561 286 147 35 possibile
674 286 91 35 quod
731 286 102 35 simul
787 286 57 35 ve-

224 313 149 31 rificantur
341 313 106 31 aliqua
416 313 64 31 de
448 313 96 31 eodem
511 313 64 31 in
543 313 117 31 diuinis
628 313 85 31 quia
681 313 128 31 essentia
766 313 64 31 diui

219 342 72 31 na
255 342 84 31 est
303 342 192 31 nascibilitas
459 342 72 31 et
495 342 228 31 innascibilitas.
686 342 60 31 ⁋
710 342 72 31 Ad
734 342 96 31 primum

228 369 61 33 in
258 369 132 33 oppositum
360 369 111 33 concedo
441 369 81 33 quod
491 369 71 33 non
532 369 61 33 ex
562 369 71 33 hoc
603 369 81 33 quod
654 369 132 33 intelligi
755 369 61 33 et
785 369 71 33 non

226 396 151 39 intelligi
343 396 93 39 sunt
401 396 210 39 contradictoria
576 396 116 39 negari
657 396 105 39 debet
727 396 70 39 ea
750 396 82 39 posse

218 427 150 30 conuenire
334 427 104 30 patri
403 427 69 30 et
438 427 138 30 essentie
542 427 81 30 vmo
588 427 92 30 nisi
645 427 127 30 aliunde
726 427 104 30 pateret

218 453 82 35 hoc
265 453 129 35 deberet
359 453 140 35 remanere
464 453 70 35 in
499 453 117 35 dubio.
581 453 82 35 sed
627 453 70 35 in
662 453 152 35 proposito
768 453 58 35 ali

219 482 89 33 unde
275 482 178 33 certificatur
419 482 100 33 sicut
486 482 100 33 patet
553 482 67 33 ex
586 482 156 33 rationibus
709 482 67 33 et
731 482 100 33 auctori

222 513 128 35 tatibus
316 513 128 35 positis
409 513 70 35 ad
444 513 117 35 primam
526 513 187 35 conclusionem
677 513 105 35 primi
736 513 93 35 articu

216 535 77 40 li.
260 535 144 40 Scriptura
371 535 88 40 enim
426 535 66 40 et
459 535 99 40 ratio
525 535 66 40 ad
559 535 77 40 hoc
603 535 155 40 necessitat
713 535 122 40 responden

225 566 72 33 dum
266 566 82 33 quod
317 566 92 33 teneo
379 566 72 33 sed
420 566 72 33 non
461 566 123 33 praecise
553 566 103 33 natura
625 566 205 33 contradictionis.
789 566 41 33 Et

222 596 81 33 per
268 596 92 33 idem
325 596 104 33 patet
394 596 69 33 ad
429 596 92 33 tres
486 596 138 33 rationes
590 596 161 33 sequentes.
716 596 58 33 ⁋
728 596 104 33 Tertium

223 626 106 31 oubium
298 626 75 31 est
340 626 64 31 an
372 626 64 31 ex
404 626 75 31 hoc
447 626 85 31 quod
500 626 128 31 secundum
596 626 117 31 regulam
681 626 117 31 anselmi
766 626 64 31 in
787 626 43 31 di

226 655 110 35 uinis
299 655 98 35 omna
361 655 98 35 sunt
422 655 98 35 idem
483 655 86 35 vbi
532 655 86 35 non
582 655 110 35 obuia
655 655 172 35 relationis
778 655 49 35 op

221 683 123 32 positio
310 683 89 32 dici
366 683 112 32 debeat
444 683 212 32 contradictionem
623 683 145 32 includere
735 683 89 32 quod
779 683 56 32 vna

221 712 125 33 persona
312 712 182 33 intelligatur
460 712 80 33 vel
506 712 148 33 diligatur
620 712 91 33 sine
677 712 91 33 alia
734 712 80 33 vel
768 712 57 33 es-

220 740 104 29 sentia
292 740 83 29 fine
344 740 114 29 persona
427 740 114 29 videtur
510 740 83 29 quod
562 740 73 29 sic
604 740 83 29 quia
656 740 104 29 nullam
729 740 93 29 aliam
780 740 42 29 ha

221 766 100 37 bemus
288 766 56 37 a
310 766 122 37 sanctis
399 766 122 37 regulam
488 766 89 37 quid
544 766 145 37 intelligi
655 766 111 37 debeat
733 766 67 37 de
755 766 78 37 omni-

224 795 74 31 bus
267 795 63 31 in
298 795 126 31 diuinis.
393 795 63 31 Et
424 795 84 31 quid
477 795 63 31 oe
508 795 74 31 vno
551 795 74 31 ita
593 795 84 31 quod
645 795 74 31 non
687 795 63 31 de
719 795 84 31 alio
761 795 63 31 nisi

221 823 102 29 istam.
292 823 61 29 Et
323 823 61 29 si
353 823 71 29 ita
394 823 143 29 frustretur
506 823 92 29 omnis
568 823 71 29 ars
609 823 92 29 nobis
670 823 133 29 tollitur.
772 823 51 29 ⁋
782 823 51 29 Con

218 852 76 37 tra
262 852 65 37 si
294 852 87 37 ista
348 852 76 37 ars
392 852 152 37 sufficeret
511 852 98 37 pater
576 852 184 37 incarnaretur.
717 852 108 37 Dicendum

215 883 77 33 est
259 883 88 33 quod
314 883 77 33 non
358 883 88 33 quia
412 883 110 33 regula
489 883 88 33 illa
544 883 77 33 non
588 883 121 33 regulat
676 883 77 33 nos
708 883 121 33 immediate

211 908 87 37 nisi
266 908 98 37 circa
331 908 142 37 essentiam
440 908 65 37 et
473 908 131 37 personas
571 908 65 37 ad
603 908 98 37 intra
669 908 87 37 quod
723 908 76 37 cui
756 908 76 37 conue

219 937 71 35 nit
259 937 61 35 et
290 937 81 35 quod
340 937 71 35 non
381 937 61 35 ad
411 937 91 35 intra
472 937 81 35 ideo
522 937 132 35 signanter
624 937 121 35 dicitur.
715 937 61 35 In
735 937 91 35 diuinis

219 967 99 30 omnia
285 967 88 30 sunt
340 967 88 30 vnum
394 967 88 30 etc.
449 967 77 30 non
493 967 99 30 autem
559 967 121 30 regulat
647 967 66 30 in
669 967 153 30 possibilibus

214 994 130 32 sumptis
309 994 71 32 ad
344 994 106 32 extra
415 994 94 32 nisi
474 994 130 32 mediate
568 994 83 32 vel
616 994 118 32 remote
698 994 71 32 et
722 994 106 32 insuffi

215 1023 123 31 cienter
304 1023 101 31 sicut
371 1023 101 31 plane
439 1023 101 31 docet
506 1023 145 31 instantia
617 1023 67 31 de
651 1023 179 31 incarnatione
785 1023 45 31 fi

211 1049 80 36 lii
256 1049 92 36 sine
314 1049 103 36 patre
383 1049 80 36 nec
428 1049 103 36 tamen
497 1049 138 36 tollitur
601 1049 103 36 omnis
669 1049 92 36 ares
715 1049 115 36 probandi

220 1079 123 33 intentum
312 1079 82 33 quia
363 1079 61 33 ex
394 1079 133 33 euangelio
496 1079 61 33 et
527 1079 72 33 per
568 1079 92 33 artem
629 1079 61 33 in
660 1079 113 33 secundo
732 1079 92 33 articu-

213 1106 71 34 lo
249 1106 142 34 arguendo
355 1106 71 34 ad
390 1106 118 34 primam
473 1106 189 34 conclusionem
626 1106 106 34 primi
685 1106 130 34 articuli.

219 1134 51 34 ⁋
239 1134 61 34 Ad
270 1134 102 34 primum
341 1134 142 34 principale
453 1134 112 34 negatur
534 1134 142 34 antecedens
646 1134 71 34 cum
687 1134 71 34 sua
717 1134 102 34 probatio

212 1167 80 29 ne.
257 1167 68 29 Ad
291 1167 205 29 confirmationem
462 1167 125 29 negatur
553 1167 103 29 maior
622 1167 68 29 de
656 1167 160 29 prioritate
770 1167 57 29 con

217 1191 152 35 munitatis
334 1191 105 35 solum
405 1191 70 35 et
440 1191 82 35 per
487 1191 94 35 idem
545 1191 129 35 negatur
639 1191 105 35 illud
709 1191 94 35 quod
756 1191 70 35 assu

209 1223 88 31 mit
260 1223 188 31 confitmatio
410 1223 138 31 tertia.
510 1223 63 31 ⁋
535 1223 75 31 Ad
573 1223 150 31 secundum
685 1223 138 31 negatur
773 1223 50 31 ma

213 1249 75 38 ior
256 1249 118 38 precise
342 1249 65 38 de
375 1249 97 38 illis
439 1249 75 38 que
482 1249 86 38 sunt
536 1249 97 38 vnica
600 1249 129 38 essentia
697 1249 65 38 et
729 1249 75 38 non
762 1249 65 38 pos-

209 1277 102 36 sunt
273 1277 140 36 seorsum
374 1277 127 36 mouere
463 1277 89 36 nec
514 1277 140 36 causare
615 1277 76 36 et
653 1277 89 36 per
704 1277 89 36 hoc
742 1277 89 36 patet

206 1305 78 49 ad
245 1305 233 49 confitmationem
439 1305 91 49 seu
491 1305 78 49 ad
530 1305 207 49 probationem.
698 1305 65 49 ⁋
724 1305 78 49 Ad
750 1305 78 49 ter.

218 1337 93 34 tium
276 1337 70 34 et
311 1337 128 34 quartum
404 1337 104 34 patet
474 1337 81 34 per
520 1337 104 34 prius
578 1337 93 34 dicta.

389 1366 182 56 Ertio
510 1366 202 56 decimo
651 1366 182 56 circa
752 1366 81 56 di

377 1394 162 56 stinctionem
507 1394 108 56 primam
583 1394 130 56 queritur
680 1394 141 56 occasione
778 1394 43 56 se

393 1447 101 37 cunde
460 1447 179 37 conclusionis
606 1447 157 37 quastionis
729 1447 67 37 12
752 1447 78 37 vtrum

391 1470 107 43 liceat
466 1470 107 43 filium
541 1470 75 43 dei
584 1470 86 43 plus
637 1470 128 43 diligere
734 1470 86 43 quam
777 1470 54 43 pa-

354 1483 98 57 trem
415 1483 86 57 vel
464 1483 147 57 spiritum
574 1483 134 57 sanctum
671 1483 86 57 seu
720 1483 73 57 eo
745 1483 73 57 plus

217 1523 80 43 frui
267 1523 80 43 quod
317 1523 70 43 sic
356 1523 80 43 quia
406 1523 100 43 filius
476 1523 70 43 est
516 1523 100 43 melior
585 1523 109 43 igitur.
665 1523 129 43 Assumptum
754 1523 70 43 proba

210 1554 82 45 tur
257 1554 94 45 quia
316 1554 117 45 filius
398 1554 82 45 est
444 1554 105 45 bonus
515 1554 140 45 bonitate
620 1554 117 45 patris
702 1554 70 45 et
725 1554 94 45 preter

218 1583 82 37 hoc
265 1583 141 37 bonitate
371 1583 176 37 humanitatis
511 1583 141 37 assumpte
617 1583 129 37 igitur.
711 1583 59 37 ⁋
734 1583 94 37 Item
781 1583 47 37 fi

212 1610 90 42 lius
268 1610 79 42 est
313 1610 135 42 amabilis
415 1610 90 42 quia
471 1610 90 42 deus
528 1610 68 42 et
561 1610 90 42 quia
618 1610 147 42 redemptor
731 1610 79 42 non
765 1610 56 42 sic

215 1642 102 42 pater
283 1642 114 42 igitur
362 1642 91 42 etc.
419 1642 136 42 Preterea
521 1642 102 42 iudei
589 1642 148 42 sciuerunt
703 1642 102 42 istum
760 1642 68 42 esse

206 1670 122 38 hominem
295 1670 89 38 quem
350 1670 189 38 crucifixerunt
506 1670 67 38 et
539 1670 78 38 non
584 1670 144 38 sciuerunt
695 1670 100 38 ipsum
750 1670 67 38 esse

213 1699 80 38 deum
263 1699 100 38 igitur
333 1699 110 38 aliquid
413 1699 70 38 est
453 1699 110 38 scibile
534 1699 60 38 de
564 1699 90 38 filio
624 1699 80 38 quod
674 1699 70 38 non
714 1699 60 38 de
744 1699 70 38 deo
774 1699 50 38 igi

211 1723 72 42 tur
252 1723 93 42 multo
314 1723 113 42 fortius
396 1723 113 42 aliquid
478 1723 72 42 est
520 1723 113 42 scibile
602 1723 62 42 de
633 1723 93 42 filio
694 1723 82 42 quod
746 1723 72 42 non
777 1723 41 42 de

213 1756 110 33 patre
286 1756 122 33 igitur
371 1756 97 33 pari
432 1756 134 33 ratione
530 1756 134 33 poterit
627 1756 97 33 plus
688 1756 122 33 diligi
761 1756 61 33 cum

217 1785 100 35 preter
287 1785 70 35 hoc
327 1785 80 35 quod
376 1785 60 35 de
406 1785 80 35 ipso
456 1785 159 35 singulariter
586 1785 70 35 est
626 1785 110 35 scibile
705 1785 80 35 ipse
745 1785 70 35 etiam

209 1812 66 35 sic
246 1812 75 35 deus
293 1812 131 35 antecedens
396 1812 94 35 primum
462 1812 85 35 patet
519 1812 66 35 per
556 1812 85 35 illud
612 1812 122 35 apostoli.
706 1812 56 35 Si
725 1812 94 35 cognouis

210 1837 80 38 sent
260 1837 110 38 nunquam
340 1837 80 38 deum
390 1837 130 38 generalie
490 1837 190 38 crucifixissent.
650 1837 50 38 ⁋
670 1837 100 38 Contra
730 1837 80 38 quili-

208 1865 74 36 bet
251 1865 116 36 tenetur
335 1865 138 36 quaelibet
441 1865 127 36 personam
536 1865 116 36 diuinam
621 1865 127 36 diligere
716 1865 63 36 et
737 1865 85 36 appre-

210 1898 80 39 ciari
264 1898 107 39 infinite
344 1898 89 39 igitur
406 1898 143 39 consequentia
522 1898 80 39 tenet
576 1898 71 39 quia
621 1898 89 39 nullus
683 1898 89 39 potest
746 1898 71 39 plus
781 1898 36 39 di

215 1921 104 41 ligere
288 1921 84 41 quam
340 1921 136 41 infinite.
444 1921 52 41 ⁋
465 1921 104 41 Primus
538 1921 136 41 articulus
643 1921 94 41 prima
695 1921 115 41 conclusio

215 1953 122 41 conformis
308 1953 103 41 secunde
383 1953 140 41 conclusioni
495 1953 150 41 praecedentis
617 1953 140 41 quaestionis
720 1953 93 41 Christus

211 1982 143 35 cognosci
318 1982 131 35 poterat
413 1982 119 35 aliqua
497 1982 167 35 cognitione
628 1982 71 35 et
663 1982 131 35 diligi.
747 1982 71 35 ali-

205 2013 77 33 qua
249 2013 155 33 dilectione
371 2013 77 33 qua
415 2013 77 33 nec
459 2013 99 33 pater
525 2013 77 33 nec
569 2013 132 33 spiritus
669 2013 132 33 sanctus.
757 2013 55 33 pro

207 2034 101 45 batur
274 2034 134 45 Christus
375 2034 112 45 potuit
453 2034 112 45 videri
532 2034 101 45 oculo
599 2034 146 45 corporali
700 2034 112 45 mediante

204 2062 109 41 huius
277 2062 170 41 humanitate
411 2062 73 41 et
447 2062 122 41 diligi
532 2062 85 41 per
581 2062 146 41 accidens
690 2062 73 41 ex
727 2062 85 41 hoc
763 2062 49 41 so

205 2090 62 56 lo
236 2090 83 56 quod
287 2090 134 56 humanitas
391 2090 83 56 fuit
443 2090 83 56 sibi
494 2090 93 56 vnita
556 2090 62 56 et
587 2090 114 56 constat
670 2090 83 56 quod
722 2090 83 56 tali
763 2090 52 56 di

848 235 136 68 lectione
949 235 79 68 vel
995 235 158 68 cognitione
1119 235 79 68 non
1164 235 169 68 diligebatur
1300 235 102 68 pater
1367 235 90 68 quia
1413 235 56 68 hec

863 285 72 47 ibi
904 285 72 47 non
945 285 154 47 conueniunt.
1068 285 123 47 Preterea
1160 285 113 47 aliquis
1242 285 113 47 oderunt
1324 285 123 47 Christim
1406 285 61 47 pro-

864 317 89 38 pter
920 317 123 38 aliquam
1009 317 179 38 conditionem.
1154 317 190 38 displicibilem
1311 317 67 38 in
1344 317 112 38 natura
1411 317 56 38 as-

851 345 107 42 sumpta
926 345 75 42 vel
969 345 107 42 saltem
1044 345 75 42 hoc
1087 345 86 42 fuit
1141 345 139 42 possibile
1248 345 86 42 quae
1301 345 96 42 tamen
1355 345 107 42 conditio

856 376 98 32 nulli
922 376 109 32 alteri
998 376 120 32 persone
1086 376 164 32 competisset
1217 376 76 32 sic
1260 376 98 32 etiam
1326 376 98 32 forte
1381 376 87 32 dilige

856 400 105 43 batur
926 400 70 43 ab
961 400 151 43 aliquibus
1077 400 105 43 solum
1147 400 128 43 propter
1240 400 128 43 aliquam
1321 400 151 43 conditionem

860 434 169 28 pumanitatis
995 434 135 28 scilicet
1096 434 90 28 quia
1153 434 203 28 consanguineus.
1322 434 56 28 ⁋
1344 434 68 28 Ex
1378 434 79 28 hoc
1412 434 56 28 ar-

860 460 102 36 guitur
931 460 71 36 sic
972 460 102 36 quando
1043 460 112 36 aliquid
1124 460 132 36 diligitur
1225 460 122 36 praecise
1317 460 112 36 propter
1388 460 81 36 causam

849 488 91 34 sibi
905 488 136 34 propriam
1007 488 79 34 non
1053 488 125 34 oportet
1143 488 91 34 ista
1200 488 159 34 dilectione
1325 488 102 34 alium
1381 488 91 34 diligi

852 514 70 41 cui
892 514 80 41 illa
942 514 90 41 ratio
1002 514 110 41 precise
1083 514 70 41 non
1123 514 120 41 conuenit
1213 514 70 41 sed
1253 514 70 41 sic
1293 514 70 41 est
1334 514 60 41 in
1354 514 110 41 proposito

855 545 125 39 igitur.
946 545 91 39 Unde
1003 545 137 39 dicendum
1105 545 80 39 est
1150 545 91 39 quod
1207 545 91 39 omne
1264 545 102 39 illud
1332 545 91 39 quod
1378 545 91 39 imedia

853 573 62 33 te
884 573 123 33 conuenit
976 573 113 33 persone
1058 573 92 33 filum
1120 573 113 33 ratione
1202 573 185 33 personalitatis
1356 573 103 33 diuine
1418 573 51 33 hoc

858 597 95 41 etiam
922 597 127 41 conuenit
1017 597 127 41 essentie
1112 597 63 41 si
1144 597 85 41 sibi
1197 597 74 41 non
1239 597 127 41 repugnet
1334 597 95 41 secus
1387 597 74 41 autem

852 627 68 34 est
891 627 58 34 de
920 627 77 34 hiis
968 627 77 34 quae
1017 627 135 34 conueniunt
1123 627 87 34 filio
1181 627 68 34 per
1220 627 145 34 humanitatem
1336 627 58 34 vt
1365 627 77 34 quod
1404 627 58 34 fue-

856 656 79 42 rit
901 656 124 42 mortuus
991 656 147 42 famescens
1104 656 90 42 etc.
1160 656 90 42 quia
1217 656 102 42 licet
1284 656 79 42 hec
1318 656 147 42 concedantur

853 685 62 34 de
884 685 94 34 filio
946 685 73 34 non
988 685 94 34 tamen
1050 685 114 34 propter
1133 685 73 34 hoc
1175 685 114 34 oportet
1258 685 135 34 concedere
1362 685 83 34 quod
1404 685 62 34 dei-

856 711 76 37 tas
900 711 109 37 fuerit
976 711 109 37 mortua
1052 711 87 37 etc.
1106 711 76 37 vel
1149 711 65 37 si
1182 711 87 37 quis
1236 711 109 37 vellet
1312 711 87 37 ista
1355 711 109 37 essentie

849 740 142 36 tribuere
956 740 83 36 per
1003 740 142 36 accidens
1109 740 83 36 non
1157 740 106 36 tamen
1228 740 130 36 propter
1322 740 83 36 hoc
1358 740 106 36 haberet

853 771 80 36 ista
903 771 130 36 concedere
1003 771 60 36 de
1033 771 90 36 patre
1093 771 60 36 et
1123 771 110 36 spiritu
1202 771 110 36 sancto.
1282 771 60 36 Et
1312 771 70 36 ita
1352 771 70 36 non
1382 771 80 36 sequi-

856 799 78 39 tur
900 799 111 39 filius
978 799 134 39 secundum
1079 799 167 39 humanitatem
1213 799 78 39 est
1257 799 134 39 cognitus
1358 799 78 39 vel
1391 799 78 39 dile-

858 826 76 37 tus
902 826 108 37 igitur
977 826 108 37 deitas
1053 826 76 37 est
1097 826 119 37 cognita
1183 826 76 37 vel
1227 826 119 37 dilecta
1313 826 76 37 nec
1357 826 98 37 etiam
1411 826 54 37 hoc

857 852 109 42 equitur
936 852 59 42 oe
966 852 89 42 patre
1025 852 59 42 et
1055 852 119 42 spiritum
1144 852 109 42 sancto.
1223 852 79 42 Quis
1273 852 79 42 enim
1322 852 109 42 diceret
1392 852 59 42 quod

853 883 97 40 asinus
921 883 68 40 qui
960 883 117 40 portauit
1048 883 58 40 et
1077 883 88 40 vidit
1136 883 117 40 Christum
1223 883 107 40 viderit
1301 883 117 40 deitatem
1389 883 68 40 vel
1418 883 39 40 si

849 910 74 42 hoc
892 910 95 42 velit
955 910 106 42 dicere
1030 910 95 42 tamen
1093 910 64 42 de
1125 910 95 42 patre
1188 910 95 42 nullo
1252 910 127 42 consensu
1347 910 74 42 est
1379 910 85 42 conce-

846 946 128 35 dendum.
940 946 105 35 tamen
1010 946 82 35 vt.
1056 946 117 35 patuit
1138 946 105 35 circa
1208 946 186 35 conclusionem
1347 946 117 35 secundam

849 972 177 35 precedentis
991 972 165 35 questionis
1121 972 106 35 dicta
1191 972 153 35 conclusio
1309 972 83 35 non
1345 972 106 35 videtur

852 1003 91 33 vera
909 1003 80 33 ymo
954 1003 103 33 etiam
1023 1003 137 33 opposita
1125 1003 125 33 probari
1217 1003 114 33 potest
1296 1003 80 33 per
1342 1003 103 33 omnia
1399 1003 57 33 me-

852 1025 72 44 dia
893 1025 103 44 quibus
965 1025 62 44 in
996 1025 155 44 praecedenti
1121 1025 145 44 quaestione
1234 1025 124 44 probatum
1328 1025 72 44 est
1369 1025 83 44 quod
1410 1025 52 44 vna

852 1058 115 37 persona
935 1058 73 37 non
977 1058 105 37 potest
1051 1058 73 37 per
1092 1058 63 37 se
1124 1058 126 37 cognosci
1218 1058 84 37 sine
1270 1058 94 37 alia.
1333 1058 63 37 Ad
1365 1058 73 37 hoc
1396 1058 63 37 enim

850 1088 100 36 ducit
917 1088 100 36 ratio
984 1088 145 36 naturalis
1095 1088 156 36 coassumpta
1218 1088 89 36 fide
1274 1088 89 36 quod
1329 1088 89 36 tres
1374 1088 78 36 perso

845 1110 71 37 ne
881 1110 95 37 sunt
940 1110 95 37 vnum
1000 1110 71 37 in
1035 1110 143 37 essentia
1142 1110 71 37 et
1178 1110 83 37 nec
1225 1110 107 37 fides
1297 1110 83 37 nec
1332 1110 131 37 scriptura

843 1141 136 40 alicubi
942 1141 112 40 ponit
1016 1141 136 40 aliquid
1116 1141 136 40 propter
1215 1141 99 40 quod
1277 1141 87 40 non
1327 1141 124 40 debeat
1401 1141 62 40 sic

852 1169 104 37 concedi
927 1169 123 37 conclusio
1022 1169 104 37 deducta
1097 1169 113 37 scilicet
1182 1169 76 37 quod
1229 1169 66 37 non
1267 1169 94 37 potest
1333 1169 113 37 cognosci
1409 1169 47 37 vna

847 1196 128 37 persona
941 1196 116 37 diuina
1022 1196 82 37 nec
1069 1196 116 37 diligi
1150 1196 93 37 quin
1208 1196 140 37 essentia
1313 1196 70 37 et
1337 1196 116 37 quelibet

853 1229 110 32 persona
933 1229 80 32 alia
983 1229 100 32 diuina
1053 1229 70 32 sic
1093 1229 150 32 cognoscatur
1213 1229 60 32 et
1243 1229 130 32 diligatur
1343 1229 100 32 igitur
1403 1229 50 32 nec

847 1257 68 30 est
886 1257 156 30 inconveniens
1013 1257 78 30 quod
1061 1257 88 30 sicut
1120 1257 97 30 filius
1188 1257 126 30 videbatur
1285 1257 68 30 per
1324 1257 117 30 accidens
1402 1257 58 30 ocu-

848 1280 58 39 lo
877 1280 125 39 corporali
974 1280 68 39 ita
1012 1280 87 39 etiam
1070 1280 58 39 et
1099 1280 96 39 deitas
1167 1280 58 39 et
1196 1280 87 39 pater
1253 1280 58 39 et
1282 1280 116 39 spiritus
1360 1280 96 39 sanctus.

850 1308 54 38 ⁋
872 1308 107 38 Dubium
947 1308 75 38 est
990 1308 118 38 quomodo
1076 1308 75 38 vno
1119 1308 86 38 actu
1173 1308 140 38 beatifico
1280 1308 129 38 disticte
1366 1308 86 38 cogno-

842 1339 95 41 scitur
909 1339 115 41 essentia
995 1339 57 41 et
1024 1339 124 41 distincte
1119 1339 124 41 quaelibet
1215 1339 115 41 persona.
1301 1339 57 41 Ex
1329 1339 67 41 hoc
1368 1339 76 41 enim
1406 1339 57 41 vide

850 1367 66 38 tur
887 1367 76 38 quod
935 1367 76 38 idem
982 1367 85 38 actus
1039 1367 95 38 omnino
1105 1367 151 38 repraesentet
1228 1367 114 38 absolute
1313 1367 57 38 et
1341 1367 114 38 relatiue
1417 1367 38 38 et

847 1394 78 43 tunc
896 1394 59 43 de
926 1394 88 43 eodem
984 1394 118 43 conceptu
1073 1394 176 43 praedicarentur
1220 1394 69 43 per
1259 1394 59 43 se
1288 1394 108 43 diuersa
1357 1394 98 43 predica-

843 1422 56 42 ta
871 1422 113 42 scilicet
955 1422 131 42 substantie
1059 1422 56 42 et
1087 1422 141 42 relationis.
1199 1422 47 42 ⁋
1218 1422 75 42 Item
1265 1422 75 42 tunc
1312 1422 75 42 idem
1350 1422 103 42 negaretur

843 1456 58 32 de
872 1456 58 32 se
901 1456 77 32 ipso
950 1456 97 32 posita
1018 1456 135 32 constantia
1124 1456 116 32 subiecti
1211 1456 77 32 quia
1259 1456 87 32 talis
1318 1456 126 32 conceptus
1405 1456 48 32 vel

844 1482 93 37 actus
906 1482 134 37 supponens
1009 1482 72 37 pro
1050 1482 93 37 filio
1112 1482 134 37 distincte
1215 1482 165 37 singulariter
1339 1482 114 37 negaretur

849 1510 59 33 de
879 1510 59 33 se
909 1510 79 33 ipso
958 1510 139 33 supponente
1067 1510 158 33 singulariter
1196 1510 69 33 pro
1235 1510 99 33 patre.
1305 1510 50 33 ⁋
1324 1510 79 33 Item
1374 1510 79 33 tunc
1413 1510 40 33 ea

853 1534 64 41 dem
889 1534 127 41 propositio
989 1534 55 41 in
1017 1534 73 41 quae
1062 1534 82 41 talis
1117 1534 118 41 conceptus
1208 1534 64 41 vel
1244 1534 82 41 actus
1298 1534 118 41 poneretur
1389 1534 64 41 tam
1417 1534 36 41 in

848 1565 118 34 subiecto
937 1565 79 34 quam
986 1565 59 34 in
1015 1565 138 34 praedicato
1124 1565 89 34 esset
1183 1565 59 34 ea
1212 1565 59 34 et
1242 1565 89 34 falsa
1301 1565 89 34 prout
1360 1565 79 34 idem
1399 1565 59 34 sup-

852 1598 80 32 ponit
905 1598 133 32 vniformiter
1012 1598 53 32 in
1039 1598 107 32 subiecto
1119 1598 53 32 et
1145 1598 53 32 in
1172 1598 124 32 praedicato
1270 1598 107 32 scilicet
1349 1598 89 32 vbique
1412 1598 62 32 pro

851 1621 71 36 patre
899 1621 48 36 et
922 1621 71 36 etiam
970 1621 119 36 difformiter
1065 1621 95 36 scilicet
1136 1621 48 36 in
1160 1621 95 36 subiecto
1231 1621 55 36 pro
1263 1621 71 36 patre
1310 1621 48 36 et
1334 1621 48 36 in
1350 1621 95 36 praedicato

844 1653 65 38 pro
881 1653 93 38 filio.
946 1653 46 38 ⁋
964 1653 74 38 Item
1011 1653 56 38 si
1039 1653 84 38 talis
1094 1653 84 38 actus
1150 1653 65 38 eam
1187 1653 84 38 primo
1243 1653 111 38 importat
1317 1653 130 38 paternitatem

842 1683 56 34 et
870 1683 141 34 filiationem
983 1683 75 34 tunc
1030 1683 66 34 est
1067 1683 122 34 conceptus
1161 1683 113 34 communis
1246 1683 66 34 cum
1284 1683 132 34 significet
1378 1683 75 34 vniuo-

843 1711 59 34 ce
873 1711 88 34 plura
931 1711 127 34 disticte.
1029 1711 59 34 Et
1058 1711 68 34 per
1097 1711 137 34 consequens
1204 1711 68 34 non
1243 1711 68 34 est
1282 1711 88 34 actus
1331 1711 117 34 fruitionis

847 1737 70 32 nec
887 1737 120 32 visionis
977 1737 130 32 beatifice
1077 1737 80 32 quia
1127 1737 90 32 talis
1188 1737 90 32 debet
1248 1737 80 32 esse
1288 1737 170 32 distinctissimus

836 1764 62 37 si
867 1764 73 37 non
908 1764 125 37 importat
1002 1764 83 37 eque
1054 1764 104 37 praemo
1127 1764 125 37 personas
1220 1764 83 37 tunc
1272 1764 104 37 beatus
1345 1764 94 37 prius
1397 1764 52 37 fru

838 1792 104 42 eretur
910 1792 73 42 vna
952 1792 114 42 persona
1035 1792 83 42 quod
1086 1792 93 42 alia.
1149 1792 52 42 ⁋
1169 1792 62 42 Ad
1200 1792 104 42 primum
1273 1792 145 42 conceditur
1387 1792 83 42 quod

834 1821 106 38 idein
905 1821 106 38 actus
975 1821 82 38 vel
1023 1821 153 38 conceptus
1140 1821 141 38 supponat
1246 1821 71 38 et
1281 1821 106 38 etiam
1340 1821 118 38 relatiue

842 1847 52 41 ⁋
862 1847 62 41 Ad
893 1847 124 41 secundum
986 1847 114 41 dicitur
1069 1847 83 41 quod
1121 1847 145 41 consequens
1234 1847 72 41 non
1275 1847 72 41 est
1306 1847 145 41 inconveniens

838 1875 61 42 si
868 1875 71 42 pro
909 1875 81 42 alio
959 1875 61 42 et
990 1875 81 42 alio
1040 1875 111 42 sumatur
1121 1875 61 42 in
1152 1875 121 42 subiecto
1243 1875 61 42 et
1273 1875 152 42 praedicato.
1394 1875 51 42 ⁋
1415 1875 61 42 Ad

838 1905 95 35 tertium
908 1905 95 35 negatur
977 1905 139 35 consequentia
1090 1905 69 35 quia
1133 1905 78 35 licet
1186 1905 69 35 idem
1229 1905 95 35 termini
1298 1905 104 35 ponuntur
1377 1905 52 35 in
1394 1905 52 35 pro-

831 1936 120 35 positione
923 1936 74 35 vera
969 1936 55 35 et
997 1936 55 35 in
1025 1936 148 35 propositione
1145 1936 83 35 falsa
1200 1936 83 35 tamen
1256 1936 92 35 aliter
1321 1936 83 35 fiunt
1376 1936 55 35 se
1404 1936 65 35 in¬

838 1964 152 40 tellectus
955 1964 70 40 in
990 1964 94 40 illa
1049 1964 82 40 que
1096 1964 82 40 per
1143 1964 105 40 tales
1213 1964 140 40 terminos
1307 1964 140 40 significan

842 1995 89 35 tur
893 1995 127 35 quando
982 1995 101 35 sunt
1045 1995 177 35 propositio
1184 1995 101 35 vera
1247 1995 76 35 et
1285 1995 127 35 aliter
1361 1995 89 35 quan-

830 2019 70 31 do
865 2019 93 31 sunt
923 2019 162 31 propositio
1051 2019 104 31 falsa
1120 2019 70 31 et
1155 2019 93 31 ideo
1213 2019 81 31 non
1259 2019 81 31 est
1305 2019 104 31 eadem
1363 2019 93 31 propo-

831 2045 104 42 sitio
901 2045 93 42 vera
959 2045 69 42 et
993 2045 104 42 falsa
1063 2045 69 42 in
1097 2045 104 42 mente
1167 2045 104 42 simul
1236 2045 104 42 sicut
1306 2045 93 42 idem
1363 2045 81 42 non
1398 2045 58 42 est

832 2077 102 31 simul
899 2077 113 31 statio
979 2077 68 31 et
1012 2077 113 31 sessio
1092 2077 102 31 licet
1159 2077 79 31 hoc
1204 2077 113 31 possit
1284 2077 90 31 esse
1329 2077 124 31 successi-

834 2105 76 44 ue.
878 2105 87 44 Alii
932 2105 109 44 dicunt
1008 2105 87 44 quod
1062 2105 98 44 sicut
1127 2105 65 44 in
1160 2105 87 44 voce
1214 2105 98 44 eadem
1279 2105 152 44 propositio
1388 2105 65 44 sits
