1784 2500
316 254 193 53 corresponderet
477 254 128 53 infinita
573 254 86 53 pena
627 254 139 53 positioni
733 254 86 53 vero
787 254 64 53 de
819 254 128 53 condigno

315 295 87 39 nihil
373 295 58 39 vt
402 295 97 39 dictum
470 295 77 39 est.
519 295 68 39 Cum
557 295 87 39 autem
615 295 106 39 dicitur
693 295 58 39 de
722 295 77 39 actu
770 295 126 39 contrario
857 295 68 39 posi-

322 321 80 38 tioni
375 321 71 38 etc.
420 321 71 38 dico
464 321 71 38 quod
508 321 71 38 ille
553 321 62 38 non
588 321 115 38 opponitur
677 321 115 38 positioni
765 321 89 38 ratioe
827 321 71 38 quae
863 321 62 38 actus

315 349 78 44 sed
359 349 123 44 ratione
449 349 78 44 qua
493 349 78 44 est
538 349 111 44 priuat
616 349 67 44 io
649 349 156 44 rectitudis
772 349 111 44 debite
839 349 89 44 inesse

320 377 77 41 vel
364 377 165 41 conformiter
496 377 110 41 diuine
573 377 99 41 legi.
638 377 77 41 vbi
682 377 110 41 gratia
759 377 99 41 odire
825 377 88 41 deum
869 377 55 41 op-

321 410 100 39 ponitur
394 410 73 39 huic
439 410 73 39 quod
484 410 64 39 est
521 410 109 39 diligere
602 410 73 39 deum
648 410 64 39 sub
684 410 54 39 ea
711 410 100 39 ratione
784 410 73 39 quae
829 410 100 39 praeuat
893 410 36 39 ho

323 436 110 43 minem
396 436 195 43 conformitate
554 436 110 43 legis
627 436 122 43 diuine
713 436 85 43 que
761 436 146 43 precipit
859 436 73 43 deum

322 467 92 40 esse
379 467 160 40 diligendum
505 467 103 40 super
573 467 103 40 omnia
642 467 69 40 et
676 467 80 40 cum
722 467 80 40 hoc
768 467 137 40 includit
859 467 69 40 repu

324 489 137 44 gnantiam
426 489 194 44 conformitatis
586 489 114 44 illius
666 489 103 44 legis
734 489 137 44 negatiue
837 489 80 44 seu
871 489 57 44 pro

327 521 130 43 hibitiue.
427 521 60 43 eo
457 521 80 43 quod
508 521 100 43 nullus
578 521 90 43 detet
638 521 90 43 odire
698 521 80 43 deum
748 521 60 43 et
778 521 80 43 ideo
819 521 110 43 opponitur

327 549 126 41 duplici
418 549 183 41 conformitati
567 549 114 41 quarum
647 549 126 41 vtraque
738 549 137 41 perficit
830 549 103 41 hominem

323 578 66 38 et
356 578 155 38 laudabilis
477 578 77 38 est
522 578 66 38 et
555 578 155 38 meritoria.
676 578 66 38 Io
709 578 132 38 respectu
809 578 143 38 vtriusque

323 604 93 40 facit
385 604 114 40 hominem
467 604 83 40 esse
519 604 155 40 imperfectum
643 604 145 40 culpabilem
757 604 62 40 et
788 604 72 40 deo
819 604 114 40 displici-

322 632 105 43 bilem.
396 632 74 43 Set
438 632 84 43 sola
491 632 116 43 omissio
575 632 105 43 tantum
649 632 74 43 vni
691 632 168 43 conformitati
817 632 116 43 opponitur

323 662 66 41 et
356 662 66 41 ex
389 662 77 41 hoc
433 662 99 41 patet
499 662 88 41 quid
554 662 77 41 sit
598 662 176 41 respondendum
741 662 99 41 illis
807 662 77 41 qui
840 662 88 41 tenent

322 689 172 42 contrarium
457 689 98 42 vnde
518 689 135 42 quantum
617 689 98 42 plus
678 689 172 42 intenditur
813 689 111 42 odium
875 689 61 42 dei

328 716 83 47 vel
375 716 106 47 alius
446 716 106 47 actus
517 716 154 47 virtuosus
636 716 106 47 tanto
706 716 95 47 plus
754 716 177 47 contrauenitur

327 746 114 41 diuine
406 746 91 41 legi
463 746 80 41 que
508 746 91 41 plus
565 746 136 41 prohibet
668 746 102 41 actum
736 746 136 41 peionem.
838 746 68 41 et
861 746 68 41 plus

326 774 130 43 obligat
420 774 130 43 hominem
515 774 71 43 ad
550 774 82 43 non
597 774 153 43 faciendum
715 774 106 43 maius
786 774 118 43 malum:
856 774 71 43 quam

333 807 110 43 minus
406 807 122 43 malum:
491 807 122 43 igitur
576 807 110 43 maius
649 807 110 43 malum
722 807 85 43 est
771 807 146 43 priuatio
868 807 61 43 ma-

325 828 103 46 ioris
393 828 183 46 obligationis
542 828 69 46 ad
576 828 183 46 rectitudinem
724 828 126 46 debitam
816 828 114 46 inesse
884 828 46 46 vl

331 860 70 39 ad
366 860 197 39 conformitatem
528 860 116 39 diuine
610 860 104 39 legis
679 860 93 39 quae
737 860 81 39 lex
783 860 116 39 magnam
853 860 81 39 habet

326 885 177 48 latitudinem
468 885 71 48 in
504 885 225 48 prohibitionibus
693 885 71 48 et
728 885 154 48 preceptis
846 885 95 48 Ideo
894 885 47 48 di

322 915 82 43 cit
369 915 153 43 psalmista
487 915 106 43 latum
558 915 141 43 mandatum
664 915 94 43 tuum
723 915 118 43 nimis.
805 915 94 43 Tria
853 915 82 43 argu-

328 948 113 37 menta
404 948 163 37 sequentia
529 948 163 37 soluentur
654 948 75 37 in
691 948 138 37 proxima
779 948 150 37 questione.

355 972 54 39 Ad
382 972 90 39 primum
445 972 81 39 prim:
499 972 81 39 ipale
553 972 99 39 dicitur
625 972 72 39 quod
669 972 144 39 aliquitenent
786 972 72 39 quod
831 972 99 39 credere
894 972 45 39 non

336 1001 64 44 it
368 1001 97 44 innra
433 1001 107 44 ptante
508 1001 97 44 cuius
573 1001 97 44 tamen
637 1001 140 44 oppositum
745 1001 150 44 ostendetur
852 1001 86 44 postea

323 1031 124 39 supposito
419 1031 86 39 tamen
476 1031 76 39 quod
524 1031 67 39 sit
562 1031 57 39 et
591 1031 76 39 quod
639 1031 105 39 credere
715 1031 67 39 sit
753 1031 86 39 finis
811 1031 96 39 studii
868 1031 67 39 adhuc

326 1058 102 40 tamen
394 1058 124 40 studium
484 1058 79 40 est
529 1058 170 40 meritorium.
665 1058 90 40 vnde
721 1058 192 40 quantuncunque
868 1058 68 40 pos-

332 1087 81 40 sem
378 1087 81 40 non
424 1087 127 40 credere
516 1087 92 40 deum
573 1087 81 40 non
619 1087 92 40 esse
677 1087 104 40 summe
746 1087 138 40 amabilem
838 1087 104 40 propter

323 1114 123 44 certas
409 1114 172 44 euidentias
544 1114 98 44 quas
605 1114 74 44 ad
642 1114 86 44 hoc
691 1114 110 44 habeo
764 1114 110 44 tamen
826 1114 110 44 studium

326 1143 80 45 per
371 1143 91 45 quod
428 1143 68 45 ad
463 1143 80 45 hoc
508 1143 126 45 deuenit
600 1143 114 45 libere
679 1143 68 45 et
714 1143 68 45 ex
748 1143 183 45 volitionibus
885 1143 57 45 cha

338 1178 117 31 ritatiuis
428 1178 117 31 processit
518 1178 54 31 et
545 1178 63 31 cum
581 1178 99 31 dicitur
653 1178 72 31 quod
698 1178 108 31 scientia
779 1178 90 31 inflat
842 1178 81 31 dicit
887 1178 54 31 glo-

331 1198 57 42 sa
360 1198 77 42 quod
408 1198 67 42 hoc
446 1198 67 42 est
484 1198 57 42 si
513 1198 96 42 fuerit
580 1198 77 42 sine
628 1198 124 42 charitate
724 1198 86 42 tamen
781 1198 67 42 cum
819 1198 67 42 hoc
848 1198 86 42 dicitur

316 1227 66 52 ter
353 1227 76 52 quod
401 1227 85 52 sicut
458 1227 114 52 virtutes
543 1227 133 52 formaliter
647 1227 57 52 et
676 1227 123 52 effectiue
770 1227 66 52 non
808 1227 76 52 sunt
856 1227 76 52 caua
894 1227 47 52 vi-

334 1254 79 43 tii
379 1254 102 43 licet
447 1254 147 43 obiectiue
559 1254 147 43 quandoque
672 1254 90 43 sint
729 1254 124 43 occasio
819 1254 113 43 surbie
887 1254 56 43 sic

337 1275 72 51 ent
378 1275 72 51 est
419 1275 62 51 de
450 1275 124 51 scientia
543 1275 134 51 theologie
646 1275 82 51 quae
697 1275 144 51 formaliter
810 1275 62 51 et
831 1275 113 51 effectiue

337 1312 142 41 producat
443 1312 71 41 et
479 1312 142 41 prouocat
585 1312 130 41 hominem
679 1312 71 41 ad
715 1312 177 41 conformiter
845 1312 94 41 viuen-

338 1340 75 45 dum
381 1340 75 45 die
424 1340 85 45 legi
477 1340 64 45 et
509 1340 64 45 ad
541 1340 128 45 vitandum
636 1340 96 45 vitia
700 1340 106 45 multis
775 1340 96 45 tamen
828 1340 117 45 obiectiue

333 1369 81 41 est
380 1369 128 41 occasio
473 1369 116 41 supbie
554 1369 81 41 qui
601 1369 70 41 de
636 1369 93 41 ipsa
694 1369 116 41 volunt
764 1369 128 41 gloriari.

543 1406 231 57 ccunbo
682 1406 231 57 queritur

544 1459 105 35 ubiis
614 1459 117 35 nondum
696 1459 140 35 solutis.
801 1459 105 35 Utrum
859 1459 82 35 studi

538 1487 72 38 im
574 1487 109 38 sacre
647 1487 157 38 scripture
767 1487 157 38 impositum
876 1487 60 38 ali

532 1517 66 34 ui
565 1517 66 34 in
598 1517 88 34 foro
653 1517 154 34 penitentie
773 1517 77 34 sit
806 1517 132 34 meritorium

554 1544 118 33 brobatur
643 1544 79 33 quod
692 1544 69 33 non
731 1544 69 33 per
770 1544 137 33 argumentum
868 1544 69 33 prius

337 1579 116 35 tactum
419 1579 116 35 probat
500 1579 93 35 quod
558 1579 81 35 sic
604 1579 93 35 quia
662 1579 104 35 alias
732 1579 81 35 non
778 1579 151 35 expediret
883 1579 58 35 pe-

341 1605 113 34 nitenti
423 1605 82 34 quod
474 1605 113 34 aliquod
557 1605 82 34 opus
608 1605 82 34 suum
659 1605 62 34 in
690 1605 82 34 foro
741 1605 144 34 penitentie
855 1605 82 34 sibi
906 1605 62 34 in

341 1629 153 39 iungeretur
461 1629 98 39 cuius
527 1629 142 39 oppositum
636 1629 98 39 facit
702 1629 131 39 ecclesia
789 1629 153 39 consequentia

337 1657 122 43 probatur
428 1657 81 43 quia
479 1657 71 43 non
520 1657 112 43 expedit
601 1657 102 43 alicui
672 1657 91 43 impor
733 1657 81 43 vnde
783 1657 91 43 opera
844 1657 71 43 que
875 1657 81 43 essent

342 1691 106 34 alias
413 1691 153 34 meritoria
530 1691 129 34 fierent
625 1691 82 34 non
672 1691 165 34 meritoria.
801 1691 153 34 Conclusio
907 1691 47 34 ta

335 1714 61 41 le
365 1714 112 41 studium
447 1714 72 41 sic
488 1714 133 41 impositum
590 1714 61 41 et
621 1714 61 41 ex
652 1714 133 41 charitate
754 1714 123 41 executum
846 1714 72 41 est
876 1714 72 41 meri-

340 1740 101 46 torium
411 1740 81 46 vite
461 1740 101 46 eterne
532 1740 121 46 probatur
622 1740 81 46 quia
673 1740 91 46 omnis
733 1740 91 46 actus
794 1740 91 46 bonus
844 1740 101 46 viatoris

341 1771 60 41 ex
371 1771 130 41 charitate
471 1771 70 41 sic
512 1771 130 41 procedens
612 1771 70 41 est
652 1771 140 41 meritorius
762 1771 80 41 vite
813 1771 100 41 eterne
873 1771 80 41 igitur

343 1799 83 45 Item
394 1799 62 45 si
426 1799 73 45 non
467 1799 83 45 tunc
519 1799 166 45 sufficienter
654 1799 155 45 primiaretur
778 1799 73 45 per
809 1799 145 45 relaxationem

344 1832 91 44 pene
401 1832 80 44 sed
446 1832 80 44 hoc
492 1832 80 44 est
538 1832 114 44 falsum
618 1832 91 44 quia
675 1832 91 44 tunc
732 1832 80 44 pro
778 1832 149 44 redimenda
880 1832 69 44 pena

337 1857 151 41 intensiue
453 1857 69 41 et
488 1857 151 41 extensiue
604 1857 116 41 finita
685 1857 151 41 omitteret
801 1857 127 41 amquale
882 1857 69 41 pre-

343 1884 84 41 mium
395 1884 84 41 vite
447 1884 105 41 eterne
521 1884 73 41 sed
563 1884 84 41 illa
615 1884 73 41 non
657 1884 94 41 esset
720 1884 136 41 expediens
815 1884 136 41 compensatio

345 1918 72 36 nec
386 1918 144 36 conueniens
499 1918 124 36 infinite
592 1918 82 36 mine
643 1918 72 36 dei
684 1918 62 36 eo
715 1918 82 36 quod
767 1918 93 36 talem
828 1918 93 36 penam
880 1918 72 36 solue

342 1940 70 46 re
377 1940 106 46 esset
448 1940 235 46 incomparabiliter
648 1940 106 46 minus
718 1940 106 46 malum
789 1940 94 46 quam
836 1940 117 46 amittere

339 1966 172 41 quantumlibet
479 1966 108 41 paruum
554 1966 129 41 praemium
651 1966 129 41 eternum.
769 1966 86 41 Item
823 1966 140 41 facientes
920 1966 43 41 ta

348 1996 61 41 le
378 1996 81 41 opus
429 1996 61 41 ex
459 1996 132 41 charitate
561 1996 122 41 merentur
652 1996 111 41 primium
733 1996 71 41 sed
774 1996 101 41 pnimia
834 1996 122 41 obedientia

344 2029 77 38 lis
388 2029 66 38 et
421 2029 110 38 gratia
498 2029 154 38 sacramenti
619 2029 143 38 adueniens
728 2029 77 38 non
772 2029 110 38 minuit
838 2029 121 38 bonitatem

327 2053 150 50 meritoriam
445 2053 107 50 operis
520 2053 75 50 sed
563 2053 96 50 auget
627 2053 107 50 igitur
702 2053 86 50 etc.
756 2053 75 50 Sed
798 2053 107 50 contra
863 2053 96 50 aliquam

955 238 84 61 pena
1008 238 105 61 debita
1082 238 74 61 pro
1124 238 116 61 mortali
1208 238 74 61 est
1250 238 126 61 praecise
1344 238 74 61 ita
1386 238 95 61 mala.
1449 238 95 61 sicut
1502 238 63 61 gra-

950 283 90 46 dus
1002 283 129 46 eterni
1092 283 116 46 premi
1170 283 220 46 correspondens
1350 283 103 46 tali
1415 283 103 46 bono
1467 283 90 46 operi

953 310 71 48 est
994 310 92 48 bonus
1055 310 102 48 igitur
1126 310 142 48 sufficiens
1238 310 71 48 est
1278 310 153 48 compensatio
1400 310 102 48 quando
1471 310 71 48 pro
1502 310 61 48 tali

958 340 99 51 opere
1024 340 88 51 bono
1079 340 88 51 homo
1134 340 121 51 precise
1222 340 143 51 liberatur
1331 340 55 51 a
1353 340 88 51 pena
1408 340 66 51 et
1430 340 121 51 quandoque

960 368 83 43 pena
1012 368 104 43 debita
1084 368 73 43 pro
1126 368 114 43 mortali
1209 368 73 43 est
1251 368 94 43 magis
1313 368 83 43 mala
1365 368 83 43 quam
1417 368 83 43 tale
1459 368 104 43 praemium

956 397 79 44 sit
1001 397 102 44 bonum
1069 397 113 44 igitur
1148 397 91 44 tunc
1205 397 113 44 melius
1284 397 113 44 agitur
1363 397 79 44 cum
1409 397 91 44 illo
1465 397 79 44 qui
1499 397 68 44 libe

955 428 104 42 ratur
1024 428 58 42 a
1047 428 92 42 pena
1104 428 92 42 quam
1162 428 81 42 cum
1208 428 92 42 illo
1265 428 81 42 cui
1311 428 81 42 pro
1357 428 115 42 simili
1438 428 92 42 actu
1484 428 81 42 datur

950 455 112 42 tantum
1028 455 135 42 premium.
1130 455 157 42 Antecedens
1253 455 135 42 probatur
1354 455 90 42 quia
1411 455 90 42 pena
1456 455 112 42 predicta

951 483 76 41 ad
989 483 139 41 premium
1090 483 126 41 dictum
1179 483 101 41 modo
1242 483 152 41 predicto
1356 483 114 41 habet
1419 483 152 41 proportio-

960 505 76 49 nem
1004 505 120 49 finitam
1091 505 109 49 igitur
1167 505 109 49 potest
1243 505 87 49 dari
1297 505 76 49 tam
1341 505 98 49 graue
1406 505 130 49 peccatum
1493 505 76 49 cuius

957 538 101 43 pena
1020 538 88 43 sit
1071 538 101 43 eque
1134 538 88 43 vel
1184 538 113 43 magis
1260 538 101 43 mala
1323 538 113 43 sicut
1399 538 113 43 illud
1462 538 113 43 premium

957 569 73 40 est
998 569 93 40 bonum
1060 569 135 40 praeterea
1164 569 114 40 faciant
1247 569 73 40 sor
1288 569 62 40 et
1319 569 93 40 plato
1381 569 124 40 actiones
1464 569 104 40 meritori

959 596 69 44 as
994 596 138 44 similes.
1098 596 115 44 sortes
1179 596 104 44 autem
1248 596 115 44 faciat
1329 596 92 44 suam
1386 596 81 44 pro
1433 596 127 44 peccato
1513 596 58 44 cui

959 623 97 42 tanta
1024 623 86 42 pena
1078 623 119 42 debetur
1164 623 119 42 quantum
1250 623 129 42 praemium
1348 623 119 42 platoni
1434 623 76 42 pro
1477 623 76 42 sua
1509 623 65 42 tunc

961 654 81 41 sic
1008 654 81 41 tam
1054 654 105 41 vtile
1124 654 81 41 est
1171 654 105 41 sorti
1241 654 81 41 non
1287 654 116 41 habere
1369 654 105 41 illam
1438 654 105 41 penam
1497 654 81 41 sicut

959 680 118 47 platoni
1045 680 107 47 habere
1120 680 96 47 illud
1184 680 118 47 premium
1270 680 75 47 sed
1312 680 96 47 plato
1377 680 171 47 sufficientur
1505 680 75 47 prae-

957 709 116 42 miatur
1039 709 81 42 per
1085 709 93 42 suum
1144 709 128 42 premium
1237 709 116 42 igitur
1318 709 70 42 et
1353 709 93 42 sor.
1411 709 81 42 per
1446 709 128 42 absolutio

958 742 66 37 nem
995 742 47 37 a
1014 742 66 37 sua
1052 742 85 37 pena.
1109 742 57 37 Si
1137 742 142 37 concedcitur
1251 742 123 37 conclusio
1346 742 114 37 scilicet
1431 742 76 37 quod
1478 742 76 37 tale
1516 742 57 37 opus

965 767 93 41 solum
1027 767 72 41 sit
1068 767 186 41 satisfactorium
1222 767 62 41 et
1253 767 72 41 non
1295 767 155 41 praemiabile
1418 767 62 41 in
1449 767 82 41 vita
1491 767 82 41 eterna

964 796 132 44 quamuis
1060 796 96 44 bene
1120 796 108 44 iuuet
1192 796 96 44 quod
1252 796 120 44 citius
1335 796 156 44 pertingat
1455 796 72 44 ad
1479 796 96 44 gradum

962 823 156 45 beatitudis
1084 823 100 45 alias
1151 823 89 45 sibi
1207 823 122 45 debitum
1296 823 89 45 quam
1351 823 67 45 si
1385 823 89 45 sine
1440 823 89 45 illo
1485 823 89 45 merito

964 851 155 46 pertingeret.
1091 851 97 46 Contra
1158 851 58 46 ex
1188 851 68 46 hoc
1226 851 117 46 sequitur
1314 851 78 46 quod
1362 851 107 46 aliquis
1440 851 97 46 potest
1498 851 78 46 facere

958 879 66 43 in
991 879 143 43 charitate
1101 879 77 43 tot
1145 879 99 43 opera
1211 879 88 43 bona
1266 879 66 43 et
1298 879 143 43 meritoria
1408 879 99 43 sicut
1474 879 110 43 vnquam
1540 879 44 43 fe

963 908 72 41 cit
1004 908 103 41 petrus
1076 908 72 41 vel
1117 908 103 41 paulus
1190 908 62 41 et
1220 908 93 41 tamen
1282 908 124 41 secundum
1375 908 93 41 legen
1437 908 124 41 ordinata
1519 908 52 41 non

962 935 98 47 plus
1023 935 134 47 haberet
1121 935 73 47 oe
1157 935 122 47 premio
1243 935 98 47 quam
1304 935 122 47 infans
1389 935 134 47 nouiter
1475 935 110 47 baptiza

962 964 93 44 tus
1015 964 159 44 decedens
1134 964 106 44 quod
1200 964 93 44 non
1253 964 145 44 videtur
1358 964 172 44 dicendum.
1477 964 106 44 Conse-

961 987 130 49 quentia
1056 987 106 49 patet
1126 987 118 49 posito
1209 987 94 49 quod
1268 987 130 49 aliquis
1362 987 141 49 pluribus
1468 987 106 49 annis
1527 987 59 49 tam

963 1020 141 47 grauiter
1069 1020 153 47 peccasset
1187 1020 94 47 quod
1245 1020 106 47 omnia
1316 1020 118 47 merita
1398 1020 82 47 sua
1445 1020 71 47 ab
1469 1020 118 47 instanti

964 1048 81 42 quo
1011 1048 128 42 incepit
1104 1048 140 42 penitere
1209 1048 105 42 vsque
1279 1048 70 42 ad
1313 1048 128 42 instans
1406 1048 116 42 mortis
1488 1048 81 42 sue
1523 1048 58 42 vix

964 1081 174 39 sufficienter
1106 1081 65 39 ad
1138 1081 76 39 hoc
1182 1081 65 39 vt
1215 1081 109 39 essent
1291 1081 185 39 satiffactoria
1443 1081 120 39 igitur.
1520 1081 65 39 etc.

966 1106 91 49 forte
1027 1106 162 49 concederetur
1158 1106 132 49 conclusio
1259 1106 81 49 quia
1310 1106 101 49 aliter
1381 1106 142 49 vilissimus
1482 1106 101 49 peccator

969 1132 64 42 in
1001 1132 85 42 fine
1055 1132 85 42 vite
1108 1132 128 42 penitens
1204 1132 182 42 quantuncumque
1354 1132 118 42 remisse
1439 1132 75 42 dum
1482 1132 85 42 modo
1525 1132 64 42 suf-

960 1159 107 44 ficeret
1038 1159 58 44 ad
1067 1159 107 44 salutem
1145 1159 87 44 foret
1203 1159 58 44 in
1232 1159 78 44 celo
1281 1159 117 44 gerosior
1368 1159 78 44 quam
1417 1159 117 44 innocens
1504 1159 68 44 qui
1533 1159 49 44 num

963 1189 77 48 quam
1011 1189 77 48 deum
1059 1189 134 48 offedisset
1164 1189 77 48 quod
1212 1189 86 48 forte
1269 1189 124 48 quibusdam
1365 1189 67 48 non
1403 1189 105 48 videtur
1470 1189 115 48 conueniens

965 1219 106 43 diuine
1039 1219 127 43 iusticie
1135 1219 138 43 ordinate.
1240 1219 74 43 Sed
1283 1219 106 43 contra
1357 1219 116 43 videtur
1441 1219 127 43 secundum
1526 1219 53 43 le-

962 1247 74 46 gem
1005 1247 74 46 dei
1047 1247 138 46 ordinatam
1154 1247 106 46 statim
1228 1247 106 46 habita
1302 1247 159 46 contritione
1430 1247 181 46 quantuncumque

970 1273 107 44 parua
1041 1273 130 44 habetur
1136 1273 142 44 charitas
1243 1273 71 44 et
1278 1273 118 44 gratia
1361 1273 178 44 iustificans
1491 1273 95 44 igitur

961 1302 79 44 sic
1006 1302 135 44 contrito
1107 1302 79 44 non
1152 1302 124 44 debetur
1242 1302 90 44 pena
1298 1302 90 44 nisi
1355 1302 158 44 temporalis
1478 1302 68 44 et
1501 1302 90 44 finita

960 1330 72 45 in
996 1330 96 45 vita
1056 1330 84 45 hac
1104 1330 84 45 vel
1151 1330 72 45 in
1187 1330 167 45 purgatorio
1319 1330 155 45 soluenda.
1438 1330 108 45 nulla
1498 1330 84 45 autem

970 1361 88 42 pena
1025 1361 143 42 intensiue
1135 1361 110 42 finita
1212 1361 66 42 et
1245 1361 143 42 extensiue
1356 1361 77 42 est
1400 1361 77 42 ita
1444 1361 88 42 mala
1499 1361 66 42 et
1521 1361 66 42 odi-

962 1384 102 52 bilis
1030 1384 102 52 sicut
1098 1384 114 52 gradus
1178 1384 159 52 beatitudis
1303 1384 80 52 est
1348 1384 193 52 desiderabilis
1496 1384 91 52 igitur

964 1418 118 46 absolui
1050 1418 54 46 a
1071 1418 86 46 pena
1125 1418 75 46 non
1168 1418 75 46 est
1210 1418 150 46 sufficiens
1328 1418 161 46 compensatio
1457 1418 75 46 pro
1499 1418 86 46 actu
1542 1418 43 46 me

968 1442 113 46 ritorio
1050 1442 154 46 proueniente
1173 1442 62 46 ex
1204 1442 103 46 gratia
1275 1442 123 46 Preterea
1368 1442 92 46 omnis
1429 1442 62 46 ac
1460 1442 62 46 us
1480 1442 113 46 penitendi

970 1474 55 46 d
992 1474 77 46 est
1036 1474 88 46 vera
1092 1474 144 46 contritio
1202 1474 77 46 est
1246 1474 111 46 dignus
1324 1474 111 46 aliquo
1401 1474 99 46 gradu
1456 1474 133 46 beatitudis

965 1502 78 41 quia
1014 1502 88 41 omnis
1072 1502 156 41 sufficienter
1199 1502 117 41 penitens
1287 1502 68 41 est
1326 1502 97 41 dignus
1394 1502 107 41 praemio
1472 1502 97 41 eterno
1530 1502 49 41 sed

975 1530 90 42 sicut
1035 1530 90 42 patet
1095 1530 60 42 in
1125 1530 100 42 quarto
1196 1530 161 42 sententiarum
1326 1530 60 42 et
1356 1530 60 42 in
1386 1530 130 42 decretis.
1507 1530 60 42 In
1527 1530 60 42 omni

974 1558 75 39 ee
1012 1558 163 39 penitente
1138 1558 188 39 reuiuiscunt
1289 1558 113 39 omnia
1364 1558 126 39 merita
1452 1558 88 39 que
1490 1558 101 39 vnquam

974 1592 131 35 fuerunt
1069 1592 95 35 viua
1129 1592 119 35 igitur
1213 1592 167 35 reuiuiscit
1344 1592 83 35 est
1391 1592 143 35 plenarie
1487 1592 107 35 meritum

972 1620 102 42 gratie
1043 1620 153 42 baptismalie
1165 1620 61 42 et
1196 1620 71 42 cum
1236 1620 71 42 hoc
1277 1620 61 42 vt
1307 1620 122 42 probatum
1399 1620 71 42 est
1440 1620 92 42 habet
1490 1620 92 42 meritum

971 1644 80 47 per
1016 1644 103 47 actum
1085 1644 137 47 pnimalem
1188 1644 115 47 igitur
1268 1644 218 47 sceleratissimus
1452 1644 137 47 peccator
1543 1644 46 47 si

971 1673 168 39 conuertitur
1105 1673 67 39 et
1139 1673 123 39 moritur
1228 1673 67 39 in
1262 1673 112 39 gratia
1341 1673 157 39 gloriosior
1464 1673 90 39 erit
1520 1673 67 39 in
1542 1673 45 39 ce

973 1700 57 44 lo
1001 1700 76 44 quam
1048 1700 57 44 si
1077 1700 142 44 decessisset
1190 1700 104 44 inocens
1266 1700 104 44 nouiter
1342 1700 142 44 baptizatus:
1455 1700 76 44 quod
1493 1700 95 44 conceden

982 1727 58 43 do
1011 1727 67 43 non
1050 1727 77 43 nego
1098 1727 86 43 tamen
1155 1727 77 43 quin
1203 1727 106 43 paganus
1280 1727 96 43 posset
1347 1727 67 43 sic
1385 1727 106 43 conteri
1462 1727 58 43 de
1481 1727 106 43 peccatius

980 1758 160 42 sufficienter
1110 1758 60 42 ad
1140 1758 110 42 salutem
1220 1758 60 42 et
1250 1758 90 42 tamen
1310 1758 70 42 ita
1350 1758 110 42 remisse
1430 1758 80 42 quod
1480 1758 60 42 si
1500 1758 100 42 moriatur

978 1785 123 45 haberet
1067 1785 100 45 minus
1134 1785 134 45 praemium
1234 1785 89 45 quam
1290 1785 145 45 deberetur
1401 1785 100 45 puero
1468 1785 123 45 nouiter
1546 1785 56 45 ba-

979 1820 131 41 ptizato.
1077 1820 120 41 Secunda
1165 1820 142 41 conclusio
1274 1820 98 41 nulla
1339 1820 98 41 actio
1405 1820 76 41 mer
1448 1820 109 41 itoria
1525 1820 76 41 est
1557 1820 44 41 mi

973 1843 71 48 nus
1013 1843 132 48 meritoria
1115 1843 101 48 primim
1186 1843 101 48 eterni
1257 1843 61 48 ex
1287 1843 71 48 hoc
1328 1843 122 48 praecise
1419 1843 81 48 quod
1470 1843 71 48 est
1501 1843 101 48 satiffa-

981 1877 89 35 ctio
1036 1877 78 35 vel
1081 1877 144 35 redemptio
1192 1877 89 35 pene
1248 1877 111 35 debite
1325 1877 78 35 pro
1370 1877 133 35 peccato.
1470 1877 78 35 Pro
1514 1877 78 35 hac
1547 1877 56 35 con

977 1896 114 47 clusione
1062 1896 57 47 et
1090 1896 95 47 contra
1157 1896 114 47 tenentes
1242 1896 133 47 oppositum:
1347 1896 85 47 autur
1404 1896 85 47 sicut
1461 1896 133 47 praetactum
1556 1896 47 47 est

978 1925 81 46 quod
1028 1925 81 46 tunc
1079 1925 91 46 opera
1139 1925 141 46 deuotionis
1251 1925 71 46 est
1291 1925 131 46 meritoria
1392 1925 71 46 non
1432 1925 101 46 essent
1493 1925 111 46 penitenti

976 1957 91 44 tibus
1037 1957 152 44 iniungenda.
1158 1957 71 44 fal
1199 1957 91 44 sitas
1260 1957 91 44 patet
1320 1957 71 44 per
1361 1957 172 44 consuetudinem
1493 1957 111 44 ecclesie:

986 1982 155 42 consequentia
1112 1982 116 42 probatur
1199 1982 77 42 quia
1247 1982 97 42 citius
1315 1982 87 42 esset
1373 1982 68 42 eis
1412 1982 145 42 consulendum
1528 1982 77 42 quod
1566 1982 39 42 ta

984 2012 71 40 lia
1025 2012 92 40 opera
1086 2012 122 40 praecise
1177 2012 122 40 facerent
1269 2012 61 40 ad
1300 2012 132 40 placendum
1401 2012 71 40 deo
1442 2012 61 40 et
1473 2012 61 40 ad
1493 2012 112 40 merendum.

976 2036 140 58 btitudinem
1086 2036 60 58 et
1116 2036 70 58 pro
1156 2036 120 58 peccatis
1246 2036 150 58 expectarent
1367 2036 90 58 penam
1427 2036 140 58 purgatorii
1537 2036 80 58 quae
1577 2036 30 58 a
