1794 2500
209 248 102 57 fieri
277 248 68 57 de
311 248 91 57 nouo
368 248 102 57 bonus
436 248 91 57 fine
492 248 148 57 mutatione
606 248 136 57 alicuius
708 248 91 57 sibi
765 248 68 57 ad

199 294 95 41 diti
259 294 71 41 in
294 294 143 41 subiecto
401 294 83 41 per
449 294 154 41 nouitatem
567 294 143 41 precepti
674 294 83 41 vel
710 294 107 41 huiusmo

206 325 68 35 di
240 325 148 35 similiter
354 325 68 35 de
388 325 194 35 pulchritudine
548 325 80 35 vel
593 325 68 35 de
628 325 137 35 sanitate
730 325 68 35 et
753 325 57 35 ita

204 353 72 35 de
240 353 120 35 multis
324 353 84 35 qui
373 353 144 35 ponuntur
481 353 72 35 in
517 353 108 35 prima
589 353 120 35 specie
662 353 144 35 qualitati-

205 383 83 36 nam
252 383 118 36 aliqua
335 383 106 36 fiunt
406 383 177 36 pulchritudo
548 383 83 36 vel
595 383 130 36 sanitas
690 383 71 36 ad
713 383 95 36 amotio

205 410 81 35 nem
252 410 127 35 aliorum
344 410 93 35 sine
402 410 150 35 additione
518 410 81 35 vel
564 410 197 35 substractione
726 410 69 35 ab
749 410 58 35 il-

203 439 82 37 lis
250 439 82 37 que
297 439 106 37 erunt
368 439 176 37 pulchritudo
509 439 71 37 et
544 439 141 37 sanitas.
650 439 59 37 ⁋
674 439 118 37 Aliter
744 439 59 37 di-

203 465 84 43 cunt
255 465 84 43 alii
307 465 84 43 quod
360 465 84 43 isti
412 465 115 43 termini
496 465 94 43 visio
559 465 115 43 noticia
642 465 157 43 intellectio
758 465 52 43 sci

207 496 95 36 entia
271 496 126 36 dilectio
365 496 63 36 et
397 496 147 36 consimiles
513 496 74 36 non
555 496 168 36 distinguntur
691 496 63 36 ex
723 496 63 36 eo
744 496 63 36 quod

202 528 134 30 aliquis
299 528 73 30 de
336 528 110 30 facto
409 528 146 30 actuetur
519 528 85 30 per
567 528 110 30 tales
640 528 110 30 actus
714 528 85 30 vel
750 528 61 30 ha-

207 548 145 42 bituetur
316 548 169 42 formaliter
449 548 194 42 denominatiue
606 548 85 42 per
655 548 133 42 habitus
751 548 85 42 sed

209 580 189 35 distinguntur
363 580 165 35 aptitudine
492 580 142 35 naturali
599 580 142 35 actuandi
705 580 83 35 vel
740 580 71 35 habi

202 607 114 37 tuandi
282 607 126 37 aliquem
373 607 80 37 vel
419 607 126 37 aliquos
511 607 69 37 et
545 607 80 37 sic
591 607 69 37 si
625 607 172 37 intellectio
751 607 57 37 vel

203 637 106 32 visio
274 637 117 32 sortis
356 637 153 32 poneretur
473 637 70 32 in
509 637 117 32 lapide
591 637 106 32 adhuc
661 637 106 32 esset
720 637 94 32 intel-

204 662 117 43 lectio
286 662 82 43 vel
333 662 105 43 visio
403 662 105 43 licet
473 662 93 43 actu
532 662 117 43 nullus
613 662 82 43 per
660 662 82 43 eam
695 662 117 43 intelli-

208 690 101 43 geret
275 690 79 43 vel
320 690 124 43 videret
410 690 79 43 sed
456 690 90 43 quia
512 690 68 43 de
546 690 113 43 natura
625 690 79 43 sua
670 690 79 43 est
715 690 68 43 si
737 690 79 43 esset

203 725 75 30 in
240 725 149 30 subiecto
352 725 99 30 apto
414 725 99 30 nato
476 725 174 30 formaliter
612 725 99 30 quia
674 725 87 30 per
724 725 87 30 eam
761 725 50 30 a-

204 749 115 34 liquid
284 749 149 34 videretur
398 749 80 34 vel
444 749 206 34 intelligeretur
616 749 69 34 et
651 749 103 34 eodem
719 749 92 34 modo
765 749 46 34 de

202 776 95 37 aliis
266 776 147 37 similibus.
381 776 53 37 ⁋
402 776 84 37 Alii
455 776 105 37 dicunt
529 776 84 37 quod
581 776 84 37 illa
634 776 126 37 qualitas
729 776 74 37 que
760 776 53 37 est

205 802 88 37 visio
264 802 69 37 vel
303 802 147 37 intellectio
421 802 78 37 etc.
469 802 69 37 nec
509 802 88 37 tamen
567 802 88 37 debet
626 802 147 37 concediquoe
734 802 78 37 simile

207 836 72 37 sit
248 836 61 37 de
278 836 133 37 accidente
381 836 72 37 vel
422 836 133 37 qualitate
524 836 82 37 quae
575 836 72 37 non
616 836 154 37 distiguitur
739 836 61 37 ex
760 836 51 37 hoc

202 861 92 38 quod
259 861 138 38 accidens
362 861 160 38 actualiter
488 861 126 38 accidat
580 861 138 38 subiecto
683 861 80 38 vel
717 861 92 38 quali-

205 889 73 42 tas
246 889 146 42 qualificet
361 889 73 42 sed
403 889 63 42 ex
435 889 73 42 hoc
476 889 84 42 quod
529 889 178 42 essentialiter
675 889 94 42 natum
738 889 73 42 sit
769 889 42 42 ac

200 916 122 39 cidens
285 916 147 39 accidere
396 916 73 39 et
432 916 147 39 qualitas
543 916 184 39 qualificare
690 916 86 39 nec
726 916 86 39 etiam

195 947 167 38 concedendum
328 947 78 38 est
373 947 89 38 quod
428 947 122 38 aliquis
517 947 111 38 possit
595 947 100 38 fieri
662 947 67 38 de
695 947 89 38 nouo
739 947 67 38 bonu

200 978 97 36 fine
260 978 85 36 sui
309 978 158 36 mutatione
430 978 133 36 quamuis
527 978 109 36 forte
600 978 109 36 malus
673 978 121 36 possit
745 978 61 36 fie

204 1007 61 36 ri
234 1007 71 36 non
275 1007 92 36 malus
336 1007 81 36 fine
387 1007 71 36 sui
428 1007 132 36 mutatione
529 1007 122 36 scilicet
621 1007 81 36 quod
672 1007 71 36 per
712 1007 92 36 solam
763 1007 41 36 de

195 1031 166 38 rogationem
325 1031 71 38 et
361 1031 83 38 non
408 1031 71 38 ad
443 1031 189 38 imputationem
597 1031 71 38 ad
633 1031 130 38 culpam.
727 1031 59 38 ⁋
739 1031 71 38 Item

198 1065 137 30 quicquid
300 1065 80 30 sit
346 1065 69 30 de
381 1065 206 30 pulchriitudine
552 1065 80 30 non
598 1065 126 30 videtur
689 1065 91 30 quod
735 1065 80 30 sani-

202 1088 83 36 tas
249 1088 71 36 oe
285 1088 95 36 nouo
344 1088 118 36 possit
427 1088 106 36 fieri
498 1088 71 36 in
533 1088 142 36 subiecto
640 1088 95 36 sine
699 1088 83 36 iui
734 1088 71 36 muta

202 1112 108 38 tione
274 1112 96 38 Item
334 1112 96 38 quod
394 1112 108 38 dicit
466 1112 96 38 quod
527 1112 132 38 termini
623 1112 156 38 numerales
731 1112 84 38 cofum

206 1143 119 38 fundunt
293 1143 86 38 etc.
346 1143 76 38 non
390 1143 76 38 est
433 1143 65 38 ad
465 1143 151 38 propositum
584 1143 76 38 sed
627 1143 129 38 dicendum
724 1143 76 38 est
756 1143 65 38 quod

200 1171 170 36 conceptus
331 1171 170 36 numerales
462 1171 197 36 essentiales
619 1171 184 36 diuersarum
750 1171 66 36 spe

204 1200 105 34 cterum
278 1200 84 34 sunt
331 1200 74 34 nec
373 1200 74 34 est
415 1200 169 34 inconueniens
552 1200 84 34 quod
605 1200 74 34 vna
647 1200 105 34 albedo
711 1200 105 34 secundum

198 1230 74 31 se
235 1230 87 31 vel
284 1230 99 31 suas
346 1230 124 31 partes
433 1230 161 31 obiectiue
557 1230 99 31 agat
619 1230 74 31 ad
656 1230 161 31 causandum
767 1230 50 31 ta

209 1257 74 38 les
252 1257 116 38 species
336 1257 137 38 infinitas
442 1257 74 38 vel
484 1257 63 38 vt
515 1257 106 38 melius
589 1257 95 38 dicam
653 1257 127 38 secundum
737 1257 74 38 logi-

207 1283 69 39 eam
246 1283 118 39 infinite
335 1283 108 39 species
413 1283 88 39 tales
472 1283 78 39 quae
521 1283 147 39 accipiuntur
639 1283 118 39 secundum
717 1283 98 39 diuersam

204 1320 168 30 aptitudinem
338 1320 123 30 partium
427 1320 156 30 adinuicem.
550 1320 56 30 ⁋
572 1320 123 30 Diceres
662 1320 145 30 conceptus
762 1320 45 30 om

197 1341 81 36 est
244 1341 151 36 naturalis
360 1341 162 36 similitudo
487 1341 174 36 quaternarii
626 1341 104 36 etiam
684 1341 127 36 represen-

205 1366 73 41 tat
246 1366 135 41 ternarium
350 1366 104 41 igitur
423 1366 73 41 est
465 1366 115 41 eiusdem
548 1366 115 41 speciei
632 1366 73 41 cum
673 1366 125 41 conceptu
767 1366 73 41 qui

203 1399 81 34 est
250 1399 127 34 precise
342 1399 151 34 naturalis
458 1399 162 34 similitudo
585 1399 139 34 ternarii
690 1399 69 34 et
724 1399 81 34 ita
759 1399 58 34 ar-

199 1425 133 39 guitur
292 1425 80 39 de
332 1425 160 39 quolibet
452 1425 133 39 numero
545 1425 133 39 maiori
638 1425 160 39 respectu
744 1425 67 39 di-

205 1453 151 34 uersorum
319 1453 177 34 numerorum.
458 1453 63 34 ⁋
483 1453 101 34 Item
546 1453 101 34 tunc
609 1453 88 34 est
660 1453 126 34 dubium
735 1453 76 34 quae

208 1481 138 37 species
309 1481 126 37 numeri
397 1481 88 37 sit
447 1481 188 37 perfectior.
598 1481 63 37 ⁋
623 1481 75 37 Ad
660 1481 126 37 primum
736 1481 75 37 nega

206 1510 91 38 gatur
266 1510 161 38 consequentia
398 1510 61 38 eo
428 1510 81 38 quod
478 1510 71 38 non
519 1510 131 38 vtrobique
619 1510 182 38 repraesentatio
761 1510 50 38 est

206 1545 124 30 omnino
292 1545 136 30 similis
391 1545 74 30 et
428 1545 148 30 adequata
539 1545 99 30 etc.
601 1545 62 30 ⁋
626 1545 74 30 Ad
663 1545 148 30 secundum
762 1545 49 30 di

202 1568 71 35 co
238 1568 95 35 quod
297 1568 143 35 loquendo
404 1568 71 35 de
440 1568 178 35 perfectione
582 1568 83 35 rei
630 1568 143 35 absolute
737 1568 83 35 pro
772 1568 48 35 vt

202 1593 84 34 est
250 1593 108 34 talis
322 1593 144 34 essentia
430 1593 96 34 tunc
490 1593 132 34 species
585 1593 132 34 maioris
681 1593 120 34 numeri
753 1593 60 34 in-

208 1622 111 34 cludit
286 1622 178 34 perfectionem
430 1622 133 34 nuerorum
530 1622 67 34 et
563 1622 100 34 adhuc
630 1622 89 34 plus
686 1622 111 34 igitur
752 1622 67 34 tunc

204 1649 122 36 semper
289 1649 110 36 maior
363 1649 98 36 erit
424 1649 183 36 perfectior.
571 1649 61 36 ⁋
595 1649 73 36 Si
632 1649 110 36 autem
693 1649 122 36 loquimur

208 1682 76 32 de
246 1682 189 32 perfectione
397 1682 126 32 numeri
486 1682 88 32 quo
536 1682 76 32 ad
574 1682 227 32 constitutionem
750 1682 63 32 sui

206 1707 76 39 ex
244 1707 152 39 partibus
358 1707 101 39 tunc
421 1707 101 39 iste
484 1707 139 39 numerus
586 1707 139 39 dicitur
674 1707 139 39 perfectus

207 1733 84 37 qui
255 1733 144 37 adequate
363 1733 192 37 constituitur
520 1733 72 37 ex
556 1733 144 37 partibus
664 1733 96 37 suis
712 1733 96 37 aliquo

206 1764 81 31 rum
253 1764 93 31 etc.
311 1764 70 31 vt
346 1764 116 31 dicunt
427 1764 151 31 geometre.
544 1764 58 31 ⁋
567 1764 70 31 Si
602 1764 105 31 autem
671 1764 140 31 loquimur
764 1764 47 31 et

202 1790 187 41 perfectione
351 1790 149 41 secundum
463 1790 199 41 consonantiam
624 1790 75 41 et
662 1790 149 41 armoniam
761 1790 50 41 re

205 1821 142 33 sultatem
311 1821 71 33 in
347 1821 118 33 aliquo
429 1821 94 33 toto
488 1821 118 33 nunero
571 1821 71 33 ex
607 1821 165 33 habitudine
725 1821 94 33 suarum

207 1851 74 35 par
250 1851 85 35 tium
303 1851 137 35 adinuicem
408 1851 74 35 vel
451 1851 85 35 alio
503 1851 159 35 conformiter
630 1851 95 35 sicut
694 1851 74 35 est
736 1851 63 35 in
757 1851 53 35 con

209 1878 154 34 sonantiis
328 1878 178 34 musicalibus
470 1878 154 34 cuiusmodi
589 1878 95 34 sunt
649 1878 143 34 dyapente
744 1878 71 34 dya-

208 1911 105 33 pason
278 1911 81 33 etc
325 1911 93 33 tunc
383 1911 105 33 talis
453 1911 128 33 numerus
546 1911 81 33 est
592 1911 163 33 perfectior
720 1911 81 33 cui
755 1911 58 33 cor

214 1941 136 28 respondet
318 1941 115 28 armonia
401 1941 104 28 melior
475 1941 63 28 et
506 1941 177 28 conuenientior
652 1941 84 28 vnde
704 1941 94 28 forte
756 1941 63 28 nune

208 1964 82 32 rus
255 1964 153 32 ternarius
373 1964 70 32 vt
408 1964 82 32 sic
455 1964 82 32 est
502 1964 211 32 perfectissimus
678 1964 70 32 et
702 1964 117 32 vniuersa

210 1991 109 37 liter
283 1991 134 37 numerus
380 1991 109 37 impar
453 1991 170 37 perfectior
586 1991 121 37 nunero
671 1991 109 37 pari.
744 1991 61 37 ⁋
768 1991 73 37 Ad

212 2020 116 38 primum
293 2020 162 38 principale
421 2020 116 38 istius
502 2020 104 38 dubii
571 2020 81 38 cum
617 2020 162 38 inquiritur
733 2020 81 38 quiod

228 2047 116 33 vocetur
313 2047 116 33 memoria
397 2047 74 33 etc
440 2047 127 33 dicendum
535 2047 74 33 est
577 2047 84 33 quod
630 2047 158 33 intellectus
746 2047 63 33 etc.

220 2078 66 29 vt
253 2078 99 29 prius
319 2078 110 29 dictum
396 2078 88 29 est.
451 2078 66 29 Et
484 2078 77 29 cum
528 2078 132 29 probatur
627 2078 88 29 quod
682 2078 121 29 habitus
759 2078 55 29 ve-

214 2103 125 50 species
304 2103 79 50 non
350 2103 181 50 distinguitur
497 2103 68 50 ab
531 2103 113 50 habitu
611 2103 79 50 nec
656 2103 159 50 econtraper
769 2103 57 50 spe

836 245 89 55 ciem
892 245 67 55 in
925 245 100 55 sensu
992 245 134 55 dicendum
1092 245 89 55 quod
1148 245 111 55 sensus
1225 245 156 55 dupliciter
1337 245 100 55 sumitur

829 294 144 32 vnomodo
934 294 92 32 pro
986 294 157 32 posentia
1104 294 92 32 seu
1156 294 131 32 natura
1248 294 131 32 vitali
1326 294 118 32 recepti

836 318 60 34 ua
866 318 130 34 immediate
966 318 150 34 sensationis
1086 318 60 34 et
1116 318 60 34 in
1145 318 80 34 illa
1195 318 70 34 non
1235 318 130 34 recipitur
1335 318 110 34 species
1405 318 30 34 a

834 350 114 33 liqua
910 350 127 33 prima.
999 350 114 33 primo
1075 350 114 33 actui
1151 350 190 33 posteriorem
1304 350 114 33 tamen
1367 350 76 33 bene

835 377 119 32 recipit
922 377 141 32 qualitate
1030 377 87 32 quae
1084 377 119 32 species
1171 377 119 32 vocatur
1257 377 151 32 frequenter
1376 377 65 32 ab
1398 377 43 32 au

829 407 132 33 ctoribus
928 407 66 33 et
961 407 132 33 secundum
1060 407 143 33 veritatem
1171 407 77 33 est
1215 407 132 33 habitus.
1314 407 55 33 ⁋
1325 407 110 33 Aliomodo

828 434 154 33 accipitur
947 434 119 33 sensus
1030 434 83 33 pro
1078 434 154 33 composito
1196 434 71 33 ex
1232 434 95 33 tali
1291 434 143 33 potentia
1386 434 48 33 et

832 467 118 29 organo
915 467 141 29 corporeo
1021 467 106 29 cuius
1091 467 82 29 est
1139 467 106 29 actus
1209 467 71 29 et
1245 467 106 29 forma
1315 467 71 29 et
1351 467 82 29 sic
1386 467 47 29 lo

830 493 102 34 quendo
901 493 61 34 in
932 493 92 34 sensu
993 493 61 34 id
1023 493 71 34 est
1064 493 61 34 in
1095 493 102 34 organo
1166 493 82 34 quod
1217 493 71 34 est
1258 493 102 34 altera
1329 493 82 34 pars
1370 493 61 34 sen-

829 517 74 35 sus
872 517 74 35 sic
914 517 117 35 accepti
999 517 138 35 recipitur
1106 517 117 35 species
1191 517 74 35 que
1233 517 74 35 cum
1276 517 128 35 potentia
1371 517 64 35 et
1393 517 43 35 a-

833 543 108 38 ctiua
905 543 181 38 sensationis
1050 543 157 38 requisita
1170 543 181 38 neccessario
1315 543 72 38 ad
1339 543 96 38 natura

831 576 73 34 lem
872 576 146 34 canetionem
987 576 156 34 sensationis
1112 576 146 34 exterioris
1227 576 94 34 licet
1289 576 83 34 ipsa
1341 576 73 34 non
1372 576 63 34 suf-

829 600 108 37 ficiet
905 600 76 37 cum
948 600 140 37 sensusine
1056 600 119 37 actione
1142 600 119 37 propria
1229 600 119 37 obiecti
1315 600 65 37 et
1348 600 76 37 hoc
1380 600 54 37 est

835 629 96 35 quod
895 629 156 35 adducitur
1015 629 72 35 in
1051 629 180 35 auctoritate
1194 629 144 35 allegata
1302 629 96 35 quod
1350 629 84 35 eadem

838 662 69 31 est
878 662 89 31 actio
937 662 99 31 sensus
1007 662 59 31 et
1036 662 139 31 sensibilis
1145 662 79 31 quia
1195 662 79 31 ista
1245 662 119 31 sensatio
1334 662 69 31 est
1364 662 69 31 actio

824 689 96 31 acta
884 689 156 31 vtriusque
1004 689 72 31 et
1040 689 156 31 eodemmodo
1159 689 228 31 proportionanter
1351 689 84 31 est
1387 689 48 31 di

830 717 119 31 cendum
913 717 71 31 de
949 717 202 31 intellectione
1115 717 154 31 intuitiua
1234 717 71 31 et
1270 717 71 31 si
1305 717 95 31 quis
1353 717 83 31 vocet

831 746 113 32 illam
906 746 188 32 sensationem
1056 746 88 32 vel
1106 746 225 32 intellectionem
1293 746 138 32 speciem
1381 746 63 32 ob-

836 771 100 34 iecti
902 771 66 34 id
936 771 78 34 est
980 771 188 34 similitudinem
1135 771 78 34 seu
1179 771 133 34 ymaginem
1279 771 89 34 eius
1334 771 89 34 eius
1379 771 55 34 cer

830 803 61 37 te
860 803 152 37 concedendum
982 803 71 37 est
1023 803 81 37 quod
1074 803 51 37 a
1094 803 102 37 specie
1165 803 71 37 sic
1205 803 132 37 distingui
1307 803 71 37 non
1348 803 102 37 potest
1409 803 30 37 a

834 832 127 35 ctualis
927 832 138 35 sensatio
1030 832 81 35 sed
1077 832 81 35 sic
1123 832 104 35 loqui
1192 832 81 35 est
1238 832 104 35 extra
1296 832 138 35 propositum

838 859 100 33 loqui
905 859 67 33 et
938 859 100 33 eodem
1005 859 89 33 modo
1061 859 78 33 est
1105 859 100 33 eadem
1172 859 100 33 actio
1239 859 134 33 sonantis
1339 859 67 33 et
1361 859 78 33 audi-

837 884 82 38 tus
884 884 106 38 sicut
955 884 106 38 ipsum
1026 884 118 38 audire
1108 884 106 38 sicut
1179 884 130 38 ipsamet
1273 884 165 38 auctoritas
1391 884 47 38 ex

828 912 130 39 primit.
923 912 59 39 ⁋
946 912 71 39 Ad
982 912 142 39 secundum
1088 912 71 39 de
1124 912 106 39 mutua
1195 912 189 39 circulatione
1348 912 71 39 in
1372 912 71 39 cau-

831 941 129 36 tatione
925 941 140 36 alicuius
1030 941 164 36 passtionis
1159 941 129 36 habitus
1252 941 70 36 ab
1287 941 93 36 actu
1346 941 70 36 et
1369 941 70 36 econ

838 973 103 34 uerso
906 973 126 34 dicitur
998 973 91 34 quod
1055 973 137 34 concesio
1157 973 91 34 iali
1215 973 137 34 processu
1317 973 103 34 musuo
1374 973 69 34 pri-

832 997 90 39 mus
883 997 115 39 actus
960 997 154 39 reliquit
1076 997 102 39 vnam
1140 997 167 39 portionem
1268 997 90 39 que
1319 997 115 39 forte
1383 997 64 39 vo-

828 1023 107 41 catur
900 1023 167 41 dispositio
1030 1023 83 41 non
1078 1023 155 41 differens
1197 1023 71 41 ab
1233 1023 119 41 habitu
1316 1023 95 41 nisi
1364 1023 83 41 sicut

833 1057 180 36 imperfectum
977 1057 60 36 a
1001 1057 180 36 perfectiori
1145 1057 132 36 eiusdem
1241 1057 132 36 speciei
1337 1057 96 36 quae
1385 1057 60 36 vo-

838 1082 102 34 cetur
906 1082 68 34 a.
940 1082 68 34 et
974 1082 91 34 illa
1031 1082 159 34 dispositio
1156 1082 102 34 iuuat
1225 1082 171 34 intellectum
1361 1082 68 34 vt
1384 1082 57 34 pos

833 1109 84 39 sit
881 1109 72 39 in
917 1109 156 39 portionem
1037 1109 156 39 promissam
1156 1109 108 39 nouam
1228 1109 108 39 actus
1300 1109 108 39 multo
1360 1109 84 39 mino-

838 1141 74 33 rem
881 1141 106 33 priori
955 1141 85 33 quia
1008 1141 127 33 reipeciu
1103 1141 116 33 priorum
1188 1141 85 33 egit
1241 1141 159 33 intellectio
1357 1141 74 33 secun

835 1167 84 35 dum
883 1167 119 35 vltimu
966 1167 84 35 sue
1014 1167 143 35 potentie
1122 1167 84 35 cum
1169 1167 96 35 actu
1229 1167 155 35 intuitiuo
1337 1167 107 35 eiusdem

835 1197 121 33 obiecti
923 1197 66 33 et
956 1197 88 33 paru
1011 1197 88 33 plus
1066 1197 110 33 potest
1143 1197 121 33 nouiter
1230 1197 165 33 intellectus
1362 1197 77 33 cum
1395 1197 44 33 il

833 1226 64 33 la
865 1226 172 33 dispositione
1005 1226 86 33 quam
1059 1226 97 33 prius
1123 1226 129 33 secundum
1220 1226 161 33 intensionem
1349 1226 64 33 et
1371 1226 64 33 voce

838 1253 76 34 tur
882 1253 87 34 illa
936 1253 109 34 portio
1013 1253 109 34 addita
1089 1253 98 34 primo
1155 1253 109 34 actui.
1231 1253 66 34 b.
1264 1253 87 34 tunc
1319 1253 66 34 b.
1352 1253 76 34 est
1384 1253 55 34 min

834 1281 135 36 tomelior
935 1281 90 36 quam
991 1281 101 36 actus
1059 1281 79 36 cui
1104 1281 124 36 additur
1194 1281 67 36 et
1227 1281 79 36 per
1272 1281 124 36 minonem
1351 1281 90 36 portio

836 1310 78 34 nem
880 1310 133 34 causabit
980 1310 66 34 de
1013 1310 111 34 habitu
1091 1310 89 34 quam
1146 1310 89 34 erat
1201 1310 111 34 portio
1279 1310 66 34 a.
1312 1310 66 34 et
1345 1310 89 34 illa
1390 1310 55 34 con

839 1340 112 33 tinue
913 1340 175 33 proceditur
1050 1340 100 33 hinc
1113 1340 100 33 inde
1175 1340 75 33 ad
1213 1340 112 33 minus
1287 1340 75 33 et
1325 1340 75 33 ad
1350 1340 87 33 minus

829 1365 96 36 donec
893 1365 128 36 vtrumque
989 1365 138 36 finaliter
1096 1365 128 36 deficiat
1191 1365 117 36 additio
1277 1365 64 36 et
1309 1365 75 36 sic
1341 1365 106 36 sistetur

839 1395 56 34 i
861 1395 112 34 aliquo
940 1395 168 34 forsancitra
1074 1395 112 34 summum
1152 1395 78 34 ibi
1197 1395 123 34 cabilem
1286 1395 67 34 ex
1320 1395 123 34 omnibus
1398 1395 45 34 il

837 1422 82 33 lis
884 1422 175 33 portionibus
1024 1422 82 33 per
1071 1422 105 33 illum
1141 1422 105 33 modum
1211 1422 128 33 additur
1293 1422 140 33 compositum

837 1451 59 34 ⁋
861 1451 118 34 Aliter
943 1451 176 34 respondetur
1084 1451 94 34 quod
1143 1451 82 34 cum
1190 1451 129 34 habetur
1284 1451 106 34 actus
1343 1451 94 34 primus

836 1481 186 35 sensationis
984 1481 74 35 et
1022 1481 223 35 intellectionis
1207 1481 161 35 intuitiue
1319 1481 124 35 simultem

838 1511 93 35 pore
897 1511 128 35 virtute
990 1511 117 35 illius
1072 1511 140 35 habertur
1177 1511 117 35 duplex
1259 1511 128 35 noticia
1341 1511 93 35 abstra

839 1536 103 37 ctiua
907 1536 126 37 eiusdem
998 1536 80 37 vna
1044 1536 183 37 indiuidualis
1192 1536 68 37 et
1227 1536 91 37 alia
1284 1536 148 37 specifica
1386 1536 46 37 en

840 1567 72 32 rum
881 1567 103 32 statim
953 1567 114 32 vtraque
1036 1567 124 32 reliquit
1129 1567 176 32 dispositionem
1274 1567 72 32 vel
1315 1567 114 32 tabitum
1387 1567 52 32 qui

835 1597 76 29 cum
878 1597 151 29 intellectu
997 1597 141 29 sufficiat
1106 1597 87 29 post
1160 1597 65 29 in
1192 1597 130 29 absentia
1290 1597 119 29 obiecti
1376 1597 65 29 in
1398 1597 43 29 ab

838 1619 141 36 stractum
944 1619 106 36 actum
1015 1619 118 36 qualem
1097 1619 82 36 non
1144 1619 129 36 poterat
1238 1619 94 36 ante
1285 1619 153 36 intuitionem

836 1653 94 32 talis
898 1653 115 32 obiecti
982 1653 63 32 et
1014 1653 84 32 tunc
1066 1653 73 32 est
1108 1653 168 32 respondendum
1244 1653 84 32 quod
1296 1653 63 32 in
1328 1653 94 32 prima
1380 1653 63 32 gene

835 1676 126 33 ratione
926 1676 126 33 speciei
1018 1676 80 33 vel
1064 1676 126 33 habitus
1156 1676 80 33 est
1202 1676 138 33 potentia
1305 1676 80 33 ita
1340 1676 103 33 attenta

838 1706 106 34 circa
909 1706 117 34 primum
991 1706 141 34 obiectum
1097 1706 94 34 suum
1155 1706 141 34 mediante
1261 1706 94 34 eius
1308 1706 141 34 cognitione

846 1735 150 32 situitiva
962 1735 92 32 quod
1020 1735 104 32 nihil
1089 1735 139 32 aduertit
1193 1735 69 32 de
1228 1735 173 32 abstractiua
1366 1735 81 32 sua
1401 1735 46 32 co

841 1766 131 30 gnitione
939 1766 65 30 et
972 1766 131 30 dicendum
1070 1766 98 30 esset
1136 1766 98 30 vltra
1201 1766 87 30 quod
1256 1766 109 30 portio
1332 1766 98 30 primo
1386 1766 55 30 cau

842 1794 91 32 sata
899 1794 69 32 de
933 1794 114 32 specie
1013 1794 80 32 seu
1059 1794 114 32 habitu
1139 1794 80 32 non
1184 1794 114 32 statim
1264 1794 114 32 coagit
1344 1794 69 32 ad
1367 1794 80 32 alium

840 1819 103 33 actum
908 1819 80 33 sed
954 1819 91 33 ideo
1011 1819 137 33 caebatur
1114 1819 69 33 vt
1148 1819 103 33 esset
1217 1819 160 33 principium
1342 1819 103 33 actus
1399 1819 46 33 vl

844 1849 110 31 terius
921 1849 66 31 in
954 1849 110 31 futuro
1031 1849 66 31 et
1064 1849 110 31 quando
1141 1849 110 31 postea
1219 1849 77 31 cum
1263 1849 88 31 isto
1318 1849 110 31 habitu
1384 1849 55 31 seu

840 1877 109 32 specie
916 1877 163 32 intellectus
1047 1877 152 32 principiat
1167 1877 98 32 nouum
1232 1877 98 32 actum
1297 1877 87 32 tunc
1352 1877 87 32 ille
1395 1877 44 32 no

842 1906 85 34 uus
891 1906 110 34 actus
964 1906 85 34 est
1012 1906 134 34 relindt
1110 1906 171 34 additionem
1244 1906 73 34 ad
1281 1906 134 34 habitum
1366 1906 73 34 prio

840 1933 84 33 rem
888 1933 108 33 tamen
960 1933 96 33 illa
1020 1933 132 33 additio
1116 1933 84 33 seu
1163 1933 120 33 portio
1247 1933 120 33 addita
1331 1933 84 33 pro
1367 1933 72 33 tunc

838 1964 91 30 nihil
899 1964 81 30 agit
949 1964 61 30 ad
980 1964 91 30 alium
1040 1964 91 30 actum
1101 1964 132 30 causandum
1202 1964 61 30 ex
1233 1964 61 30 eo
1263 1964 81 30 quod
1303 1964 132 30 intellectus

836 1989 82 33 iam
883 1989 105 33 prius
953 1989 117 33 natura
1035 1989 70 33 ad
1070 1989 129 33 habitus
1164 1989 82 33 est
1211 1989 117 33 tantum
1293 1989 94 33 illi
1340 1989 105 33 obiecto

852 2018 113 33 respectu
936 2018 85 33 cuius
993 2018 66 33 est
1031 2018 75 33 ille
1078 2018 85 33 actus
1134 2018 94 33 tantus
1200 2018 75 33 quod
1247 2018 94 33 potest
1313 2018 66 33 pro
1351 2018 75 33 ista
1388 2018 57 33 vice

840 2044 77 36 nec
884 2044 77 36 ide
928 2044 55 36 o
950 2044 143 36 ingenauit
1060 2044 110 36 natura
1137 2044 132 36 habituum
1236 2044 77 36 vel
1280 2044 143 36 portionem
1379 2044 66 36 habi

840 2072 83 43 tus
888 2072 107 43 talem
959 2072 131 43 causari
1054 2072 71 43 vt
1090 2072 95 43 tunc
1150 2072 131 43 seruiat
1245 2072 71 43 ad
1280 2072 107 43 actum
1340 2072 107 43 aliquem

842 2101 92 42 cum.
900 2101 104 42 prius
969 2101 81 42 est
1016 2101 81 42 sed
1062 2101 69 42 vt
1097 2101 69 42 in
1131 2101 127 42 futurum
1224 2101 162 42 deseruiat.
1351 2101 58 42 ⁋
1374 2101 92 42 Con¬
