<?xml version="1.0" encoding="UTF-8"?>
<alto xmlns:xsi="http://www.w3.org/2001/XMLSchema-instance"
      xmlns="http://www.loc.gov/standards/alto/ns-v2#"
      xmlns:page="http://schema.primaresearch.org/PAGE/gts/pagecontent/2013-07-15"
      xsi:schemaLocation="http://www.loc.gov/standards/alto/ns-v2# http://www.loc.gov/standards/alto/alto.xsd">
   <Description>
      <MeasurementUnit>pixel</MeasurementUnit>
      <OCRProcessing ID="IdOcr">
         <ocrProcessingStep>
            <processingDateTime>2021-02-17T08:19:38.351-05:00</processingDateTime>
            <processingSoftware>
               <softwareCreator>READ COOP</softwareCreator>
               <softwareName>Transkribus</softwareName>
            </processingSoftware>
         </ocrProcessingStep>
      </OCRProcessing>
   </Description>
   <Tags/>
   <Layout>
      <Page ID="Page1" PHYSICAL_IMG_NR="1" HEIGHT="2500" WIDTH="1776">
         <TopMargin HEIGHT="0" WIDTH="1776" VPOS="0" HPOS="0"/>
         <LeftMargin HEIGHT="2500" WIDTH="0" VPOS="0" HPOS="0"/>
         <RightMargin HEIGHT="2500" WIDTH="0" VPOS="0" HPOS="1776"/>
         <BottomMargin HEIGHT="0" WIDTH="1776" VPOS="2500" HPOS="0"/>
         <PrintSpace HEIGHT="2500" WIDTH="1776" VPOS="0" HPOS="0">
            <TextBlock ID="TextRegion_1611935278866_962"
                       HEIGHT="1906"
                       WIDTH="614"
                       VPOS="231"
                       HPOS="339">
               <Shape>
                  <Polygon POINTS="339,231 953,231 952,2077 951,2137 339,2137"/>
               </Shape>
               <TextLine ID="r2l2"
                         BASELINE="283"
                         HEIGHT="55"
                         WIDTH="594"
                         VPOS="228"
                         HPOS="354">
                  <String HEIGHT="55" WIDTH="83" VPOS="228" HPOS="342" CONTENT="tra"/>
                  <SP HEIGHT="55" WIDTH="12" VPOS="228" HPOS="425"/>
                  <String HEIGHT="55"
                          WIDTH="131"
                          VPOS="228"
                          HPOS="390"
                          CONTENT="priorem"/>
                  <SP HEIGHT="55" WIDTH="12" VPOS="228" HPOS="520"/>
                  <String HEIGHT="55"
                          WIDTH="190"
                          VPOS="228"
                          HPOS="485"
                          CONTENT="responsionem"/>
                  <SP HEIGHT="55" WIDTH="12" VPOS="228" HPOS="675"/>
                  <String HEIGHT="55" WIDTH="71" VPOS="228" HPOS="639" CONTENT="ex"/>
                  <SP HEIGHT="55" WIDTH="12" VPOS="228" HPOS="710"/>
                  <String HEIGHT="55" WIDTH="83" VPOS="228" HPOS="675" CONTENT="quo"/>
                  <SP HEIGHT="55" WIDTH="12" VPOS="228" HPOS="758"/>
                  <String HEIGHT="55" WIDTH="83" VPOS="228" HPOS="722" CONTENT="sic"/>
                  <SP HEIGHT="55" WIDTH="12" VPOS="228" HPOS="805"/>
                  <String HEIGHT="55"
                          WIDTH="166"
                          VPOS="228"
                          HPOS="770"
                          CONTENT="remittendo"/>
                  <SP HEIGHT="55" WIDTH="12" VPOS="228" HPOS="936"/>
                  <String HEIGHT="55" WIDTH="59" VPOS="228" HPOS="889" CONTENT="est"/>
               </TextLine>
               <TextLine ID="r2l4"
                         BASELINE="310"
                         HEIGHT="34"
                         WIDTH="592"
                         VPOS="276"
                         HPOS="358">
                  <String HEIGHT="34"
                          WIDTH="112"
                          VPOS="276"
                          HPOS="347"
                          CONTENT="status"/>
                  <SP HEIGHT="34" WIDTH="11" VPOS="276" HPOS="459"/>
                  <String HEIGHT="34" WIDTH="78" VPOS="276" HPOS="425" CONTENT="sic"/>
                  <SP HEIGHT="34" WIDTH="11" VPOS="276" HPOS="503"/>
                  <String HEIGHT="34"
                          WIDTH="112"
                          VPOS="276"
                          HPOS="470"
                          CONTENT="igitur"/>
                  <SP HEIGHT="34" WIDTH="11" VPOS="276" HPOS="581"/>
                  <String HEIGHT="34"
                          WIDTH="112"
                          VPOS="276"
                          HPOS="548"
                          CONTENT="primus"/>
                  <SP HEIGHT="34" WIDTH="11" VPOS="276" HPOS="660"/>
                  <String HEIGHT="34"
                          WIDTH="101"
                          VPOS="276"
                          HPOS="626"
                          CONTENT="actus"/>
                  <SP HEIGHT="34" WIDTH="11" VPOS="276" HPOS="727"/>
                  <String HEIGHT="34" WIDTH="78" VPOS="276" HPOS="693" CONTENT="qui"/>
                  <SP HEIGHT="34" WIDTH="11" VPOS="276" HPOS="771"/>
                  <String HEIGHT="34"
                          WIDTH="145"
                          VPOS="276"
                          HPOS="738"
                          CONTENT="precessit"/>
                  <SP HEIGHT="34" WIDTH="11" VPOS="276" HPOS="883"/>
                  <String HEIGHT="34"
                          WIDTH="101"
                          VPOS="276"
                          HPOS="849"
                          CONTENT="omnem"/>
                  <SP HEIGHT="34" WIDTH="11" VPOS="276" HPOS="950"/>
                  <String HEIGHT="34" WIDTH="45" VPOS="276" HPOS="905" CONTENT="ha"/>
               </TextLine>
               <TextLine ID="r2l6"
                         BASELINE="341"
                         HEIGHT="38"
                         WIDTH="588"
                         VPOS="303"
                         HPOS="354">
                  <String HEIGHT="38"
                          WIDTH="113"
                          VPOS="303"
                          HPOS="343"
                          CONTENT="bitum."/>
                  <SP HEIGHT="38" WIDTH="11" VPOS="303" HPOS="456"/>
                  <String HEIGHT="38" WIDTH="68" VPOS="303" HPOS="422" CONTENT="a."/>
                  <SP HEIGHT="38" WIDTH="11" VPOS="303" HPOS="490"/>
                  <String HEIGHT="38" WIDTH="68" VPOS="303" HPOS="456" CONTENT="et"/>
                  <SP HEIGHT="38" WIDTH="11" VPOS="303" HPOS="524"/>
                  <String HEIGHT="38"
                          WIDTH="102"
                          VPOS="303"
                          HPOS="490"
                          CONTENT="actus"/>
                  <SP HEIGHT="38" WIDTH="11" VPOS="303" HPOS="591"/>
                  <String HEIGHT="38"
                          WIDTH="158"
                          VPOS="303"
                          HPOS="558"
                          CONTENT="compositus"/>
                  <SP HEIGHT="38" WIDTH="11" VPOS="303" HPOS="716"/>
                  <String HEIGHT="38" WIDTH="68" VPOS="303" HPOS="682" CONTENT="ex"/>
                  <SP HEIGHT="38" WIDTH="11" VPOS="303" HPOS="750"/>
                  <String HEIGHT="38" WIDTH="90" VPOS="303" HPOS="716" CONTENT="illo"/>
                  <SP HEIGHT="38" WIDTH="11" VPOS="303" HPOS="806"/>
                  <String HEIGHT="38" WIDTH="68" VPOS="303" HPOS="772" CONTENT="et"/>
                  <SP HEIGHT="38" WIDTH="11" VPOS="303" HPOS="840"/>
                  <String HEIGHT="38"
                          WIDTH="147"
                          VPOS="303"
                          HPOS="795"
                          CONTENT="sequentibus"/>
               </TextLine>
               <TextLine ID="r2l8"
                         BASELINE="370"
                         HEIGHT="35"
                         WIDTH="586"
                         VPOS="335"
                         HPOS="354">
                  <String HEIGHT="35" WIDTH="79" VPOS="335" HPOS="343" CONTENT="sit"/>
                  <SP HEIGHT="35" WIDTH="11" VPOS="335" HPOS="422"/>
                  <String HEIGHT="35" WIDTH="79" VPOS="335" HPOS="388" CONTENT=".c."/>
                  <SP HEIGHT="35" WIDTH="11" VPOS="335" HPOS="467"/>
                  <String HEIGHT="35" WIDTH="68" VPOS="335" HPOS="433" CONTENT="et"/>
                  <SP HEIGHT="35" WIDTH="11" VPOS="335" HPOS="501"/>
                  <String HEIGHT="35"
                          WIDTH="158"
                          VPOS="335"
                          HPOS="467"
                          CONTENT="compositum"/>
                  <SP HEIGHT="35" WIDTH="11" VPOS="335" HPOS="624"/>
                  <String HEIGHT="35" WIDTH="68" VPOS="335" HPOS="591" CONTENT="ex"/>
                  <SP HEIGHT="35" WIDTH="11" VPOS="335" HPOS="658"/>
                  <String HEIGHT="35"
                          WIDTH="135"
                          VPOS="335"
                          HPOS="624"
                          CONTENT="residuis"/>
                  <SP HEIGHT="35" WIDTH="11" VPOS="335" HPOS="760"/>
                  <String HEIGHT="35"
                          WIDTH="135"
                          VPOS="335"
                          HPOS="726"
                          CONTENT="partibus"/>
                  <SP HEIGHT="35" WIDTH="11" VPOS="335" HPOS="861"/>
                  <String HEIGHT="35"
                          WIDTH="113"
                          VPOS="335"
                          HPOS="827"
                          CONTENT="preter"/>
                  <SP HEIGHT="35" WIDTH="11" VPOS="335" HPOS="940"/>
                  <String HEIGHT="35" WIDTH="45" VPOS="335" HPOS="895" CONTENT="a."/>
               </TextLine>
               <TextLine ID="r2l10"
                         BASELINE="400"
                         HEIGHT="36"
                         WIDTH="582"
                         VPOS="364"
                         HPOS="362">
                  <String HEIGHT="36" WIDTH="77" VPOS="364" HPOS="351" CONTENT="et."/>
                  <SP HEIGHT="36" WIDTH="11" VPOS="364" HPOS="428"/>
                  <String HEIGHT="36" WIDTH="66" VPOS="364" HPOS="395" CONTENT="d."/>
                  <SP HEIGHT="36" WIDTH="11" VPOS="364" HPOS="461"/>
                  <String HEIGHT="36" WIDTH="66" VPOS="364" HPOS="428" CONTENT="et"/>
                  <SP HEIGHT="36" WIDTH="11" VPOS="364" HPOS="494"/>
                  <String HEIGHT="36"
                          WIDTH="99"
                          VPOS="364"
                          HPOS="461"
                          CONTENT="totus"/>
                  <SP HEIGHT="36" WIDTH="11" VPOS="364" HPOS="560"/>
                  <String HEIGHT="36"
                          WIDTH="121"
                          VPOS="364"
                          HPOS="527"
                          CONTENT="habitus"/>
                  <SP HEIGHT="36" WIDTH="11" VPOS="364" HPOS="648"/>
                  <String HEIGHT="36" WIDTH="77" VPOS="364" HPOS="615" CONTENT="sit"/>
                  <SP HEIGHT="36" WIDTH="11" VPOS="364" HPOS="691"/>
                  <String HEIGHT="36" WIDTH="66" VPOS="364" HPOS="658" CONTENT="b."/>
                  <SP HEIGHT="36" WIDTH="11" VPOS="364" HPOS="724"/>
                  <String HEIGHT="36" WIDTH="88" VPOS="364" HPOS="691" CONTENT="tunc"/>
                  <SP HEIGHT="36" WIDTH="11" VPOS="364" HPOS="779"/>
                  <String HEIGHT="36"
                          WIDTH="132"
                          VPOS="364"
                          HPOS="746"
                          CONTENT="queritur"/>
                  <SP HEIGHT="36" WIDTH="11" VPOS="364" HPOS="878"/>
                  <String HEIGHT="36" WIDTH="66" VPOS="364" HPOS="845" CONTENT="an"/>
                  <SP HEIGHT="36" WIDTH="11" VPOS="364" HPOS="911"/>
                  <String HEIGHT="36"
                          WIDTH="77"
                          VPOS="364"
                          HPOS="867"
                          CONTENT="totus"/>
               </TextLine>
               <TextLine ID="r2l12"
                         BASELINE="425"
                         HEIGHT="37"
                         WIDTH="592"
                         VPOS="388"
                         HPOS="354">
                  <String HEIGHT="37"
                          WIDTH="100"
                          VPOS="388"
                          HPOS="345"
                          CONTENT="habitus"/>
                  <SP HEIGHT="37" WIDTH="9" VPOS="388" HPOS="445"/>
                  <String HEIGHT="37"
                          WIDTH="109"
                          VPOS="388"
                          HPOS="418"
                          CONTENT="scilicet"/>
                  <SP HEIGHT="37" WIDTH="9" VPOS="388" HPOS="527"/>
                  <String HEIGHT="37" WIDTH="55" VPOS="388" HPOS="500" CONTENT="b."/>
                  <SP HEIGHT="37" WIDTH="9" VPOS="388" HPOS="554"/>
                  <String HEIGHT="37" WIDTH="64" VPOS="388" HPOS="527" CONTENT="sit"/>
                  <SP HEIGHT="37" WIDTH="9" VPOS="388" HPOS="591"/>
                  <String HEIGHT="37"
                          WIDTH="100"
                          VPOS="388"
                          HPOS="563"
                          CONTENT="canatus"/>
                  <SP HEIGHT="37" WIDTH="9" VPOS="388" HPOS="664"/>
                  <String HEIGHT="37" WIDTH="46" VPOS="388" HPOS="636" CONTENT="a"/>
                  <SP HEIGHT="37" WIDTH="9" VPOS="388" HPOS="682"/>
                  <String HEIGHT="37" WIDTH="73" VPOS="388" HPOS="655" CONTENT="toto"/>
                  <SP HEIGHT="37" WIDTH="9" VPOS="388" HPOS="727"/>
                  <String HEIGHT="37" WIDTH="73" VPOS="388" HPOS="700" CONTENT="actu"/>
                  <SP HEIGHT="37" WIDTH="9" VPOS="388" HPOS="773"/>
                  <String HEIGHT="37" WIDTH="55" VPOS="388" HPOS="746" CONTENT="s."/>
                  <SP HEIGHT="37" WIDTH="9" VPOS="388" HPOS="800"/>
                  <String HEIGHT="37" WIDTH="55" VPOS="388" HPOS="773" CONTENT="c."/>
                  <SP HEIGHT="37" WIDTH="9" VPOS="388" HPOS="828"/>
                  <String HEIGHT="37" WIDTH="55" VPOS="388" HPOS="800" CONTENT="et"/>
                  <SP HEIGHT="37" WIDTH="9" VPOS="388" HPOS="855"/>
                  <String HEIGHT="37" WIDTH="73" VPOS="388" HPOS="828" CONTENT="pari"/>
                  <SP HEIGHT="37" WIDTH="9" VPOS="388" HPOS="900"/>
                  <String HEIGHT="37"
                          WIDTH="82"
                          VPOS="388"
                          HPOS="864"
                          CONTENT="ratione"/>
               </TextLine>
               <TextLine ID="r2l14"
                         BASELINE="455"
                         HEIGHT="34"
                         WIDTH="587"
                         VPOS="421"
                         HPOS="359">
                  <String HEIGHT="34" WIDTH="73" VPOS="421" HPOS="347" CONTENT="ex"/>
                  <SP HEIGHT="34" WIDTH="12" VPOS="421" HPOS="420"/>
                  <String HEIGHT="34" WIDTH="98" VPOS="421" HPOS="383" CONTENT="alia"/>
                  <SP HEIGHT="34" WIDTH="12" VPOS="421" HPOS="481"/>
                  <String HEIGHT="34"
                          WIDTH="110"
                          VPOS="421"
                          HPOS="445"
                          CONTENT="parte"/>
                  <SP HEIGHT="34" WIDTH="12" VPOS="421" HPOS="555"/>
                  <String HEIGHT="34"
                          WIDTH="147"
                          VPOS="421"
                          HPOS="518"
                          CONTENT="queritur"/>
                  <SP HEIGHT="34" WIDTH="12" VPOS="421" HPOS="665"/>
                  <String HEIGHT="34" WIDTH="73" VPOS="421" HPOS="628" CONTENT="de"/>
                  <SP HEIGHT="34" WIDTH="12" VPOS="421" HPOS="701"/>
                  <String HEIGHT="34" WIDTH="98" VPOS="421" HPOS="665" CONTENT="actu"/>
                  <SP HEIGHT="34" WIDTH="12" VPOS="421" HPOS="763"/>
                  <String HEIGHT="34"
                          WIDTH="159"
                          VPOS="421"
                          HPOS="726"
                          CONTENT="composito"/>
                  <SP HEIGHT="34" WIDTH="12" VPOS="421" HPOS="885"/>
                  <String HEIGHT="34" WIDTH="73" VPOS="421" HPOS="848" CONTENT="ex"/>
                  <SP HEIGHT="34" WIDTH="12" VPOS="421" HPOS="922"/>
                  <String HEIGHT="34" WIDTH="73" VPOS="421" HPOS="873" CONTENT="omni"/>
               </TextLine>
               <TextLine ID="r2l16"
                         BASELINE="482"
                         HEIGHT="34"
                         WIDTH="581"
                         VPOS="448"
                         HPOS="361">
                  <String HEIGHT="34" WIDTH="67" VPOS="448" HPOS="351" CONTENT="bus"/>
                  <SP HEIGHT="34" WIDTH="10" VPOS="448" HPOS="418"/>
                  <String HEIGHT="34"
                          WIDTH="95"
                          VPOS="448"
                          HPOS="390"
                          CONTENT="preter"/>
                  <SP HEIGHT="34" WIDTH="10" VPOS="448" HPOS="485"/>
                  <String HEIGHT="34"
                          WIDTH="95"
                          VPOS="448"
                          HPOS="456"
                          CONTENT="primum"/>
                  <SP HEIGHT="34" WIDTH="10" VPOS="448" HPOS="551"/>
                  <String HEIGHT="34"
                          WIDTH="114"
                          VPOS="448"
                          HPOS="523"
                          CONTENT="scilicet"/>
                  <SP HEIGHT="34" WIDTH="10" VPOS="448" HPOS="637"/>
                  <String HEIGHT="34"
                          WIDTH="86"
                          VPOS="448"
                          HPOS="609"
                          CONTENT="ipso."/>
                  <SP HEIGHT="34" WIDTH="10" VPOS="448" HPOS="694"/>
                  <String HEIGHT="34" WIDTH="57" VPOS="448" HPOS="666" CONTENT="d."/>
                  <SP HEIGHT="34" WIDTH="10" VPOS="448" HPOS="723"/>
                  <String HEIGHT="34" WIDTH="57" VPOS="448" HPOS="694" CONTENT="an"/>
                  <SP HEIGHT="34" WIDTH="10" VPOS="448" HPOS="752"/>
                  <String HEIGHT="34"
                          WIDTH="124"
                          VPOS="448"
                          HPOS="723"
                          CONTENT="cauebatur"/>
                  <SP HEIGHT="34" WIDTH="10" VPOS="448" HPOS="847"/>
                  <String HEIGHT="34" WIDTH="57" VPOS="448" HPOS="818" CONTENT="ex"/>
                  <SP HEIGHT="34" WIDTH="10" VPOS="448" HPOS="875"/>
                  <String HEIGHT="34"
                          WIDTH="95"
                          VPOS="448"
                          HPOS="847"
                          CONTENT="habitu"/>
                  <SP HEIGHT="34" WIDTH="10" VPOS="448" HPOS="942"/>
                  <String HEIGHT="34" WIDTH="38" VPOS="448" HPOS="904" CONTENT="b."/>
               </TextLine>
               <TextLine ID="r2l18"
                         BASELINE="513"
                         HEIGHT="35"
                         WIDTH="582"
                         VPOS="478"
                         HPOS="362">
                  <String HEIGHT="35" WIDTH="64" VPOS="478" HPOS="353" CONTENT="vel"/>
                  <SP HEIGHT="35" WIDTH="9" VPOS="478" HPOS="417"/>
                  <String HEIGHT="35" WIDTH="64" VPOS="478" HPOS="389" CONTENT="non"/>
                  <SP HEIGHT="35" WIDTH="9" VPOS="478" HPOS="453"/>
                  <String HEIGHT="35" WIDTH="55" VPOS="478" HPOS="426" CONTENT="si"/>
                  <SP HEIGHT="35" WIDTH="9" VPOS="478" HPOS="480"/>
                  <String HEIGHT="35" WIDTH="64" VPOS="478" HPOS="453" CONTENT="sic"/>
                  <SP HEIGHT="35" WIDTH="9" VPOS="478" HPOS="517"/>
                  <String HEIGHT="35"
                          WIDTH="100"
                          VPOS="478"
                          HPOS="489"
                          CONTENT="videtur"/>
                  <SP HEIGHT="35" WIDTH="9" VPOS="478" HPOS="589"/>
                  <String HEIGHT="35" WIDTH="73" VPOS="478" HPOS="562" CONTENT="esse"/>
                  <SP HEIGHT="35" WIDTH="9" VPOS="478" HPOS="635"/>
                  <String HEIGHT="35"
                          WIDTH="109"
                          VPOS="478"
                          HPOS="608"
                          CONTENT="circulus"/>
                  <SP HEIGHT="35" WIDTH="9" VPOS="478" HPOS="717"/>
                  <String HEIGHT="35" WIDTH="55" VPOS="478" HPOS="689" CONTENT="in"/>
                  <SP HEIGHT="35" WIDTH="9" VPOS="478" HPOS="744"/>
                  <String HEIGHT="35"
                          WIDTH="91"
                          VPOS="478"
                          HPOS="717"
                          CONTENT="causis"/>
                  <SP HEIGHT="35" WIDTH="9" VPOS="478" HPOS="808"/>
                  <String HEIGHT="35" WIDTH="55" VPOS="478" HPOS="780" CONTENT="et"/>
                  <SP HEIGHT="35" WIDTH="9" VPOS="478" HPOS="835"/>
                  <String HEIGHT="35" WIDTH="64" VPOS="478" HPOS="808" CONTENT="per"/>
                  <SP HEIGHT="35" WIDTH="9" VPOS="478" HPOS="871"/>
                  <String HEIGHT="35"
                          WIDTH="109"
                          VPOS="478"
                          HPOS="835"
                          CONTENT="consequens"/>
               </TextLine>
               <TextLine ID="r2l20"
                         BASELINE="540"
                         HEIGHT="37"
                         WIDTH="581"
                         VPOS="503"
                         HPOS="361">
                  <String HEIGHT="37" WIDTH="85" VPOS="503" HPOS="350" CONTENT="idem"/>
                  <SP HEIGHT="37" WIDTH="11" VPOS="503" HPOS="435"/>
                  <String HEIGHT="37" WIDTH="85" VPOS="503" HPOS="403" CONTENT="erit"/>
                  <SP HEIGHT="37" WIDTH="11" VPOS="503" HPOS="488"/>
                  <String HEIGHT="37" WIDTH="53" VPOS="503" HPOS="456" CONTENT="a"/>
                  <SP HEIGHT="37" WIDTH="11" VPOS="503" HPOS="509"/>
                  <String HEIGHT="37"
                          WIDTH="116"
                          VPOS="503"
                          HPOS="477"
                          CONTENT="seipso."/>
                  <SP HEIGHT="37" WIDTH="11" VPOS="503" HPOS="593"/>
                  <String HEIGHT="37" WIDTH="53" VPOS="503" HPOS="562" CONTENT="⁋"/>
                  <SP HEIGHT="37" WIDTH="11" VPOS="503" HPOS="615"/>
                  <String HEIGHT="37"
                          WIDTH="106"
                          VPOS="503"
                          HPOS="583"
                          CONTENT="Contra"/>
                  <SP HEIGHT="37" WIDTH="11" VPOS="503" HPOS="688"/>
                  <String HEIGHT="37"
                          WIDTH="95"
                          VPOS="503"
                          HPOS="657"
                          CONTENT="totus"/>
                  <SP HEIGHT="37" WIDTH="11" VPOS="503" HPOS="752"/>
                  <String HEIGHT="37" WIDTH="63" VPOS="503" HPOS="720" CONTENT="b."/>
                  <SP HEIGHT="37" WIDTH="11" VPOS="503" HPOS="784"/>
                  <String HEIGHT="37" WIDTH="74" VPOS="503" HPOS="752" CONTENT="est"/>
                  <SP HEIGHT="37" WIDTH="11" VPOS="503" HPOS="826"/>
                  <String HEIGHT="37"
                          WIDTH="116"
                          VPOS="503"
                          HPOS="794"
                          CONTENT="canetus"/>
                  <SP HEIGHT="37" WIDTH="11" VPOS="503" HPOS="910"/>
                  <String HEIGHT="37" WIDTH="53" VPOS="503" HPOS="879" CONTENT="a"/>
                  <SP HEIGHT="37" WIDTH="11" VPOS="503" HPOS="931"/>
                  <String HEIGHT="37" WIDTH="53" VPOS="503" HPOS="889" CONTENT="quo"/>
               </TextLine>
               <TextLine ID="r2l22"
                         BASELINE="568"
                         HEIGHT="34"
                         WIDTH="572"
                         VPOS="534"
                         HPOS="366">
                  <String HEIGHT="34"
                          WIDTH="95"
                          VPOS="534"
                          HPOS="355"
                          CONTENT="gitur"/>
                  <SP HEIGHT="34" WIDTH="11" VPOS="534" HPOS="451"/>
                  <String HEIGHT="34" WIDTH="64" VPOS="534" HPOS="419" CONTENT="et"/>
                  <SP HEIGHT="34" WIDTH="11" VPOS="534" HPOS="483"/>
                  <String HEIGHT="34"
                          WIDTH="138"
                          VPOS="534"
                          HPOS="451"
                          CONTENT="similiter"/>
                  <SP HEIGHT="34" WIDTH="11" VPOS="534" HPOS="588"/>
                  <String HEIGHT="34"
                          WIDTH="106"
                          VPOS="534"
                          HPOS="557"
                          CONTENT="totus."/>
                  <SP HEIGHT="34" WIDTH="11" VPOS="534" HPOS="663"/>
                  <String HEIGHT="34" WIDTH="64" VPOS="534" HPOS="631" CONTENT="d."/>
                  <SP HEIGHT="34" WIDTH="11" VPOS="534" HPOS="694"/>
                  <String HEIGHT="34" WIDTH="53" VPOS="534" HPOS="663" CONTENT="a"/>
                  <SP HEIGHT="34" WIDTH="11" VPOS="534" HPOS="716"/>
                  <String HEIGHT="34" WIDTH="74" VPOS="534" HPOS="684" CONTENT="quo"/>
                  <SP HEIGHT="34" WIDTH="11" VPOS="534" HPOS="758"/>
                  <String HEIGHT="34"
                          WIDTH="106"
                          VPOS="534"
                          HPOS="726"
                          CONTENT="igitur"/>
                  <SP HEIGHT="34" WIDTH="11" VPOS="534" HPOS="832"/>
                  <String HEIGHT="34" WIDTH="74" VPOS="534" HPOS="800" CONTENT="est"/>
                  <SP HEIGHT="34" WIDTH="11" VPOS="534" HPOS="874"/>
                  <String HEIGHT="34"
                          WIDTH="106"
                          VPOS="534"
                          HPOS="832"
                          CONTENT="causatus"/>
               </TextLine>
               <TextLine ID="r2l24"
                         BASELINE="598"
                         HEIGHT="35"
                         WIDTH="580"
                         VPOS="563"
                         HPOS="361">
                  <String HEIGHT="35" WIDTH="83" VPOS="563" HPOS="349" CONTENT="hic"/>
                  <SP HEIGHT="35" WIDTH="12" VPOS="563" HPOS="432"/>
                  <String HEIGHT="35"
                          WIDTH="118"
                          VPOS="563"
                          HPOS="397"
                          CONTENT="potest"/>
                  <SP HEIGHT="35" WIDTH="12" VPOS="563" HPOS="515"/>
                  <String HEIGHT="35"
                          WIDTH="166"
                          VPOS="563"
                          HPOS="479"
                          CONTENT="responderi"/>
                  <SP HEIGHT="35" WIDTH="12" VPOS="563" HPOS="645"/>
                  <String HEIGHT="35"
                          WIDTH="142"
                          VPOS="563"
                          HPOS="610"
                          CONTENT="secundum"/>
                  <SP HEIGHT="35" WIDTH="12" VPOS="563" HPOS="752"/>
                  <String HEIGHT="35"
                          WIDTH="142"
                          VPOS="563"
                          HPOS="716"
                          CONTENT="duplicem"/>
                  <SP HEIGHT="35" WIDTH="12" VPOS="563" HPOS="858"/>
                  <String HEIGHT="35"
                          WIDTH="130"
                          VPOS="563"
                          HPOS="811"
                          CONTENT="fantasiam"/>
               </TextLine>
               <TextLine ID="r2l26"
                         BASELINE="631"
                         HEIGHT="40"
                         WIDTH="583"
                         VPOS="591"
                         HPOS="362">
                  <String HEIGHT="40" WIDTH="74" VPOS="591" HPOS="351" CONTENT="vna"/>
                  <SP HEIGHT="40" WIDTH="11" VPOS="591" HPOS="426"/>
                  <String HEIGHT="40" WIDTH="85" VPOS="591" HPOS="394" CONTENT="quod"/>
                  <SP HEIGHT="40" WIDTH="11" VPOS="591" HPOS="479"/>
                  <String HEIGHT="40"
                          WIDTH="106"
                          VPOS="591"
                          HPOS="447"
                          CONTENT="tandem"/>
                  <SP HEIGHT="40" WIDTH="11" VPOS="591" HPOS="553"/>
                  <String HEIGHT="40"
                          WIDTH="127"
                          VPOS="591"
                          HPOS="521"
                          CONTENT="venietur"/>
                  <SP HEIGHT="40" WIDTH="11" VPOS="591" HPOS="648"/>
                  <String HEIGHT="40" WIDTH="74" VPOS="591" HPOS="616" CONTENT="vel"/>
                  <SP HEIGHT="40" WIDTH="11" VPOS="591" HPOS="691"/>
                  <String HEIGHT="40" WIDTH="64" VPOS="591" HPOS="659" CONTENT="ad"/>
                  <SP HEIGHT="40" WIDTH="11" VPOS="591" HPOS="722"/>
                  <String HEIGHT="40"
                          WIDTH="95"
                          VPOS="591"
                          HPOS="691"
                          CONTENT="actum"/>
                  <SP HEIGHT="40" WIDTH="11" VPOS="591" HPOS="786"/>
                  <String HEIGHT="40" WIDTH="74" VPOS="591" HPOS="754" CONTENT="ita"/>
                  <SP HEIGHT="40" WIDTH="11" VPOS="591" HPOS="828"/>
                  <String HEIGHT="40"
                          WIDTH="127"
                          VPOS="591"
                          HPOS="797"
                          CONTENT="remissum"/>
                  <SP HEIGHT="40" WIDTH="11" VPOS="591" HPOS="924"/>
                  <String HEIGHT="40" WIDTH="64" VPOS="591" HPOS="881" CONTENT="quod"/>
               </TextLine>
               <TextLine ID="r2l28"
                         BASELINE="649"
                         HEIGHT="33"
                         WIDTH="583"
                         VPOS="616"
                         HPOS="361">
                  <String HEIGHT="33" WIDTH="91" VPOS="616" HPOS="350" CONTENT="iste"/>
                  <SP HEIGHT="33" WIDTH="11" VPOS="616" HPOS="441"/>
                  <String HEIGHT="33" WIDTH="80" VPOS="616" HPOS="407" CONTENT="non"/>
                  <SP HEIGHT="33" WIDTH="11" VPOS="616" HPOS="487"/>
                  <String HEIGHT="33"
                          WIDTH="149"
                          VPOS="616"
                          HPOS="452"
                          CONTENT="sufficiet"/>
                  <SP HEIGHT="33" WIDTH="11" VPOS="616" HPOS="601"/>
                  <String HEIGHT="33"
                          WIDTH="137"
                          VPOS="616"
                          HPOS="567"
                          CONTENT="vlterius"/>
                  <SP HEIGHT="33" WIDTH="11" VPOS="616" HPOS="704"/>
                  <String HEIGHT="33"
                          WIDTH="126"
                          VPOS="616"
                          HPOS="670"
                          CONTENT="causare"/>
                  <SP HEIGHT="33" WIDTH="11" VPOS="616" HPOS="795"/>
                  <String HEIGHT="33"
                          WIDTH="126"
                          VPOS="616"
                          HPOS="761"
                          CONTENT="aliquam"/>
                  <SP HEIGHT="33" WIDTH="11" VPOS="616" HPOS="887"/>
                  <String HEIGHT="33"
                          WIDTH="103"
                          VPOS="616"
                          HPOS="841"
                          CONTENT="portio"
                          SUBS_TYPE="HypPart1"
                          SUBS_CONTENT="portionem"/>
                  <HYP CONTENT="-"/>
               </TextLine>
               <TextLine ID="r2l30"
                         BASELINE="679"
                         HEIGHT="31"
                         WIDTH="584"
                         VPOS="648"
                         HPOS="358">
                  <String HEIGHT="31"
                          WIDTH="77"
                          VPOS="648"
                          HPOS="347"
                          CONTENT="nem"
                          SUBS_TYPE="HypPart2"
                          SUBS_CONTENT="portionem"/>
                  <SP HEIGHT="31" WIDTH="11" VPOS="648" HPOS="424"/>
                  <String HEIGHT="31"
                          WIDTH="121"
                          VPOS="648"
                          HPOS="391"
                          CONTENT="habitus"/>
                  <SP HEIGHT="31" WIDTH="11" VPOS="648" HPOS="512"/>
                  <String HEIGHT="31" WIDTH="77" VPOS="648" HPOS="479" CONTENT="vel"/>
                  <SP HEIGHT="31" WIDTH="11" VPOS="648" HPOS="556"/>
                  <String HEIGHT="31"
                          WIDTH="143"
                          VPOS="648"
                          HPOS="523"
                          CONTENT="econverso"/>
                  <SP HEIGHT="31" WIDTH="11" VPOS="648" HPOS="667"/>
                  <String HEIGHT="31" WIDTH="77" VPOS="648" HPOS="633" CONTENT="sed"/>
                  <SP HEIGHT="31" WIDTH="11" VPOS="648" HPOS="711"/>
                  <String HEIGHT="31"
                          WIDTH="99"
                          VPOS="648"
                          HPOS="678"
                          CONTENT="illud"/>
                  <SP HEIGHT="31" WIDTH="11" VPOS="648" HPOS="777"/>
                  <String HEIGHT="31" WIDTH="77" VPOS="648" HPOS="744" CONTENT="non"/>
                  <SP HEIGHT="31" WIDTH="11" VPOS="648" HPOS="821"/>
                  <String HEIGHT="31"
                          WIDTH="121"
                          VPOS="648"
                          HPOS="788"
                          CONTENT="videtur"/>
                  <SP HEIGHT="31" WIDTH="11" VPOS="648" HPOS="909"/>
                  <String HEIGHT="31"
                          WIDTH="77"
                          VPOS="648"
                          HPOS="865"
                          CONTENT="verum"/>
               </TextLine>
               <TextLine ID="r2l32"
                         BASELINE="708"
                         HEIGHT="35"
                         WIDTH="583"
                         VPOS="673"
                         HPOS="363">
                  <String HEIGHT="35" WIDTH="72" VPOS="673" HPOS="353" CONTENT="uia"/>
                  <SP HEIGHT="35" WIDTH="10" VPOS="673" HPOS="424"/>
                  <String HEIGHT="35" WIDTH="72" VPOS="673" HPOS="394" CONTENT="non"/>
                  <SP HEIGHT="35" WIDTH="10" VPOS="673" HPOS="465"/>
                  <String HEIGHT="35" WIDTH="72" VPOS="673" HPOS="435" CONTENT="est"/>
                  <SP HEIGHT="35" WIDTH="10" VPOS="673" HPOS="506"/>
                  <String HEIGHT="35" WIDTH="82" VPOS="673" HPOS="476" CONTENT="dare"/>
                  <SP HEIGHT="35" WIDTH="10" VPOS="673" HPOS="557"/>
                  <String HEIGHT="35"
                          WIDTH="113"
                          VPOS="673"
                          HPOS="527"
                          CONTENT="minimum"/>
                  <SP HEIGHT="35" WIDTH="10" VPOS="673" HPOS="639"/>
                  <String HEIGHT="35"
                          WIDTH="92"
                          VPOS="673"
                          HPOS="608"
                          CONTENT="actum"/>
                  <SP HEIGHT="35" WIDTH="10" VPOS="673" HPOS="701"/>
                  <String HEIGHT="35" WIDTH="61" VPOS="673" HPOS="670" CONTENT="in"/>
                  <SP HEIGHT="35" WIDTH="10" VPOS="673" HPOS="731"/>
                  <String HEIGHT="35"
                          WIDTH="102"
                          VPOS="673"
                          HPOS="701"
                          CONTENT="specie"/>
                  <SP HEIGHT="35" WIDTH="10" VPOS="673" HPOS="803"/>
                  <String HEIGHT="35"
                          WIDTH="102"
                          VPOS="673"
                          HPOS="772"
                          CONTENT="aliqua"/>
                  <SP HEIGHT="35" WIDTH="10" VPOS="673" HPOS="874"/>
                  <String HEIGHT="35" WIDTH="82" VPOS="673" HPOS="844" CONTENT="mere"/>
                  <SP HEIGHT="35" WIDTH="10" VPOS="673" HPOS="926"/>
                  <String HEIGHT="35" WIDTH="61" VPOS="673" HPOS="885" CONTENT="natu"/>
               </TextLine>
               <TextLine ID="r2l34"
                         BASELINE="740"
                         HEIGHT="34"
                         WIDTH="597"
                         VPOS="706"
                         HPOS="350">
                  <String HEIGHT="34"
                          WIDTH="129"
                          VPOS="706"
                          HPOS="338"
                          CONTENT="raliter"/>
                  <SP HEIGHT="34" WIDTH="12" VPOS="706" HPOS="467"/>
                  <String HEIGHT="34"
                          WIDTH="140"
                          VPOS="706"
                          HPOS="432"
                          CONTENT="agentium"/>
                  <SP HEIGHT="34" WIDTH="12" VPOS="706" HPOS="572"/>
                  <String HEIGHT="34"
                          WIDTH="117"
                          VPOS="706"
                          HPOS="537"
                          CONTENT="maxime"/>
                  <SP HEIGHT="34" WIDTH="12" VPOS="706" HPOS="654"/>
                  <String HEIGHT="34"
                          WIDTH="117"
                          VPOS="706"
                          HPOS="619"
                          CONTENT="quando"/>
                  <SP HEIGHT="34" WIDTH="12" VPOS="706" HPOS="736"/>
                  <String HEIGHT="34" WIDTH="94" VPOS="706" HPOS="701" CONTENT="tale"/>
                  <SP HEIGHT="34" WIDTH="12" VPOS="706" HPOS="795"/>
                  <String HEIGHT="34" WIDTH="70" VPOS="706" HPOS="760" CONTENT="in"/>
                  <SP HEIGHT="34" WIDTH="12" VPOS="706" HPOS="830"/>
                  <String HEIGHT="34"
                          WIDTH="129"
                          VPOS="706"
                          HPOS="795"
                          CONTENT="existit"/>
                  <SP HEIGHT="34" WIDTH="12" VPOS="706" HPOS="924"/>
                  <String HEIGHT="34" WIDTH="70" VPOS="706" HPOS="877" CONTENT="toti"/>
               </TextLine>
               <TextLine ID="r2l36"
                         BASELINE="765"
                         HEIGHT="35"
                         WIDTH="591"
                         VPOS="730"
                         HPOS="353">
                  <String HEIGHT="35" WIDTH="83" VPOS="730" HPOS="343" CONTENT="suo."/>
                  <SP HEIGHT="35" WIDTH="10" VPOS="730" HPOS="426"/>
                  <String HEIGHT="35" WIDTH="52" VPOS="730" HPOS="394" CONTENT="⁋"/>
                  <SP HEIGHT="35" WIDTH="10" VPOS="730" HPOS="446"/>
                  <String HEIGHT="35" WIDTH="83" VPOS="730" HPOS="415" CONTENT="Alia"/>
                  <SP HEIGHT="35" WIDTH="10" VPOS="730" HPOS="498"/>
                  <String HEIGHT="35"
                          WIDTH="124"
                          VPOS="730"
                          HPOS="467"
                          CONTENT="fantasia"/>
                  <SP HEIGHT="35" WIDTH="10" VPOS="730" HPOS="591"/>
                  <String HEIGHT="35" WIDTH="73" VPOS="730" HPOS="560" CONTENT="est"/>
                  <SP HEIGHT="35" WIDTH="10" VPOS="730" HPOS="633"/>
                  <String HEIGHT="35" WIDTH="83" VPOS="730" HPOS="602" CONTENT="quod"/>
                  <SP HEIGHT="35" WIDTH="10" VPOS="730" HPOS="685"/>
                  <String HEIGHT="35" WIDTH="62" VPOS="730" HPOS="654" CONTENT="in"/>
                  <SP HEIGHT="35" WIDTH="10" VPOS="730" HPOS="716"/>
                  <String HEIGHT="35"
                          WIDTH="93"
                          VPOS="730"
                          HPOS="685"
                          CONTENT="dicto"/>
                  <SP HEIGHT="35" WIDTH="10" VPOS="730" HPOS="778"/>
                  <String HEIGHT="35" WIDTH="83" VPOS="730" HPOS="747" CONTENT="casu"/>
                  <SP HEIGHT="35" WIDTH="10" VPOS="730" HPOS="830"/>
                  <String HEIGHT="35" WIDTH="73" VPOS="730" HPOS="799" CONTENT="est"/>
                  <SP HEIGHT="35" WIDTH="10" VPOS="730" HPOS="871"/>
                  <String HEIGHT="35"
                          WIDTH="114"
                          VPOS="730"
                          HPOS="830"
                          CONTENT="processus"/>
               </TextLine>
               <TextLine ID="r2l38"
                         BASELINE="793"
                         HEIGHT="37"
                         WIDTH="589"
                         VPOS="756"
                         HPOS="357">
                  <String HEIGHT="37" WIDTH="91" VPOS="756" HPOS="346" CONTENT="hinc"/>
                  <SP HEIGHT="37" WIDTH="11" VPOS="756" HPOS="436"/>
                  <String HEIGHT="37" WIDTH="91" VPOS="756" HPOS="402" CONTENT="inde"/>
                  <SP HEIGHT="37" WIDTH="11" VPOS="756" HPOS="493"/>
                  <String HEIGHT="37" WIDTH="91" VPOS="756" HPOS="459" CONTENT="fine"/>
                  <SP HEIGHT="37" WIDTH="11" VPOS="756" HPOS="550"/>
                  <String HEIGHT="37" WIDTH="91" VPOS="756" HPOS="516" CONTENT="fine"/>
                  <SP HEIGHT="37" WIDTH="11" VPOS="756" HPOS="606"/>
                  <String HEIGHT="37" WIDTH="68" VPOS="756" HPOS="572" CONTENT="ad"/>
                  <SP HEIGHT="37" WIDTH="11" VPOS="756" HPOS="640"/>
                  <String HEIGHT="37"
                          WIDTH="113"
                          VPOS="756"
                          HPOS="606"
                          CONTENT="semper"/>
                  <SP HEIGHT="37" WIDTH="11" VPOS="756" HPOS="719"/>
                  <String HEIGHT="37"
                          WIDTH="102"
                          VPOS="756"
                          HPOS="685"
                          CONTENT="minus"/>
                  <SP HEIGHT="37" WIDTH="11" VPOS="756" HPOS="787"/>
                  <String HEIGHT="37" WIDTH="68" VPOS="756" HPOS="753" CONTENT="et"/>
                  <SP HEIGHT="37" WIDTH="11" VPOS="756" HPOS="821"/>
                  <String HEIGHT="37"
                          WIDTH="102"
                          VPOS="756"
                          HPOS="787"
                          CONTENT="minus"/>
                  <SP HEIGHT="37" WIDTH="11" VPOS="756" HPOS="889"/>
                  <String HEIGHT="37" WIDTH="68" VPOS="756" HPOS="855" CONTENT="et"/>
                  <SP HEIGHT="37" WIDTH="11" VPOS="756" HPOS="923"/>
                  <String HEIGHT="37" WIDTH="68" VPOS="756" HPOS="878" CONTENT="tunc"/>
               </TextLine>
               <TextLine ID="r2l40"
                         BASELINE="822"
                         HEIGHT="34"
                         WIDTH="580"
                         VPOS="788"
                         HPOS="360">
                  <String HEIGHT="34"
                          WIDTH="86"
                          VPOS="788"
                          HPOS="350"
                          CONTENT="vltra"/>
                  <SP HEIGHT="34" WIDTH="10" VPOS="788" HPOS="436"/>
                  <String HEIGHT="34"
                          WIDTH="105"
                          VPOS="788"
                          HPOS="408"
                          CONTENT="dicitur"/>
                  <SP HEIGHT="34" WIDTH="10" VPOS="788" HPOS="512"/>
                  <String HEIGHT="34" WIDTH="76" VPOS="788" HPOS="484" CONTENT="quod"/>
                  <SP HEIGHT="34" WIDTH="10" VPOS="788" HPOS="560"/>
                  <String HEIGHT="34"
                          WIDTH="86"
                          VPOS="788"
                          HPOS="531"
                          CONTENT="totus"/>
                  <SP HEIGHT="34" WIDTH="10" VPOS="788" HPOS="617"/>
                  <String HEIGHT="34" WIDTH="57" VPOS="788" HPOS="588" CONTENT="b."/>
                  <SP HEIGHT="34" WIDTH="10" VPOS="788" HPOS="645"/>
                  <String HEIGHT="34"
                          WIDTH="105"
                          VPOS="788"
                          HPOS="617"
                          CONTENT="habitus"/>
                  <SP HEIGHT="34" WIDTH="10" VPOS="788" HPOS="721"/>
                  <String HEIGHT="34" WIDTH="67" VPOS="788" HPOS="693" CONTENT="non"/>
                  <SP HEIGHT="34" WIDTH="10" VPOS="788" HPOS="759"/>
                  <String HEIGHT="34" WIDTH="67" VPOS="788" HPOS="731" CONTENT="est"/>
                  <SP HEIGHT="34" WIDTH="10" VPOS="788" HPOS="797"/>
                  <String HEIGHT="34"
                          WIDTH="105"
                          VPOS="788"
                          HPOS="769"
                          CONTENT="canatus"/>
                  <SP HEIGHT="34" WIDTH="10" VPOS="788" HPOS="873"/>
                  <String HEIGHT="34" WIDTH="57" VPOS="788" HPOS="845" CONTENT="ab"/>
                  <SP HEIGHT="34" WIDTH="10" VPOS="788" HPOS="902"/>
                  <String HEIGHT="34"
                          WIDTH="76"
                          VPOS="788"
                          HPOS="864"
                          CONTENT="aliquo"/>
               </TextLine>
               <TextLine ID="r2l42"
                         BASELINE="847"
                         HEIGHT="29"
                         WIDTH="588"
                         VPOS="818"
                         HPOS="356">
                  <String HEIGHT="29" WIDTH="76" VPOS="818" HPOS="345" CONTENT="vno"/>
                  <SP HEIGHT="29" WIDTH="11" VPOS="818" HPOS="421"/>
                  <String HEIGHT="29" WIDTH="87" VPOS="818" HPOS="389" CONTENT="actu"/>
                  <SP HEIGHT="29" WIDTH="11" VPOS="818" HPOS="476"/>
                  <String HEIGHT="29" WIDTH="76" VPOS="818" HPOS="443" CONTENT="sed"/>
                  <SP HEIGHT="29" WIDTH="11" VPOS="818" HPOS="519"/>
                  <String HEIGHT="29" WIDTH="65" VPOS="818" HPOS="487" CONTENT="ab"/>
                  <SP HEIGHT="29" WIDTH="11" VPOS="818" HPOS="552"/>
                  <String HEIGHT="29"
                          WIDTH="120"
                          VPOS="818"
                          HPOS="519"
                          CONTENT="actibus"/>
                  <SP HEIGHT="29" WIDTH="11" VPOS="818" HPOS="639"/>
                  <String HEIGHT="29" WIDTH="65" VPOS="818" HPOS="606" CONTENT="et"/>
                  <SP HEIGHT="29" WIDTH="11" VPOS="818" HPOS="672"/>
                  <String HEIGHT="29"
                          WIDTH="142"
                          VPOS="818"
                          HPOS="639"
                          CONTENT="econverso"/>
                  <SP HEIGHT="29" WIDTH="11" VPOS="818" HPOS="781"/>
                  <String HEIGHT="29" WIDTH="76" VPOS="818" HPOS="748" CONTENT="est"/>
                  <SP HEIGHT="29" WIDTH="11" VPOS="818" HPOS="824"/>
                  <String HEIGHT="29" WIDTH="65" VPOS="818" HPOS="792" CONTENT="de"/>
                  <SP HEIGHT="29" WIDTH="11" VPOS="818" HPOS="857"/>
                  <String HEIGHT="29" WIDTH="87" VPOS="818" HPOS="824" CONTENT="actu"/>
                  <SP HEIGHT="29" WIDTH="11" VPOS="818" HPOS="911"/>
                  <String HEIGHT="29"
                          WIDTH="76"
                          VPOS="818"
                          HPOS="868"
                          CONTENT="cuius"/>
               </TextLine>
               <TextLine ID="r2l44"
                         BASELINE="875"
                         HEIGHT="35"
                         WIDTH="588"
                         VPOS="840"
                         HPOS="352">
                  <String HEIGHT="35"
                          WIDTH="116"
                          VPOS="840"
                          HPOS="342"
                          CONTENT="ifinite"/>
                  <SP HEIGHT="35" WIDTH="11" VPOS="840" HPOS="457"/>
                  <String HEIGHT="35"
                          WIDTH="105"
                          VPOS="840"
                          HPOS="426"
                          CONTENT="partes"/>
                  <SP HEIGHT="35" WIDTH="11" VPOS="840" HPOS="531"/>
                  <String HEIGHT="35"
                          WIDTH="116"
                          VPOS="840"
                          HPOS="499"
                          CONTENT="cansate"/>
                  <SP HEIGHT="35" WIDTH="11" VPOS="840" HPOS="615"/>
                  <String HEIGHT="35" WIDTH="84" VPOS="840" HPOS="583" CONTENT="sunt"/>
                  <SP HEIGHT="35" WIDTH="11" VPOS="840" HPOS="667"/>
                  <String HEIGHT="35" WIDTH="63" VPOS="840" HPOS="636" CONTENT="a."/>
                  <SP HEIGHT="35" WIDTH="11" VPOS="840" HPOS="699"/>
                  <String HEIGHT="35"
                          WIDTH="126"
                          VPOS="840"
                          HPOS="667"
                          CONTENT="partibus"/>
                  <SP HEIGHT="35" WIDTH="11" VPOS="840" HPOS="793"/>
                  <String HEIGHT="35" WIDTH="63" VPOS="840" HPOS="762" CONTENT="b."/>
                  <SP HEIGHT="35" WIDTH="11" VPOS="840" HPOS="825"/>
                  <String HEIGHT="35"
                          WIDTH="116"
                          VPOS="840"
                          HPOS="793"
                          CONTENT="habitus"/>
                  <SP HEIGHT="35" WIDTH="11" VPOS="840" HPOS="909"/>
                  <String HEIGHT="35"
                          WIDTH="74"
                          VPOS="840"
                          HPOS="867"
                          CONTENT="totus"/>
               </TextLine>
               <TextLine ID="r2l46"
                         BASELINE="909"
                         HEIGHT="37"
                         WIDTH="585"
                         VPOS="872"
                         HPOS="356">
                  <String HEIGHT="37"
                          WIDTH="96"
                          VPOS="872"
                          HPOS="345"
                          CONTENT="autem"/>
                  <SP HEIGHT="37" WIDTH="11" VPOS="872" HPOS="441"/>
                  <String HEIGHT="37" WIDTH="74" VPOS="872" HPOS="409" CONTENT=".c."/>
                  <SP HEIGHT="37" WIDTH="11" VPOS="872" HPOS="484"/>
                  <String HEIGHT="37"
                          WIDTH="96"
                          VPOS="872"
                          HPOS="452"
                          CONTENT="actus"/>
                  <SP HEIGHT="37" WIDTH="11" VPOS="872" HPOS="547"/>
                  <String HEIGHT="37" WIDTH="74" VPOS="872" HPOS="516" CONTENT="non"/>
                  <SP HEIGHT="37" WIDTH="11" VPOS="872" HPOS="590"/>
                  <String HEIGHT="37" WIDTH="74" VPOS="872" HPOS="558" CONTENT="est"/>
                  <SP HEIGHT="37" WIDTH="11" VPOS="872" HPOS="633"/>
                  <String HEIGHT="37"
                          WIDTH="117"
                          VPOS="872"
                          HPOS="601"
                          CONTENT="casatus"/>
                  <SP HEIGHT="37" WIDTH="11" VPOS="872" HPOS="718"/>
                  <String HEIGHT="37" WIDTH="64" VPOS="872" HPOS="686" CONTENT="ab"/>
                  <SP HEIGHT="37" WIDTH="11" VPOS="872" HPOS="750"/>
                  <String HEIGHT="37"
                          WIDTH="106"
                          VPOS="872"
                          HPOS="718"
                          CONTENT="habitu"/>
                  <SP HEIGHT="37" WIDTH="11" VPOS="872" HPOS="824"/>
                  <String HEIGHT="37" WIDTH="74" VPOS="872" HPOS="792" CONTENT="vel"/>
                  <SP HEIGHT="37" WIDTH="11" VPOS="872" HPOS="867"/>
                  <String HEIGHT="37"
                          WIDTH="117"
                          VPOS="872"
                          HPOS="824"
                          CONTENT="habitibus"/>
               </TextLine>
               <TextLine ID="r2l48"
                         BASELINE="935"
                         HEIGHT="34"
                         WIDTH="594"
                         VPOS="901"
                         HPOS="350">
                  <String HEIGHT="34" WIDTH="70" VPOS="901" HPOS="338" CONTENT="eo"/>
                  <SP HEIGHT="34" WIDTH="12" VPOS="901" HPOS="408"/>
                  <String HEIGHT="34" WIDTH="93" VPOS="901" HPOS="373" CONTENT="quod"/>
                  <SP HEIGHT="34" WIDTH="12" VPOS="901" HPOS="466"/>
                  <String HEIGHT="34" WIDTH="70" VPOS="901" HPOS="432" CONTENT="a."/>
                  <SP HEIGHT="34" WIDTH="12" VPOS="901" HPOS="501"/>
                  <String HEIGHT="34"
                          WIDTH="105"
                          VPOS="901"
                          HPOS="466"
                          CONTENT="actus"/>
                  <SP HEIGHT="34" WIDTH="12" VPOS="901" HPOS="571"/>
                  <String HEIGHT="34"
                          WIDTH="151"
                          VPOS="901"
                          HPOS="536"
                          CONTENT="precessit"/>
                  <SP HEIGHT="34" WIDTH="12" VPOS="901" HPOS="688"/>
                  <String HEIGHT="34"
                          WIDTH="105"
                          VPOS="901"
                          HPOS="653"
                          CONTENT="omnes"/>
                  <SP HEIGHT="34" WIDTH="12" VPOS="901" HPOS="758"/>
                  <String HEIGHT="34" WIDTH="82" VPOS="901" HPOS="723" CONTENT="per"/>
                  <SP HEIGHT="34" WIDTH="12" VPOS="901" HPOS="804"/>
                  <String HEIGHT="34"
                          WIDTH="128"
                          VPOS="901"
                          HPOS="769"
                          CONTENT="positum"/>
                  <SP HEIGHT="34" WIDTH="12" VPOS="901" HPOS="897"/>
                  <String HEIGHT="34" WIDTH="70" VPOS="901" HPOS="862" CONTENT="et"/>
                  <SP HEIGHT="34" WIDTH="12" VPOS="901" HPOS="932"/>
                  <String HEIGHT="34" WIDTH="58" VPOS="901" HPOS="886" CONTENT="sic"/>
               </TextLine>
               <TextLine ID="r2l50"
                         BASELINE="965"
                         HEIGHT="34"
                         WIDTH="592"
                         VPOS="931"
                         HPOS="356">
                  <String HEIGHT="34"
                          WIDTH="101"
                          VPOS="931"
                          HPOS="345"
                          CONTENT="etiam"/>
                  <SP HEIGHT="34" WIDTH="11" VPOS="931" HPOS="445"/>
                  <String HEIGHT="34"
                          WIDTH="101"
                          VPOS="931"
                          HPOS="412"
                          CONTENT="patet"/>
                  <SP HEIGHT="34" WIDTH="11" VPOS="931" HPOS="512"/>
                  <String HEIGHT="34" WIDTH="89" VPOS="931" HPOS="479" CONTENT="quod"/>
                  <SP HEIGHT="34" WIDTH="11" VPOS="931" HPOS="568"/>
                  <String HEIGHT="34" WIDTH="78" VPOS="931" HPOS="535" CONTENT="ibi"/>
                  <SP HEIGHT="34" WIDTH="11" VPOS="931" HPOS="613"/>
                  <String HEIGHT="34" WIDTH="78" VPOS="931" HPOS="579" CONTENT="non"/>
                  <SP HEIGHT="34" WIDTH="11" VPOS="931" HPOS="658"/>
                  <String HEIGHT="34" WIDTH="78" VPOS="931" HPOS="624" CONTENT="est"/>
                  <SP HEIGHT="34" WIDTH="11" VPOS="931" HPOS="702"/>
                  <String HEIGHT="34"
                          WIDTH="134"
                          VPOS="931"
                          HPOS="669"
                          CONTENT="circulus"/>
                  <SP HEIGHT="34" WIDTH="11" VPOS="931" HPOS="803"/>
                  <String HEIGHT="34" WIDTH="67" VPOS="931" HPOS="769" CONTENT="in"/>
                  <SP HEIGHT="34" WIDTH="11" VPOS="931" HPOS="836"/>
                  <String HEIGHT="34"
                          WIDTH="134"
                          VPOS="931"
                          HPOS="803"
                          CONTENT="causando"/>
                  <SP HEIGHT="34" WIDTH="11" VPOS="931" HPOS="937"/>
                  <String HEIGHT="34" WIDTH="56" VPOS="931" HPOS="892" CONTENT="nec"/>
               </TextLine>
               <TextLine ID="r2l52"
                         BASELINE="997"
                         HEIGHT="36"
                         WIDTH="599"
                         VPOS="961"
                         HPOS="350">
                  <String HEIGHT="36"
                          WIDTH="110"
                          VPOS="961"
                          HPOS="338"
                          CONTENT="etiam"/>
                  <SP HEIGHT="36" WIDTH="12" VPOS="961" HPOS="448"/>
                  <String HEIGHT="36" WIDTH="98" VPOS="961" HPOS="411" CONTENT="idem"/>
                  <SP HEIGHT="36" WIDTH="12" VPOS="961" HPOS="509"/>
                  <String HEIGHT="36"
                          WIDTH="147"
                          VPOS="961"
                          HPOS="472"
                          CONTENT="causatur"/>
                  <SP HEIGHT="36" WIDTH="12" VPOS="961" HPOS="619"/>
                  <String HEIGHT="36" WIDTH="61" VPOS="961" HPOS="582" CONTENT="a"/>
                  <SP HEIGHT="36" WIDTH="12" VPOS="961" HPOS="643"/>
                  <String HEIGHT="36"
                          WIDTH="122"
                          VPOS="961"
                          HPOS="607"
                          CONTENT="seipso"/>
                  <SP HEIGHT="36" WIDTH="12" VPOS="961" HPOS="729"/>
                  <String HEIGHT="36" WIDTH="73" VPOS="961" HPOS="692" CONTENT="in"/>
                  <SP HEIGHT="36" WIDTH="12" VPOS="961" HPOS="766"/>
                  <String HEIGHT="36" WIDTH="98" VPOS="961" HPOS="729" CONTENT="tali"/>
                  <SP HEIGHT="36" WIDTH="12" VPOS="961" HPOS="827"/>
                  <String HEIGHT="36"
                          WIDTH="147"
                          VPOS="961"
                          HPOS="790"
                          CONTENT="processu"/>
                  <SP HEIGHT="36" WIDTH="12" VPOS="961" HPOS="937"/>
                  <String HEIGHT="36" WIDTH="61" VPOS="961" HPOS="888" CONTENT="cau"/>
               </TextLine>
               <TextLine ID="r2l54"
                         BASELINE="1023"
                         HEIGHT="38"
                         WIDTH="595"
                         VPOS="985"
                         HPOS="349">
                  <String HEIGHT="38"
                          WIDTH="146"
                          VPOS="985"
                          HPOS="337"
                          CONTENT="sationis"/>
                  <SP HEIGHT="38" WIDTH="12" VPOS="985" HPOS="483"/>
                  <String HEIGHT="38" WIDTH="61" VPOS="985" HPOS="446" CONTENT="⁋"/>
                  <SP HEIGHT="38" WIDTH="12" VPOS="985" HPOS="507"/>
                  <String HEIGHT="38" WIDTH="73" VPOS="985" HPOS="470" CONTENT="Si"/>
                  <SP HEIGHT="38" WIDTH="12" VPOS="985" HPOS="543"/>
                  <String HEIGHT="38"
                          WIDTH="109"
                          VPOS="985"
                          HPOS="507"
                          CONTENT="autem"/>
                  <SP HEIGHT="38" WIDTH="12" VPOS="985" HPOS="616"/>
                  <String HEIGHT="38"
                          WIDTH="146"
                          VPOS="985"
                          HPOS="580"
                          CONTENT="queratur"/>
                  <SP HEIGHT="38" WIDTH="12" VPOS="985" HPOS="725"/>
                  <String HEIGHT="38"
                          WIDTH="109"
                          VPOS="985"
                          HPOS="689"
                          CONTENT="vtrum"/>
                  <SP HEIGHT="38" WIDTH="12" VPOS="985" HPOS="798"/>
                  <String HEIGHT="38"
                          WIDTH="109"
                          VPOS="985"
                          HPOS="762"
                          CONTENT="totus"/>
                  <SP HEIGHT="38" WIDTH="12" VPOS="985" HPOS="871"/>
                  <String HEIGHT="38"
                          WIDTH="121"
                          VPOS="985"
                          HPOS="823"
                          CONTENT="habitus."/>
               </TextLine>
               <TextLine ID="r2l56"
                         BASELINE="1052"
                         HEIGHT="40"
                         WIDTH="598"
                         VPOS="1012"
                         HPOS="350">
                  <String HEIGHT="40" WIDTH="72" VPOS="1012" HPOS="338" CONTENT="b."/>
                  <SP HEIGHT="40" WIDTH="12" VPOS="1012" HPOS="410"/>
                  <String HEIGHT="40"
                          WIDTH="120"
                          VPOS="1012"
                          HPOS="374"
                          CONTENT="sumpto"/>
                  <SP HEIGHT="40" WIDTH="12" VPOS="1012" HPOS="494"/>
                  <String HEIGHT="40" WIDTH="72" VPOS="1012" HPOS="458" CONTENT="ly"/>
                  <SP HEIGHT="40" WIDTH="12" VPOS="1012" HPOS="529"/>
                  <String HEIGHT="40"
                          WIDTH="108"
                          VPOS="1012"
                          HPOS="494"
                          CONTENT="totus"/>
                  <SP HEIGHT="40" WIDTH="12" VPOS="1012" HPOS="601"/>
                  <String HEIGHT="40"
                          WIDTH="120"
                          VPOS="1012"
                          HPOS="565"
                          CONTENT="cathe."/>
                  <SP HEIGHT="40" WIDTH="12" VPOS="1012" HPOS="685"/>
                  <String HEIGHT="40"
                          WIDTH="120"
                          VPOS="1012"
                          HPOS="649"
                          CONTENT="causet"/>
                  <SP HEIGHT="40" WIDTH="12" VPOS="1012" HPOS="769"/>
                  <String HEIGHT="40" WIDTH="84" VPOS="1012" HPOS="733" CONTENT="ibi"/>
                  <SP HEIGHT="40" WIDTH="12" VPOS="1012" HPOS="816"/>
                  <String HEIGHT="40"
                          WIDTH="132"
                          VPOS="1012"
                          HPOS="781"
                          CONTENT="aliquem"/>
                  <SP HEIGHT="40" WIDTH="12" VPOS="1012" HPOS="912"/>
                  <String HEIGHT="40"
                          WIDTH="84"
                          VPOS="1012"
                          HPOS="864"
                          CONTENT="actum"/>
               </TextLine>
               <TextLine ID="r2l58"
                         BASELINE="1081"
                         HEIGHT="36"
                         WIDTH="593"
                         VPOS="1045"
                         HPOS="350">
                  <String HEIGHT="36" WIDTH="66" VPOS="1045" HPOS="339" CONTENT="et"/>
                  <SP HEIGHT="36" WIDTH="11" VPOS="1045" HPOS="405"/>
                  <String HEIGHT="36"
                          WIDTH="88"
                          VPOS="1045"
                          HPOS="372"
                          CONTENT="eoam"/>
                  <SP HEIGHT="36" WIDTH="11" VPOS="1045" HPOS="460"/>
                  <String HEIGHT="36"
                          WIDTH="99"
                          VPOS="1045"
                          HPOS="427"
                          CONTENT="vtrum"/>
                  <SP HEIGHT="36" WIDTH="11" VPOS="1045" HPOS="526"/>
                  <String HEIGHT="36"
                          WIDTH="99"
                          VPOS="1045"
                          HPOS="493"
                          CONTENT="totus"/>
                  <SP HEIGHT="36" WIDTH="11" VPOS="1045" HPOS="592"/>
                  <String HEIGHT="36"
                          WIDTH="99"
                          VPOS="1045"
                          HPOS="559"
                          CONTENT="actus"/>
                  <SP HEIGHT="36" WIDTH="11" VPOS="1045" HPOS="657"/>
                  <String HEIGHT="36" WIDTH="77" VPOS="1045" HPOS="625" CONTENT=".c."/>
                  <SP HEIGHT="36" WIDTH="11" VPOS="1045" HPOS="701"/>
                  <String HEIGHT="36"
                          WIDTH="110"
                          VPOS="1045"
                          HPOS="668"
                          CONTENT="causet"/>
                  <SP HEIGHT="36" WIDTH="11" VPOS="1045" HPOS="778"/>
                  <String HEIGHT="36" WIDTH="77" VPOS="1045" HPOS="745" CONTENT="ibi"/>
                  <SP HEIGHT="36" WIDTH="11" VPOS="1045" HPOS="822"/>
                  <String HEIGHT="36"
                          WIDTH="121"
                          VPOS="1045"
                          HPOS="789"
                          CONTENT="aliquem"/>
                  <SP HEIGHT="36" WIDTH="11" VPOS="1045" HPOS="910"/>
                  <String HEIGHT="36"
                          WIDTH="77"
                          VPOS="1045"
                          HPOS="866"
                          CONTENT="actum"/>
               </TextLine>
               <TextLine ID="r2l60"
                         BASELINE="1102"
                         HEIGHT="30"
                         WIDTH="586"
                         VPOS="1072"
                         HPOS="354">
                  <String HEIGHT="30"
                          WIDTH="147"
                          VPOS="1072"
                          HPOS="343"
                          CONTENT="adequatum"/>
                  <SP HEIGHT="30" WIDTH="11" VPOS="1072" HPOS="489"/>
                  <String HEIGHT="30"
                          WIDTH="101"
                          VPOS="1072"
                          HPOS="455"
                          CONTENT="sibi."/>
                  <SP HEIGHT="30" WIDTH="11" VPOS="1072" HPOS="557"/>
                  <String HEIGHT="30" WIDTH="56" VPOS="1072" HPOS="523" CONTENT="⁋"/>
                  <SP HEIGHT="30" WIDTH="11" VPOS="1072" HPOS="579"/>
                  <String HEIGHT="30"
                          WIDTH="169"
                          VPOS="1072"
                          HPOS="546"
                          CONTENT="Respondetur"/>
                  <SP HEIGHT="30" WIDTH="11" VPOS="1072" HPOS="715"/>
                  <String HEIGHT="30"
                          WIDTH="90"
                          VPOS="1072"
                          HPOS="681"
                          CONTENT="quod"/>
                  <SP HEIGHT="30" WIDTH="11" VPOS="1072" HPOS="771"/>
                  <String HEIGHT="30"
                          WIDTH="101"
                          VPOS="1072"
                          HPOS="737"
                          CONTENT="licet"/>
                  <SP HEIGHT="30" WIDTH="11" VPOS="1072" HPOS="839"/>
                  <String HEIGHT="30"
                          WIDTH="124"
                          VPOS="1072"
                          HPOS="805"
                          CONTENT="vterque"/>
                  <SP HEIGHT="30" WIDTH="11" VPOS="1072" HPOS="929"/>
                  <String HEIGHT="30"
                          WIDTH="56"
                          VPOS="1072"
                          HPOS="884"
                          CONTENT="to"
                          SUBS_TYPE="HypPart1"
                          SUBS_CONTENT="totus"/>
                  <HYP CONTENT="-"/>
               </TextLine>
               <TextLine ID="r2l62"
                         BASELINE="1135"
                         HEIGHT="36"
                         WIDTH="593"
                         VPOS="1099"
                         HPOS="351">
                  <String HEIGHT="36"
                          WIDTH="90"
                          VPOS="1099"
                          HPOS="338"
                          CONTENT="tus"
                          SUBS_TYPE="HypPart2"
                          SUBS_CONTENT="totus"/>
                  <SP HEIGHT="36" WIDTH="13" VPOS="1099" HPOS="428"/>
                  <String HEIGHT="36"
                          WIDTH="155"
                          VPOS="1099"
                          HPOS="390"
                          CONTENT="causetur"/>
                  <SP HEIGHT="36" WIDTH="13" VPOS="1099" HPOS="544"/>
                  <String HEIGHT="36"
                          WIDTH="129"
                          VPOS="1099"
                          HPOS="506"
                          CONTENT="neuter"/>
                  <SP HEIGHT="36" WIDTH="13" VPOS="1099" HPOS="635"/>
                  <String HEIGHT="36"
                          WIDTH="116"
                          VPOS="1099"
                          HPOS="596"
                          CONTENT="tamen"/>
                  <SP HEIGHT="36" WIDTH="13" VPOS="1099" HPOS="712"/>
                  <String HEIGHT="36"
                          WIDTH="116"
                          VPOS="1099"
                          HPOS="673"
                          CONTENT="totus"/>
                  <SP HEIGHT="36" WIDTH="13" VPOS="1099" HPOS="789"/>
                  <String HEIGHT="36"
                          WIDTH="142"
                          VPOS="1099"
                          HPOS="751"
                          CONTENT="aliquid"/>
                  <SP HEIGHT="36" WIDTH="13" VPOS="1099" HPOS="892"/>
                  <String HEIGHT="36"
                          WIDTH="103"
                          VPOS="1099"
                          HPOS="841"
                          CONTENT="causat"/>
               </TextLine>
               <TextLine ID="r2l64"
                         BASELINE="1161"
                         HEIGHT="30"
                         WIDTH="603"
                         VPOS="1131"
                         HPOS="344">
                  <String HEIGHT="30" WIDTH="72" VPOS="1131" HPOS="332" CONTENT="eo"/>
                  <SP HEIGHT="30" WIDTH="12" VPOS="1131" HPOS="404"/>
                  <String HEIGHT="30"
                          WIDTH="96"
                          VPOS="1131"
                          HPOS="368"
                          CONTENT="quod"/>
                  <SP HEIGHT="30" WIDTH="12" VPOS="1131" HPOS="465"/>
                  <String HEIGHT="30"
                          WIDTH="121"
                          VPOS="1131"
                          HPOS="428"
                          CONTENT="neuter"/>
                  <SP HEIGHT="30" WIDTH="12" VPOS="1131" HPOS="549"/>
                  <String HEIGHT="30"
                          WIDTH="109"
                          VPOS="1131"
                          HPOS="513"
                          CONTENT="totus"/>
                  <SP HEIGHT="30" WIDTH="12" VPOS="1131" HPOS="621"/>
                  <String HEIGHT="30"
                          WIDTH="109"
                          VPOS="1131"
                          HPOS="585"
                          CONTENT="habet"/>
                  <SP HEIGHT="30" WIDTH="12" VPOS="1131" HPOS="694"/>
                  <String HEIGHT="30"
                          WIDTH="133"
                          VPOS="1131"
                          HPOS="658"
                          CONTENT="aliquid"/>
                  <SP HEIGHT="30" WIDTH="12" VPOS="1131" HPOS="790"/>
                  <String HEIGHT="30"
                          WIDTH="157"
                          VPOS="1131"
                          HPOS="754"
                          CONTENT="posterius"/>
                  <SP HEIGHT="30" WIDTH="12" VPOS="1131" HPOS="911"/>
                  <String HEIGHT="30"
                          WIDTH="84"
                          VPOS="1131"
                          HPOS="863"
                          CONTENT="secum"/>
               </TextLine>
               <TextLine ID="r2l66"
                         BASELINE="1189"
                         HEIGHT="34"
                         WIDTH="592"
                         VPOS="1155"
                         HPOS="354">
                  <String HEIGHT="34"
                          WIDTH="148"
                          VPOS="1155"
                          HPOS="343"
                          CONTENT="vtrobique"/>
                  <SP HEIGHT="34" WIDTH="11" VPOS="1155" HPOS="491"/>
                  <String HEIGHT="34" WIDTH="80" VPOS="1155" HPOS="456" CONTENT="sit"/>
                  <SP HEIGHT="34" WIDTH="11" VPOS="1155" HPOS="536"/>
                  <String HEIGHT="34"
                          WIDTH="148"
                          VPOS="1155"
                          HPOS="502"
                          CONTENT="processus"/>
                  <SP HEIGHT="34" WIDTH="11" VPOS="1155" HPOS="650"/>
                  <String HEIGHT="34"
                          WIDTH="91"
                          VPOS="1155"
                          HPOS="616"
                          CONTENT="fine"/>
                  <SP HEIGHT="34" WIDTH="11" VPOS="1155" HPOS="707"/>
                  <String HEIGHT="34"
                          WIDTH="102"
                          VPOS="1155"
                          HPOS="673"
                          CONTENT="fine."/>
                  <SP HEIGHT="34" WIDTH="11" VPOS="1155" HPOS="775"/>
                  <String HEIGHT="34" WIDTH="57" VPOS="1155" HPOS="741" CONTENT="⁋"/>
                  <SP HEIGHT="34" WIDTH="11" VPOS="1155" HPOS="798"/>
                  <String HEIGHT="34"
                          WIDTH="114"
                          VPOS="1155"
                          HPOS="764"
                          CONTENT="Aliter"/>
                  <SP HEIGHT="34" WIDTH="11" VPOS="1155" HPOS="878"/>
                  <String HEIGHT="34"
                          WIDTH="114"
                          VPOS="1155"
                          HPOS="832"
                          CONTENT="responde"/>
               </TextLine>
               <TextLine ID="r2l68"
                         BASELINE="1217"
                         HEIGHT="35"
                         WIDTH="590"
                         VPOS="1182"
                         HPOS="352">
                  <String HEIGHT="35" WIDTH="78" VPOS="1182" HPOS="341" CONTENT="tur"/>
                  <SP HEIGHT="35" WIDTH="11" VPOS="1182" HPOS="419"/>
                  <String HEIGHT="35" WIDTH="67" VPOS="1182" HPOS="385" CONTENT="ad"/>
                  <SP HEIGHT="35" WIDTH="11" VPOS="1182" HPOS="452"/>
                  <String HEIGHT="35"
                          WIDTH="100"
                          VPOS="1182"
                          HPOS="419"
                          CONTENT="istam"/>
                  <SP HEIGHT="35" WIDTH="11" VPOS="1182" HPOS="519"/>
                  <String HEIGHT="35"
                          WIDTH="189"
                          VPOS="1182"
                          HPOS="486"
                          CONTENT="difficultatem"/>
                  <SP HEIGHT="35" WIDTH="11" VPOS="1182" HPOS="675"/>
                  <String HEIGHT="35"
                          WIDTH="89"
                          VPOS="1182"
                          HPOS="641"
                          CONTENT="quod"/>
                  <SP HEIGHT="35" WIDTH="11" VPOS="1182" HPOS="730"/>
                  <String HEIGHT="35" WIDTH="67" VPOS="1182" HPOS="697" CONTENT="si"/>
                  <SP HEIGHT="35" WIDTH="11" VPOS="1182" HPOS="764"/>
                  <String HEIGHT="35"
                          WIDTH="134"
                          VPOS="1182"
                          HPOS="730"
                          CONTENT="potentia"/>
                  <SP HEIGHT="35" WIDTH="11" VPOS="1182" HPOS="864"/>
                  <String HEIGHT="35" WIDTH="78" VPOS="1182" HPOS="831" CONTENT="non"/>
                  <SP HEIGHT="35" WIDTH="11" VPOS="1182" HPOS="909"/>
                  <String HEIGHT="35"
                          WIDTH="78"
                          VPOS="1182"
                          HPOS="864"
                          CONTENT="fati"
                          SUBS_TYPE="HypPart1"
                          SUBS_CONTENT="fatigaretur"/>
                  <HYP CONTENT="-"/>
               </TextLine>
               <TextLine ID="r2l70"
                         BASELINE="1248"
                         HEIGHT="35"
                         WIDTH="595"
                         VPOS="1213"
                         HPOS="347">
                  <String HEIGHT="35"
                          WIDTH="131"
                          VPOS="1213"
                          HPOS="335"
                          CONTENT="garetur"
                          SUBS_TYPE="HypPart2"
                          SUBS_CONTENT="fatigaretur"/>
                  <SP HEIGHT="35" WIDTH="12" VPOS="1213" HPOS="466"/>
                  <String HEIGHT="35" WIDTH="83" VPOS="1213" HPOS="430" CONTENT="sed"/>
                  <SP HEIGHT="35" WIDTH="12" VPOS="1213" HPOS="514"/>
                  <String HEIGHT="35"
                          WIDTH="119"
                          VPOS="1213"
                          HPOS="478"
                          CONTENT="posset"/>
                  <SP HEIGHT="35" WIDTH="12" VPOS="1213" HPOS="597"/>
                  <String HEIGHT="35"
                          WIDTH="155"
                          VPOS="1213"
                          HPOS="561"
                          CONTENT="contrarie"/>
                  <SP HEIGHT="35" WIDTH="12" VPOS="1213" HPOS="716"/>
                  <String HEIGHT="35"
                          WIDTH="107"
                          VPOS="1213"
                          HPOS="680"
                          CONTENT="actus"/>
                  <SP HEIGHT="35" WIDTH="12" VPOS="1213" HPOS="787"/>
                  <String HEIGHT="35"
                          WIDTH="155"
                          VPOS="1213"
                          HPOS="752"
                          CONTENT="sequentes"/>
                  <SP HEIGHT="35" WIDTH="12" VPOS="1213" HPOS="906"/>
                  <String HEIGHT="35"
                          WIDTH="83"
                          VPOS="1213"
                          HPOS="859"
                          CONTENT="sicut"/>
               </TextLine>
               <TextLine ID="r2l72"
                         BASELINE="1279"
                         HEIGHT="36"
                         WIDTH="598"
                         VPOS="1243"
                         HPOS="349">
                  <String HEIGHT="36"
                          WIDTH="112"
                          VPOS="1243"
                          HPOS="337"
                          CONTENT="prmum"/>
                  <SP HEIGHT="36" WIDTH="12" VPOS="1243" HPOS="449"/>
                  <String HEIGHT="36" WIDTH="87" VPOS="1243" HPOS="411" CONTENT="cum"/>
                  <SP HEIGHT="36" WIDTH="12" VPOS="1243" HPOS="499"/>
                  <String HEIGHT="36"
                          WIDTH="125"
                          VPOS="1243"
                          HPOS="461"
                          CONTENT="equali"/>
                  <SP HEIGHT="36" WIDTH="12" VPOS="1243" HPOS="586"/>
                  <String HEIGHT="36"
                          WIDTH="125"
                          VPOS="1243"
                          HPOS="548"
                          CONTENT="vigore"/>
                  <SP HEIGHT="36" WIDTH="12" VPOS="1243" HPOS="673"/>
                  <String HEIGHT="36"
                          WIDTH="137"
                          VPOS="1243"
                          HPOS="636"
                          CONTENT="quantum"/>
                  <SP HEIGHT="36" WIDTH="12" VPOS="1243" HPOS="773"/>
                  <String HEIGHT="36" WIDTH="87" VPOS="1243" HPOS="735" CONTENT="est"/>
                  <SP HEIGHT="36" WIDTH="12" VPOS="1243" HPOS="822"/>
                  <String HEIGHT="36" WIDTH="75" VPOS="1243" HPOS="785" CONTENT="ex"/>
                  <SP HEIGHT="36" WIDTH="12" VPOS="1243" HPOS="860"/>
                  <String HEIGHT="36"
                          WIDTH="112"
                          VPOS="1243"
                          HPOS="822"
                          CONTENT="parte"/>
                  <SP HEIGHT="36" WIDTH="12" VPOS="1243" HPOS="935"/>
                  <String HEIGHT="36" WIDTH="62" VPOS="1243" HPOS="885" CONTENT="sui"/>
               </TextLine>
               <TextLine ID="r2l74"
                         BASELINE="1306"
                         HEIGHT="34"
                         WIDTH="598"
                         VPOS="1272"
                         HPOS="346">
                  <String HEIGHT="34"
                          WIDTH="104"
                          VPOS="1272"
                          HPOS="333"
                          CONTENT="tunc"/>
                  <SP HEIGHT="34" WIDTH="13" VPOS="1272" HPOS="437"/>
                  <String HEIGHT="34" WIDTH="78" VPOS="1272" HPOS="398" CONTENT="in"/>
                  <SP HEIGHT="34" WIDTH="13" VPOS="1272" HPOS="476"/>
                  <String HEIGHT="34"
                          WIDTH="104"
                          VPOS="1272"
                          HPOS="437"
                          CONTENT="casu"/>
                  <SP HEIGHT="34" WIDTH="13" VPOS="1272" HPOS="541"/>
                  <String HEIGHT="34"
                          WIDTH="169"
                          VPOS="1272"
                          HPOS="502"
                          CONTENT="argumenti"/>
                  <SP HEIGHT="34" WIDTH="13" VPOS="1272" HPOS="671"/>
                  <String HEIGHT="34"
                          WIDTH="130"
                          VPOS="1272"
                          HPOS="632"
                          CONTENT="semper"/>
                  <SP HEIGHT="34" WIDTH="13" VPOS="1272" HPOS="762"/>
                  <String HEIGHT="34"
                          WIDTH="182"
                          VPOS="1272"
                          HPOS="723"
                          CONTENT="produceret"/>
                  <SP HEIGHT="34" WIDTH="13" VPOS="1272" HPOS="905"/>
                  <String HEIGHT="34"
                          WIDTH="91"
                          VPOS="1272"
                          HPOS="853"
                          CONTENT="actum"/>
               </TextLine>
               <TextLine ID="r2l76"
                         BASELINE="1336"
                         HEIGHT="40"
                         WIDTH="572"
                         VPOS="1296"
                         HPOS="363">
                  <String HEIGHT="40"
                          WIDTH="182"
                          VPOS="1296"
                          HPOS="350"
                          CONTENT="osteriorem"/>
                  <SP HEIGHT="40" WIDTH="13" VPOS="1296" HPOS="532"/>
                  <String HEIGHT="40"
                          WIDTH="208"
                          VPOS="1296"
                          HPOS="493"
                          CONTENT="perfectiorem"/>
                  <SP HEIGHT="40" WIDTH="13" VPOS="1296" HPOS="701"/>
                  <String HEIGHT="40"
                          WIDTH="130"
                          VPOS="1296"
                          HPOS="662"
                          CONTENT="priore"/>
                  <SP HEIGHT="40" WIDTH="13" VPOS="1296" HPOS="792"/>
                  <String HEIGHT="40" WIDTH="78" VPOS="1296" HPOS="753" CONTENT="et"/>
                  <SP HEIGHT="40" WIDTH="13" VPOS="1296" HPOS="831"/>
                  <String HEIGHT="40"
                          WIDTH="117"
                          VPOS="1296"
                          HPOS="792"
                          CONTENT="eodem"/>
                  <SP HEIGHT="40" WIDTH="13" VPOS="1296" HPOS="909"/>
                  <String HEIGHT="40"
                          WIDTH="78"
                          VPOS="1296"
                          HPOS="857"
                          CONTENT="modo"/>
               </TextLine>
               <TextLine ID="r2l78"
                         BASELINE="1366"
                         HEIGHT="41"
                         WIDTH="596"
                         VPOS="1325"
                         HPOS="343">
                  <String HEIGHT="41"
                          WIDTH="124"
                          VPOS="1325"
                          HPOS="332"
                          CONTENT="habitum"/>
                  <SP HEIGHT="41" WIDTH="11" VPOS="1325" HPOS="455"/>
                  <String HEIGHT="41" WIDTH="79" VPOS="1325" HPOS="422" CONTENT="vel"/>
                  <SP HEIGHT="41" WIDTH="11" VPOS="1325" HPOS="500"/>
                  <String HEIGHT="41"
                          WIDTH="191"
                          VPOS="1325"
                          HPOS="467"
                          CONTENT="dispositionem"/>
                  <SP HEIGHT="41" WIDTH="11" VPOS="1325" HPOS="658"/>
                  <String HEIGHT="41" WIDTH="79" VPOS="1325" HPOS="624" CONTENT="nec"/>
                  <SP HEIGHT="41" WIDTH="11" VPOS="1325" HPOS="703"/>
                  <String HEIGHT="41"
                          WIDTH="101"
                          VPOS="1325"
                          HPOS="669"
                          CONTENT="esset"/>
                  <SP HEIGHT="41" WIDTH="11" VPOS="1325" HPOS="770"/>
                  <String HEIGHT="41"
                          WIDTH="180"
                          VPOS="1325"
                          HPOS="737"
                          CONTENT="inconveniens"/>
                  <SP HEIGHT="41" WIDTH="11" VPOS="1325" HPOS="917"/>
                  <String HEIGHT="41"
                          WIDTH="67"
                          VPOS="1325"
                          HPOS="872"
                          CONTENT="quia"/>
               </TextLine>
               <TextLine ID="r2l80"
                         BASELINE="1396"
                         HEIGHT="41"
                         WIDTH="590"
                         VPOS="1355"
                         HPOS="353">
                  <String HEIGHT="41"
                          WIDTH="108"
                          VPOS="1355"
                          HPOS="341"
                          CONTENT="valde"/>
                  <SP HEIGHT="41" WIDTH="12" VPOS="1355" HPOS="449"/>
                  <String HEIGHT="41"
                          WIDTH="96"
                          VPOS="1355"
                          HPOS="413"
                          CONTENT="cito"/>
                  <SP HEIGHT="41" WIDTH="12" VPOS="1355" HPOS="510"/>
                  <String HEIGHT="41" WIDTH="72" VPOS="1355" HPOS="473" CONTENT="in"/>
                  <SP HEIGHT="41" WIDTH="12" VPOS="1355" HPOS="546"/>
                  <String HEIGHT="41"
                          WIDTH="96"
                          VPOS="1355"
                          HPOS="510"
                          CONTENT="tali"/>
                  <SP HEIGHT="41" WIDTH="12" VPOS="1355" HPOS="606"/>
                  <String HEIGHT="41"
                          WIDTH="144"
                          VPOS="1355"
                          HPOS="570"
                          CONTENT="processu"/>
                  <SP HEIGHT="41" WIDTH="12" VPOS="1355" HPOS="714"/>
                  <String HEIGHT="41"
                          WIDTH="157"
                          VPOS="1355"
                          HPOS="678"
                          CONTENT="haberetur"/>
                  <SP HEIGHT="41" WIDTH="12" VPOS="1355" HPOS="835"/>
                  <String HEIGHT="41"
                          WIDTH="132"
                          VPOS="1355"
                          HPOS="799"
                          CONTENT="habitus"/>
                  <SP HEIGHT="41" WIDTH="12" VPOS="1355" HPOS="931"/>
                  <String HEIGHT="41" WIDTH="60" VPOS="1355" HPOS="883" CONTENT="per"/>
               </TextLine>
               <TextLine ID="r2l82"
                         BASELINE="1420"
                         HEIGHT="42"
                         WIDTH="594"
                         VPOS="1378"
                         HPOS="349">
                  <String HEIGHT="42"
                          WIDTH="178"
                          VPOS="1378"
                          HPOS="337"
                          CONTENT="fectissimus"/>
                  <SP HEIGHT="42" WIDTH="12" VPOS="1378" HPOS="515"/>
                  <String HEIGHT="42" WIDTH="71" VPOS="1378" HPOS="480" CONTENT="et"/>
                  <SP HEIGHT="42" WIDTH="12" VPOS="1378" HPOS="551"/>
                  <String HEIGHT="42"
                          WIDTH="107"
                          VPOS="1378"
                          HPOS="515"
                          CONTENT="actus"/>
                  <SP HEIGHT="42" WIDTH="12" VPOS="1378" HPOS="622"/>
                  <String HEIGHT="42"
                          WIDTH="154"
                          VPOS="1378"
                          HPOS="587"
                          CONTENT="similiter"/>
                  <SP HEIGHT="42" WIDTH="12" VPOS="1378" HPOS="741"/>
                  <String HEIGHT="42"
                          WIDTH="190"
                          VPOS="1378"
                          HPOS="705"
                          CONTENT="receptibilis"/>
                  <SP HEIGHT="42" WIDTH="12" VPOS="1378" HPOS="895"/>
                  <String HEIGHT="42" WIDTH="71" VPOS="1378" HPOS="860" CONTENT="in"/>
                  <SP HEIGHT="42" WIDTH="12" VPOS="1378" HPOS="931"/>
                  <String HEIGHT="42"
                          WIDTH="59"
                          VPOS="1378"
                          HPOS="884"
                          CONTENT="ta"
                          SUBS_TYPE="HypPart1"
                          SUBS_CONTENT="tali"/>
                  <HYP CONTENT="-"/>
               </TextLine>
               <TextLine ID="r2l84"
                         BASELINE="1452"
                         HEIGHT="46"
                         WIDTH="593"
                         VPOS="1406"
                         HPOS="349">
                  <String HEIGHT="46"
                          WIDTH="62"
                          VPOS="1406"
                          HPOS="339"
                          CONTENT="li"
                          SUBS_TYPE="HypPart2"
                          SUBS_CONTENT="tali"/>
                  <SP HEIGHT="46" WIDTH="10" VPOS="1406" HPOS="401"/>
                  <String HEIGHT="46"
                          WIDTH="125"
                          VPOS="1406"
                          HPOS="370"
                          CONTENT="potentia"/>
                  <SP HEIGHT="46" WIDTH="10" VPOS="1406" HPOS="495"/>
                  <String HEIGHT="46"
                          WIDTH="104"
                          VPOS="1406"
                          HPOS="463"
                          CONTENT="saltem"/>
                  <SP HEIGHT="46" WIDTH="10" VPOS="1406" HPOS="567"/>
                  <String HEIGHT="46" WIDTH="73" VPOS="1406" HPOS="536" CONTENT="sic"/>
                  <SP HEIGHT="46" WIDTH="10" VPOS="1406" HPOS="609"/>
                  <String HEIGHT="46"
                          WIDTH="83"
                          VPOS="1406"
                          HPOS="578"
                          CONTENT="quod"/>
                  <SP HEIGHT="46" WIDTH="10" VPOS="1406" HPOS="661"/>
                  <String HEIGHT="46"
                          WIDTH="125"
                          VPOS="1406"
                          HPOS="630"
                          CONTENT="potentia"/>
                  <SP HEIGHT="46" WIDTH="10" VPOS="1406" HPOS="755"/>
                  <String HEIGHT="46"
                          WIDTH="135"
                          VPOS="1406"
                          HPOS="724"
                          CONTENT="vitaliter"/>
                  <SP HEIGHT="46" WIDTH="10" VPOS="1406" HPOS="859"/>
                  <String HEIGHT="46"
                          WIDTH="114"
                          VPOS="1406"
                          HPOS="828"
                          CONTENT="cansata"/>
                  <SP HEIGHT="46" WIDTH="10" VPOS="1406" HPOS="942"/>
                  <String HEIGHT="46"
                          WIDTH="42"
                          VPOS="1406"
                          HPOS="900"
                          CONTENT="a"
                          SUBS_TYPE="HypPart1"
                          SUBS_CONTENT="actuaretur"/>
                  <HYP CONTENT="-"/>
               </TextLine>
               <TextLine ID="r2l86"
                         BASELINE="1478"
                         HEIGHT="39"
                         WIDTH="587"
                         VPOS="1439"
                         HPOS="351">
                  <String HEIGHT="39"
                          WIDTH="144"
                          VPOS="1439"
                          HPOS="340"
                          CONTENT="ctuaretur"
                          SUBS_TYPE="HypPart2"
                          SUBS_CONTENT="actuaretur"/>
                  <SP HEIGHT="39" WIDTH="11" VPOS="1439" HPOS="484"/>
                  <String HEIGHT="39" WIDTH="66" VPOS="1439" HPOS="451" CONTENT="in"/>
                  <SP HEIGHT="39" WIDTH="11" VPOS="1439" HPOS="517"/>
                  <String HEIGHT="39"
                          WIDTH="89"
                          VPOS="1439"
                          HPOS="484"
                          CONTENT="tali"/>
                  <SP HEIGHT="39" WIDTH="11" VPOS="1439" HPOS="573"/>
                  <String HEIGHT="39"
                          WIDTH="155"
                          VPOS="1439"
                          HPOS="539"
                          CONTENT="receptione"/>
                  <SP HEIGHT="39" WIDTH="11" VPOS="1439" HPOS="694"/>
                  <String HEIGHT="39"
                          WIDTH="100"
                          VPOS="1439"
                          HPOS="661"
                          CONTENT="secus"/>
                  <SP HEIGHT="39" WIDTH="11" VPOS="1439" HPOS="761"/>
                  <String HEIGHT="39"
                          WIDTH="100"
                          VPOS="1439"
                          HPOS="728"
                          CONTENT="autem"/>
                  <SP HEIGHT="39" WIDTH="11" VPOS="1439" HPOS="827"/>
                  <String HEIGHT="39" WIDTH="78" VPOS="1439" HPOS="794" CONTENT="est"/>
                  <SP HEIGHT="39" WIDTH="11" VPOS="1439" HPOS="872"/>
                  <String HEIGHT="39" WIDTH="66" VPOS="1439" HPOS="838" CONTENT="de"/>
                  <SP HEIGHT="39" WIDTH="11" VPOS="1439" HPOS="905"/>
                  <String HEIGHT="39"
                          WIDTH="78"
                          VPOS="1439"
                          HPOS="860"
                          CONTENT="rece"
                          SUBS_TYPE="HypPart1"
                          SUBS_CONTENT="receptione"/>
                  <HYP CONTENT="-"/>
               </TextLine>
               <TextLine ID="r2l88"
                         BASELINE="1508"
                         HEIGHT="42"
                         WIDTH="591"
                         VPOS="1466"
                         HPOS="349">
                  <String HEIGHT="42"
                          WIDTH="123"
                          VPOS="1466"
                          HPOS="337"
                          CONTENT="ptione"
                          SUBS_TYPE="HypPart2"
                          SUBS_CONTENT="receptione"/>
                  <SP HEIGHT="42" WIDTH="12" VPOS="1466" HPOS="460"/>
                  <String HEIGHT="42"
                          WIDTH="135"
                          VPOS="1466"
                          HPOS="423"
                          CONTENT="passiua"/>
                  <SP HEIGHT="42" WIDTH="12" VPOS="1466" HPOS="558"/>
                  <String HEIGHT="42"
                          WIDTH="123"
                          VPOS="1466"
                          HPOS="521"
                          CONTENT="tantum"/>
                  <SP HEIGHT="42" WIDTH="12" VPOS="1466" HPOS="645"/>
                  <String HEIGHT="42"
                          WIDTH="148"
                          VPOS="1466"
                          HPOS="608"
                          CONTENT="respectu"/>
                  <SP HEIGHT="42" WIDTH="12" VPOS="1466" HPOS="755"/>
                  <String HEIGHT="42"
                          WIDTH="111"
                          VPOS="1466"
                          HPOS="718"
                          CONTENT="cuius"/>
                  <SP HEIGHT="42" WIDTH="12" VPOS="1466" HPOS="829"/>
                  <String HEIGHT="42" WIDTH="86" VPOS="1466" HPOS="792" CONTENT="non"/>
                  <SP HEIGHT="42" WIDTH="12" VPOS="1466" HPOS="878"/>
                  <String HEIGHT="42"
                          WIDTH="111"
                          VPOS="1466"
                          HPOS="829"
                          CONTENT="oportet"/>
               </TextLine>
               <TextLine ID="r2l90"
                         BASELINE="1539"
                         HEIGHT="42"
                         WIDTH="589"
                         VPOS="1497"
                         HPOS="346">
                  <String HEIGHT="42"
                          WIDTH="94"
                          VPOS="1497"
                          HPOS="334"
                          CONTENT="dare"/>
                  <SP HEIGHT="42" WIDTH="12" VPOS="1497" HPOS="428"/>
                  <String HEIGHT="42"
                          WIDTH="212"
                          VPOS="1497"
                          HPOS="393"
                          CONTENT="perfectissimum"/>
                  <SP HEIGHT="42" WIDTH="12" VPOS="1497" HPOS="605"/>
                  <String HEIGHT="42"
                          WIDTH="106"
                          VPOS="1497"
                          HPOS="570"
                          CONTENT="actum"/>
                  <SP HEIGHT="42" WIDTH="12" VPOS="1497" HPOS="676"/>
                  <String HEIGHT="42" WIDTH="82" VPOS="1497" HPOS="641" CONTENT="vel"/>
                  <SP HEIGHT="42" WIDTH="12" VPOS="1497" HPOS="723"/>
                  <String HEIGHT="42"
                          WIDTH="130"
                          VPOS="1497"
                          HPOS="688"
                          CONTENT="habitum"/>
                  <SP HEIGHT="42" WIDTH="12" VPOS="1497" HPOS="817"/>
                  <String HEIGHT="42" WIDTH="71" VPOS="1497" HPOS="782" CONTENT="vt"/>
                  <SP HEIGHT="42" WIDTH="12" VPOS="1497" HPOS="853"/>
                  <String HEIGHT="42"
                          WIDTH="118"
                          VPOS="1497"
                          HPOS="817"
                          CONTENT="patuit"/>
                  <SP HEIGHT="42" WIDTH="12" VPOS="1497" HPOS="935"/>
                  <String HEIGHT="42" WIDTH="47" VPOS="1497" HPOS="888" CONTENT="in"/>
               </TextLine>
               <TextLine ID="r2l92"
                         BASELINE="1559"
                         HEIGHT="40"
                         WIDTH="597"
                         VPOS="1519"
                         HPOS="343">
                  <String HEIGHT="40"
                          WIDTH="149"
                          VPOS="1519"
                          HPOS="332"
                          CONTENT="questione"/>
                  <SP HEIGHT="40" WIDTH="11" VPOS="1519" HPOS="481"/>
                  <String HEIGHT="40"
                          WIDTH="115"
                          VPOS="1519"
                          HPOS="446"
                          CONTENT="prima."/>
                  <SP HEIGHT="40" WIDTH="11" VPOS="1519" HPOS="561"/>
                  <String HEIGHT="40" WIDTH="57" VPOS="1519" HPOS="527" CONTENT="⁋"/>
                  <SP HEIGHT="40" WIDTH="11" VPOS="1519" HPOS="584"/>
                  <String HEIGHT="40" WIDTH="69" VPOS="1519" HPOS="550" CONTENT="Et"/>
                  <SP HEIGHT="40" WIDTH="11" VPOS="1519" HPOS="619"/>
                  <String HEIGHT="40" WIDTH="69" VPOS="1519" HPOS="584" CONTENT="si"/>
                  <SP HEIGHT="40" WIDTH="11" VPOS="1519" HPOS="653"/>
                  <String HEIGHT="40"
                          WIDTH="103"
                          VPOS="1519"
                          HPOS="619"
                          CONTENT="dicis"/>
                  <SP HEIGHT="40" WIDTH="11" VPOS="1519" HPOS="722"/>
                  <String HEIGHT="40"
                          WIDTH="92"
                          VPOS="1519"
                          HPOS="687"
                          CONTENT="quod"/>
                  <SP HEIGHT="40" WIDTH="11" VPOS="1519" HPOS="779"/>
                  <String HEIGHT="40"
                          WIDTH="103"
                          VPOS="1519"
                          HPOS="745"
                          CONTENT="illud"/>
                  <SP HEIGHT="40" WIDTH="11" VPOS="1519" HPOS="848"/>
                  <String HEIGHT="40" WIDTH="69" VPOS="1519" HPOS="814" CONTENT="no"/>
                  <SP HEIGHT="40" WIDTH="11" VPOS="1519" HPOS="883"/>
                  <String HEIGHT="40"
                          WIDTH="103"
                          VPOS="1519"
                          HPOS="837"
                          CONTENT="videmus"/>
               </TextLine>
               <TextLine ID="r2l94"
                         BASELINE="1591"
                         HEIGHT="42"
                         WIDTH="597"
                         VPOS="1549"
                         HPOS="346">
                  <String HEIGHT="42"
                          WIDTH="111"
                          VPOS="1549"
                          HPOS="335"
                          CONTENT="fieri."/>
                  <SP HEIGHT="42" WIDTH="11" VPOS="1549" HPOS="446"/>
                  <String HEIGHT="42" WIDTH="55" VPOS="1549" HPOS="412" CONTENT="⁋"/>
                  <SP HEIGHT="42" WIDTH="11" VPOS="1549" HPOS="468"/>
                  <String HEIGHT="42"
                          WIDTH="166"
                          VPOS="1549"
                          HPOS="434"
                          CONTENT="Respondetur"/>
                  <SP HEIGHT="42" WIDTH="11" VPOS="1549" HPOS="600"/>
                  <String HEIGHT="42"
                          WIDTH="88"
                          VPOS="1549"
                          HPOS="567"
                          CONTENT="quod"/>
                  <SP HEIGHT="42" WIDTH="11" VPOS="1549" HPOS="656"/>
                  <String HEIGHT="42" WIDTH="77" VPOS="1549" HPOS="622" CONTENT="hoc"/>
                  <SP HEIGHT="42" WIDTH="11" VPOS="1549" HPOS="700"/>
                  <String HEIGHT="42" WIDTH="77" VPOS="1549" HPOS="667" CONTENT="est"/>
                  <SP HEIGHT="42" WIDTH="11" VPOS="1549" HPOS="744"/>
                  <String HEIGHT="42"
                          WIDTH="122"
                          VPOS="1549"
                          HPOS="711"
                          CONTENT="propter"/>
                  <SP HEIGHT="42" WIDTH="11" VPOS="1549" HPOS="832"/>
                  <String HEIGHT="42"
                          WIDTH="133"
                          VPOS="1549"
                          HPOS="799"
                          CONTENT="potentie"/>
                  <SP HEIGHT="42" WIDTH="11" VPOS="1549" HPOS="932"/>
                  <String HEIGHT="42"
                          WIDTH="55"
                          VPOS="1549"
                          HPOS="888"
                          CONTENT="fa"
                          SUBS_TYPE="HypPart1"
                          SUBS_CONTENT="fatigationem"/>
                  <HYP CONTENT="-"/>
               </TextLine>
               <TextLine ID="r2l96"
                         BASELINE="1620"
                         HEIGHT="40"
                         WIDTH="598"
                         VPOS="1580"
                         HPOS="345">
                  <String HEIGHT="40"
                          WIDTH="178"
                          VPOS="1580"
                          HPOS="332"
                          CONTENT="tigationem"
                          SUBS_TYPE="HypPart2"
                          SUBS_CONTENT="fatigationem"/>
                  <SP HEIGHT="40" WIDTH="13" VPOS="1580" HPOS="510"/>
                  <String HEIGHT="40" WIDTH="76" VPOS="1580" HPOS="472" CONTENT="et"/>
                  <SP HEIGHT="40" WIDTH="13" VPOS="1580" HPOS="549"/>
                  <String HEIGHT="40"
                          WIDTH="216"
                          VPOS="1580"
                          HPOS="510"
                          CONTENT="distractionem"/>
                  <SP HEIGHT="40" WIDTH="13" VPOS="1580" HPOS="727"/>
                  <String HEIGHT="40" WIDTH="64" VPOS="1580" HPOS="689" CONTENT="⁋"/>
                  <SP HEIGHT="40" WIDTH="13" VPOS="1580" HPOS="752"/>
                  <String HEIGHT="40"
                          WIDTH="102"
                          VPOS="1580"
                          HPOS="714"
                          CONTENT="Item"/>
                  <SP HEIGHT="40" WIDTH="13" VPOS="1580" HPOS="816"/>
                  <String HEIGHT="40"
                          WIDTH="127"
                          VPOS="1580"
                          HPOS="778"
                          CONTENT="portio"/>
                  <SP HEIGHT="40" WIDTH="13" VPOS="1580" HPOS="905"/>
                  <String HEIGHT="40"
                          WIDTH="89"
                          VPOS="1580"
                          HPOS="854"
                          CONTENT="habi"
                          SUBS_TYPE="HypPart1"
                          SUBS_CONTENT="habitus"/>
                  <HYP CONTENT="-"/>
               </TextLine>
               <TextLine ID="r2l98"
                         BASELINE="1649"
                         HEIGHT="43"
                         WIDTH="590"
                         VPOS="1606"
                         HPOS="350">
                  <String HEIGHT="43"
                          WIDTH="81"
                          VPOS="1606"
                          HPOS="338"
                          CONTENT="tus"
                          SUBS_TYPE="HypPart2"
                          SUBS_CONTENT="habitus"/>
                  <SP HEIGHT="43" WIDTH="12" VPOS="1606" HPOS="419"/>
                  <String HEIGHT="43" WIDTH="81" VPOS="1606" HPOS="385" CONTENT="vel"/>
                  <SP HEIGHT="43" WIDTH="12" VPOS="1606" HPOS="466"/>
                  <String HEIGHT="43"
                          WIDTH="197"
                          VPOS="1606"
                          HPOS="431"
                          CONTENT="dispositionis"/>
                  <SP HEIGHT="43" WIDTH="12" VPOS="1606" HPOS="628"/>
                  <String HEIGHT="43"
                          WIDTH="150"
                          VPOS="1606"
                          HPOS="593"
                          CONTENT="acquisite"/>
                  <SP HEIGHT="43" WIDTH="12" VPOS="1606" HPOS="743"/>
                  <String HEIGHT="43" WIDTH="81" VPOS="1606" HPOS="709" CONTENT="non"/>
                  <SP HEIGHT="43" WIDTH="12" VPOS="1606" HPOS="790"/>
                  <String HEIGHT="43"
                          WIDTH="104"
                          VPOS="1606"
                          HPOS="755"
                          CONTENT="solum"/>
                  <SP HEIGHT="43" WIDTH="12" VPOS="1606" HPOS="859"/>
                  <String HEIGHT="43"
                          WIDTH="104"
                          VPOS="1606"
                          HPOS="824"
                          CONTENT="iuuat"/>
                  <SP HEIGHT="43" WIDTH="12" VPOS="1606" HPOS="928"/>
                  <String HEIGHT="43" WIDTH="69" VPOS="1606" HPOS="894" CONTENT="ad"/>
                  <SP HEIGHT="43" WIDTH="12" VPOS="1606" HPOS="963"/>
                  <String HEIGHT="43" WIDTH="23" VPOS="1606" HPOS="917" CONTENT=""/>
               </TextLine>
               <TextLine ID="r2l100"
                         BASELINE="1678"
                         HEIGHT="44"
                         WIDTH="594"
                         VPOS="1634"
                         HPOS="341">
                  <String HEIGHT="44"
                          WIDTH="107"
                          VPOS="1634"
                          HPOS="329"
                          CONTENT="actum"/>
                  <SP HEIGHT="44" WIDTH="12" VPOS="1634" HPOS="436"/>
                  <String HEIGHT="44"
                          WIDTH="190"
                          VPOS="1634"
                          HPOS="400"
                          CONTENT="abstractiuum"/>
                  <SP HEIGHT="44" WIDTH="12" VPOS="1634" HPOS="590"/>
                  <String HEIGHT="44" WIDTH="71" VPOS="1634" HPOS="555" CONTENT="in"/>
                  <SP HEIGHT="44" WIDTH="12" VPOS="1634" HPOS="626"/>
                  <String HEIGHT="44"
                          WIDTH="143"
                          VPOS="1634"
                          HPOS="590"
                          CONTENT="absentia"/>
                  <SP HEIGHT="44" WIDTH="12" VPOS="1634" HPOS="733"/>
                  <String HEIGHT="44"
                          WIDTH="131"
                          VPOS="1634"
                          HPOS="697"
                          CONTENT="obiecti"/>
                  <SP HEIGHT="44" WIDTH="12" VPOS="1634" HPOS="828"/>
                  <String HEIGHT="44"
                          WIDTH="154"
                          VPOS="1634"
                          HPOS="781"
                          CONTENT="producendum"/>
               </TextLine>
               <TextLine ID="r2l102"
                         BASELINE="1709"
                         HEIGHT="47"
                         WIDTH="590"
                         VPOS="1662"
                         HPOS="351">
                  <String HEIGHT="47" WIDTH="75" VPOS="1662" HPOS="340" CONTENT="sed"/>
                  <SP HEIGHT="47" WIDTH="11" VPOS="1662" HPOS="415"/>
                  <String HEIGHT="47"
                          WIDTH="97"
                          VPOS="1662"
                          HPOS="383"
                          CONTENT="etiam"/>
                  <SP HEIGHT="47" WIDTH="11" VPOS="1662" HPOS="480"/>
                  <String HEIGHT="47" WIDTH="64" VPOS="1662" HPOS="448" CONTENT="ad"/>
                  <SP HEIGHT="47" WIDTH="11" VPOS="1662" HPOS="512"/>
                  <String HEIGHT="47"
                          WIDTH="97"
                          VPOS="1662"
                          HPOS="480"
                          CONTENT="actum"/>
                  <SP HEIGHT="47" WIDTH="11" VPOS="1662" HPOS="576"/>
                  <String HEIGHT="47"
                          WIDTH="150"
                          VPOS="1662"
                          HPOS="544"
                          CONTENT="intuitiuum"/>
                  <SP HEIGHT="47" WIDTH="11" VPOS="1662" HPOS="694"/>
                  <String HEIGHT="47" WIDTH="64" VPOS="1662" HPOS="662" CONTENT="in"/>
                  <SP HEIGHT="47" WIDTH="11" VPOS="1662" HPOS="726"/>
                  <String HEIGHT="47"
                          WIDTH="139"
                          VPOS="1662"
                          HPOS="694"
                          CONTENT="presentia"/>
                  <SP HEIGHT="47" WIDTH="11" VPOS="1662" HPOS="834"/>
                  <String HEIGHT="47"
                          WIDTH="118"
                          VPOS="1662"
                          HPOS="802"
                          CONTENT="obiecti"/>
                  <SP HEIGHT="47" WIDTH="11" VPOS="1662" HPOS="920"/>
                  <String HEIGHT="47"
                          WIDTH="64"
                          VPOS="1662"
                          HPOS="877"
                          CONTENT="expe"/>
               </TextLine>
               <TextLine ID="r2l104"
                         BASELINE="1735"
                         HEIGHT="39"
                         WIDTH="592"
                         VPOS="1696"
                         HPOS="347">
                  <String HEIGHT="39"
                          WIDTH="107"
                          VPOS="1696"
                          HPOS="335"
                          CONTENT="rimur"/>
                  <SP HEIGHT="39" WIDTH="12" VPOS="1696" HPOS="442"/>
                  <String HEIGHT="39"
                          WIDTH="95"
                          VPOS="1696"
                          HPOS="406"
                          CONTENT="enim"/>
                  <SP HEIGHT="39" WIDTH="12" VPOS="1696" HPOS="501"/>
                  <String HEIGHT="39"
                          WIDTH="95"
                          VPOS="1696"
                          HPOS="465"
                          CONTENT="quod"/>
                  <SP HEIGHT="39" WIDTH="12" VPOS="1696" HPOS="560"/>
                  <String HEIGHT="39" WIDTH="83" VPOS="1696" HPOS="525" CONTENT="qui"/>
                  <SP HEIGHT="39" WIDTH="12" VPOS="1696" HPOS="607"/>
                  <String HEIGHT="39"
                          WIDTH="118"
                          VPOS="1696"
                          HPOS="572"
                          CONTENT="sepius"/>
                  <SP HEIGHT="39" WIDTH="12" VPOS="1696" HPOS="690"/>
                  <String HEIGHT="39" WIDTH="83" VPOS="1696" HPOS="655" CONTENT="per"/>
                  <SP HEIGHT="39" WIDTH="12" VPOS="1696" HPOS="738"/>
                  <String HEIGHT="39"
                          WIDTH="107"
                          VPOS="1696"
                          HPOS="702"
                          CONTENT="legit"/>
                  <SP HEIGHT="39" WIDTH="12" VPOS="1696" HPOS="809"/>
                  <String HEIGHT="39"
                          WIDTH="166"
                          VPOS="1696"
                          HPOS="773"
                          CONTENT="psalterium"/>
                  <SP HEIGHT="39" WIDTH="12" VPOS="1696" HPOS="939"/>
                  <String HEIGHT="39" WIDTH="47" VPOS="1696" HPOS="892" CONTENT="ex"/>
               </TextLine>
               <TextLine ID="r2l106"
                         BASELINE="1764"
                         HEIGHT="41"
                         WIDTH="590"
                         VPOS="1723"
                         HPOS="353">
                  <String HEIGHT="41"
                          WIDTH="193"
                          VPOS="1723"
                          HPOS="341"
                          CONTENT="dispositione"/>
                  <SP HEIGHT="41" WIDTH="12" VPOS="1723" HPOS="534"/>
                  <String HEIGHT="41" WIDTH="84" VPOS="1723" HPOS="497" CONTENT="vel"/>
                  <SP HEIGHT="41" WIDTH="12" VPOS="1723" HPOS="582"/>
                  <String HEIGHT="41"
                          WIDTH="120"
                          VPOS="1723"
                          HPOS="546"
                          CONTENT="habitu"/>
                  <SP HEIGHT="41" WIDTH="12" VPOS="1723" HPOS="666"/>
                  <String HEIGHT="41"
                          WIDTH="96"
                          VPOS="1723"
                          HPOS="630"
                          CONTENT="quem"/>
                  <SP HEIGHT="41" WIDTH="12" VPOS="1723" HPOS="726"/>
                  <String HEIGHT="41"
                          WIDTH="108"
                          VPOS="1723"
                          HPOS="690"
                          CONTENT="habet"/>
                  <SP HEIGHT="41" WIDTH="12" VPOS="1723" HPOS="799"/>
                  <String HEIGHT="41"
                          WIDTH="108"
                          VPOS="1723"
                          HPOS="762"
                          CONTENT="longe"/>
                  <SP HEIGHT="41" WIDTH="12" VPOS="1723" HPOS="871"/>
                  <String HEIGHT="41"
                          WIDTH="120"
                          VPOS="1723"
                          HPOS="823"
                          CONTENT="facilius"/>
               </TextLine>
               <TextLine ID="r2l108"
                         BASELINE="1788"
                         HEIGHT="41"
                         WIDTH="586"
                         VPOS="1747"
                         HPOS="348">
                  <String HEIGHT="41"
                          WIDTH="100"
                          VPOS="1747"
                          HPOS="337"
                          CONTENT="legit"/>
                  <SP HEIGHT="41" WIDTH="11" VPOS="1747" HPOS="436"/>
                  <String HEIGHT="41"
                          WIDTH="111"
                          VPOS="1747"
                          HPOS="403"
                          CONTENT="easdem"/>
                  <SP HEIGHT="41" WIDTH="11" VPOS="1747" HPOS="514"/>
                  <String HEIGHT="41"
                          WIDTH="133"
                          VPOS="1747"
                          HPOS="481"
                          CONTENT="litteras"/>
                  <SP HEIGHT="41" WIDTH="11" VPOS="1747" HPOS="613"/>
                  <String HEIGHT="41"
                          WIDTH="100"
                          VPOS="1747"
                          HPOS="580"
                          CONTENT="visas"/>
                  <SP HEIGHT="41" WIDTH="11" VPOS="1747" HPOS="680"/>
                  <String HEIGHT="41"
                          WIDTH="88"
                          VPOS="1747"
                          HPOS="647"
                          CONTENT="quam"/>
                  <SP HEIGHT="41" WIDTH="11" VPOS="1747" HPOS="735"/>
                  <String HEIGHT="41"
                          WIDTH="133"
                          VPOS="1747"
                          HPOS="702"
                          CONTENT="antequam"/>
                  <SP HEIGHT="41" WIDTH="11" VPOS="1747" HPOS="834"/>
                  <String HEIGHT="41"
                          WIDTH="122"
                          VPOS="1747"
                          HPOS="801"
                          CONTENT="haberet"/>
                  <SP HEIGHT="41" WIDTH="11" VPOS="1747" HPOS="923"/>
                  <String HEIGHT="41"
                          WIDTH="55"
                          VPOS="1747"
                          HPOS="879"
                          CONTENT="ta"
                          SUBS_TYPE="HypPart1"
                          SUBS_CONTENT="talem"/>
                  <HYP CONTENT="-"/>
               </TextLine>
               <TextLine ID="r2l110"
                         BASELINE="1822"
                         HEIGHT="47"
                         WIDTH="589"
                         VPOS="1775"
                         HPOS="350">
                  <String HEIGHT="47"
                          WIDTH="88"
                          VPOS="1775"
                          HPOS="337"
                          CONTENT="lem"
                          SUBS_TYPE="HypPart2"
                          SUBS_CONTENT="talem"/>
                  <SP HEIGHT="47" WIDTH="13" VPOS="1775" HPOS="425"/>
                  <String HEIGHT="47"
                          WIDTH="213"
                          VPOS="1775"
                          HPOS="388"
                          CONTENT="dispositionem"/>
                  <SP HEIGHT="47" WIDTH="13" VPOS="1775" HPOS="601"/>
                  <String HEIGHT="47" WIDTH="88" VPOS="1775" HPOS="563" CONTENT="vel"/>
                  <SP HEIGHT="47" WIDTH="13" VPOS="1775" HPOS="651"/>
                  <String HEIGHT="47"
                          WIDTH="150"
                          VPOS="1775"
                          HPOS="613"
                          CONTENT="habitum."/>
                  <SP HEIGHT="47" WIDTH="13" VPOS="1775" HPOS="764"/>
                  <String HEIGHT="47" WIDTH="63" VPOS="1775" HPOS="726" CONTENT="⁋"/>
                  <SP HEIGHT="47" WIDTH="13" VPOS="1775" HPOS="789"/>
                  <String HEIGHT="47"
                          WIDTH="138"
                          VPOS="1775"
                          HPOS="751"
                          CONTENT="Tertium"/>
                  <SP HEIGHT="47" WIDTH="13" VPOS="1775" HPOS="889"/>
                  <String HEIGHT="47"
                          WIDTH="100"
                          VPOS="1775"
                          HPOS="839"
                          CONTENT="dubium"/>
               </TextLine>
               <TextLine ID="r2l112"
                         BASELINE="1844"
                         HEIGHT="40"
                         WIDTH="591"
                         VPOS="1804"
                         HPOS="347">
                  <String HEIGHT="40"
                          WIDTH="125"
                          VPOS="1804"
                          HPOS="336"
                          CONTENT="secundi"/>
                  <SP HEIGHT="40" WIDTH="11" VPOS="1804" HPOS="461"/>
                  <String HEIGHT="40"
                          WIDTH="136"
                          VPOS="1804"
                          HPOS="427"
                          CONTENT="articuli"/>
                  <SP HEIGHT="40" WIDTH="11" VPOS="1804" HPOS="563"/>
                  <String HEIGHT="40" WIDTH="80" VPOS="1804" HPOS="529" CONTENT="est"/>
                  <SP HEIGHT="40" WIDTH="11" VPOS="1804" HPOS="608"/>
                  <String HEIGHT="40"
                          WIDTH="102"
                          VPOS="1804"
                          HPOS="574"
                          CONTENT="vtrum"/>
                  <SP HEIGHT="40" WIDTH="11" VPOS="1804" HPOS="677"/>
                  <String HEIGHT="40"
                          WIDTH="114"
                          VPOS="1804"
                          HPOS="643"
                          CONTENT="tertia"/>
                  <SP HEIGHT="40" WIDTH="11" VPOS="1804" HPOS="756"/>
                  <String HEIGHT="40"
                          WIDTH="91"
                          VPOS="1804"
                          HPOS="722"
                          CONTENT="pars"/>
                  <SP HEIGHT="40" WIDTH="11" VPOS="1804" HPOS="813"/>
                  <String HEIGHT="40"
                          WIDTH="136"
                          VPOS="1804"
                          HPOS="779"
                          CONTENT="ymaginis"/>
                  <SP HEIGHT="40" WIDTH="11" VPOS="1804" HPOS="915"/>
                  <String HEIGHT="40"
                          WIDTH="68"
                          VPOS="1804"
                          HPOS="870"
                          CONTENT="pro"
                          SUBS_TYPE="HypPart1"
                          SUBS_CONTENT="procedat"/>
                  <HYP CONTENT="-"/>
               </TextLine>
               <TextLine ID="r2l114"
                         BASELINE="1876"
                         HEIGHT="42"
                         WIDTH="590"
                         VPOS="1834"
                         HPOS="346">
                  <String HEIGHT="42"
                          WIDTH="95"
                          VPOS="1834"
                          HPOS="335"
                          CONTENT="cedat"
                          SUBS_TYPE="HypPart2"
                          SUBS_CONTENT="procedat"/>
                  <SP HEIGHT="42" WIDTH="11" VPOS="1834" HPOS="430"/>
                  <String HEIGHT="42"
                          WIDTH="126"
                          VPOS="1834"
                          HPOS="399"
                          CONTENT="realiter"/>
                  <SP HEIGHT="42" WIDTH="11" VPOS="1834" HPOS="525"/>
                  <String HEIGHT="42" WIDTH="53" VPOS="1834" HPOS="494" CONTENT="a"/>
                  <SP HEIGHT="42" WIDTH="11" VPOS="1834" HPOS="546"/>
                  <String HEIGHT="42"
                          WIDTH="116"
                          VPOS="1834"
                          HPOS="515"
                          CONTENT="secunda"/>
                  <SP HEIGHT="42" WIDTH="11" VPOS="1834" HPOS="630"/>
                  <String HEIGHT="42"
                          WIDTH="84"
                          VPOS="1834"
                          HPOS="599"
                          CONTENT="amor"/>
                  <SP HEIGHT="42" WIDTH="11" VPOS="1834" HPOS="683"/>
                  <String HEIGHT="42" WIDTH="53" VPOS="1834" HPOS="652" CONTENT="s"/>
                  <SP HEIGHT="42" WIDTH="11" VPOS="1834" HPOS="704"/>
                  <String HEIGHT="42" WIDTH="63" VPOS="1834" HPOS="673" CONTENT="a."/>
                  <SP HEIGHT="42" WIDTH="11" VPOS="1834" HPOS="736"/>
                  <String HEIGHT="42"
                          WIDTH="116"
                          VPOS="1834"
                          HPOS="704"
                          CONTENT="noticia"/>
                  <SP HEIGHT="42" WIDTH="11" VPOS="1834" HPOS="820"/>
                  <String HEIGHT="42"
                          WIDTH="116"
                          VPOS="1834"
                          HPOS="789"
                          CONTENT="videtur"/>
                  <SP HEIGHT="42" WIDTH="11" VPOS="1834" HPOS="904"/>
                  <String HEIGHT="42"
                          WIDTH="84"
                          VPOS="1834"
                          HPOS="873"
                          CONTENT="quod"/>
                  <SP HEIGHT="42" WIDTH="11" VPOS="1834" HPOS="957"/>
                  <String HEIGHT="42" WIDTH="21" VPOS="1834" HPOS="915" CONTENT=""/>
               </TextLine>
               <TextLine ID="r2l116"
                         BASELINE="1902"
                         HEIGHT="36"
                         WIDTH="591"
                         VPOS="1866"
                         HPOS="345">
                  <String HEIGHT="36" WIDTH="83" VPOS="1866" HPOS="333" CONTENT="non"/>
                  <SP HEIGHT="36" WIDTH="12" VPOS="1866" HPOS="416"/>
                  <String HEIGHT="36"
                          WIDTH="95"
                          VPOS="1866"
                          HPOS="380"
                          CONTENT="quia"/>
                  <SP HEIGHT="36" WIDTH="12" VPOS="1866" HPOS="475"/>
                  <String HEIGHT="36"
                          WIDTH="95"
                          VPOS="1866"
                          HPOS="440"
                          CONTENT="tunc"/>
                  <SP HEIGHT="36" WIDTH="12" VPOS="1866" HPOS="534"/>
                  <String HEIGHT="36"
                          WIDTH="95"
                          VPOS="1866"
                          HPOS="499"
                          CONTENT="amor"/>
                  <SP HEIGHT="36" WIDTH="12" VPOS="1866" HPOS="593"/>
                  <String HEIGHT="36"
                          WIDTH="118"
                          VPOS="1866"
                          HPOS="558"
                          CONTENT="angeli"/>
                  <SP HEIGHT="36" WIDTH="12" VPOS="1866" HPOS="676"/>
                  <String HEIGHT="36"
                          WIDTH="154"
                          VPOS="1866"
                          HPOS="641"
                          CONTENT="peccantis"/>
                  <SP HEIGHT="36" WIDTH="12" VPOS="1866" HPOS="794"/>
                  <String HEIGHT="36" WIDTH="83" VPOS="1866" HPOS="759" CONTENT="quo"/>
                  <SP HEIGHT="36" WIDTH="12" VPOS="1866" HPOS="841"/>
                  <String HEIGHT="36"
                          WIDTH="142"
                          VPOS="1866"
                          HPOS="794"
                          CONTENT="affectauit"/>
               </TextLine>
               <TextLine ID="r2l118"
                         BASELINE="1928"
                         HEIGHT="36"
                         WIDTH="595"
                         VPOS="1892"
                         HPOS="341">
                  <String HEIGHT="36"
                          WIDTH="179"
                          VPOS="1892"
                          HPOS="329"
                          CONTENT="equalitatem"/>
                  <SP HEIGHT="36" WIDTH="12" VPOS="1892" HPOS="508"/>
                  <String HEIGHT="36" WIDTH="83" VPOS="1892" HPOS="472" CONTENT="dei"/>
                  <SP HEIGHT="36" WIDTH="12" VPOS="1892" HPOS="555"/>
                  <String HEIGHT="36"
                          WIDTH="190"
                          VPOS="1892"
                          HPOS="520"
                          CONTENT="processisset"/>
                  <SP HEIGHT="36" WIDTH="12" VPOS="1892" HPOS="710"/>
                  <String HEIGHT="36" WIDTH="71" VPOS="1892" HPOS="674" CONTENT="ab"/>
                  <SP HEIGHT="36" WIDTH="12" VPOS="1892" HPOS="746"/>
                  <String HEIGHT="36"
                          WIDTH="119"
                          VPOS="1892"
                          HPOS="710"
                          CONTENT="aliqua"/>
                  <SP HEIGHT="36" WIDTH="12" VPOS="1892" HPOS="829"/>
                  <String HEIGHT="36"
                          WIDTH="131"
                          VPOS="1892"
                          HPOS="793"
                          CONTENT="noticia"/>
                  <SP HEIGHT="36" WIDTH="12" VPOS="1892" HPOS="924"/>
                  <String HEIGHT="36" WIDTH="60" VPOS="1892" HPOS="877" CONTENT="aut"/>
               </TextLine>
               <TextLine ID="r2l120"
                         BASELINE="1957"
                         HEIGHT="38"
                         WIDTH="594"
                         VPOS="1919"
                         HPOS="343">
                  <String HEIGHT="38"
                          WIDTH="108"
                          VPOS="1919"
                          HPOS="332"
                          CONTENT="igitur"/>
                  <SP HEIGHT="38" WIDTH="11" VPOS="1919" HPOS="440"/>
                  <String HEIGHT="38" WIDTH="65" VPOS="1919" HPOS="408" CONTENT="ab"/>
                  <SP HEIGHT="38" WIDTH="11" VPOS="1919" HPOS="473"/>
                  <String HEIGHT="38"
                          WIDTH="119"
                          VPOS="1919"
                          HPOS="440"
                          CONTENT="obscura"/>
                  <SP HEIGHT="38" WIDTH="11" VPOS="1919" HPOS="559"/>
                  <String HEIGHT="38" WIDTH="76" VPOS="1919" HPOS="527" CONTENT="dei"/>
                  <SP HEIGHT="38" WIDTH="11" VPOS="1919" HPOS="602"/>
                  <String HEIGHT="38"
                          WIDTH="119"
                          VPOS="1919"
                          HPOS="570"
                          CONTENT="noticia"/>
                  <SP HEIGHT="38" WIDTH="11" VPOS="1919" HPOS="689"/>
                  <String HEIGHT="38" WIDTH="76" VPOS="1919" HPOS="656" CONTENT="aut"/>
                  <SP HEIGHT="38" WIDTH="11" VPOS="1919" HPOS="732"/>
                  <String HEIGHT="38" WIDTH="65" VPOS="1919" HPOS="699" CONTENT="ab"/>
                  <SP HEIGHT="38" WIDTH="11" VPOS="1919" HPOS="764"/>
                  <String HEIGHT="38"
                          WIDTH="108"
                          VPOS="1919"
                          HPOS="732"
                          CONTENT="altera"/>
                  <SP HEIGHT="38" WIDTH="11" VPOS="1919" HPOS="840"/>
                  <String HEIGHT="38" WIDTH="54" VPOS="1919" HPOS="807" CONTENT="⁋"/>
                  <SP HEIGHT="38" WIDTH="11" VPOS="1919" HPOS="861"/>
                  <String HEIGHT="38" WIDTH="65" VPOS="1919" HPOS="829" CONTENT="Si"/>
                  <SP HEIGHT="38" WIDTH="11" VPOS="1919" HPOS="894"/>
                  <String HEIGHT="38"
                          WIDTH="86"
                          VPOS="1919"
                          HPOS="851"
                          CONTENT="primum"/>
               </TextLine>
               <TextLine ID="r2l122"
                         BASELINE="1989"
                         HEIGHT="37"
                         WIDTH="590"
                         VPOS="1952"
                         HPOS="342">
                  <String HEIGHT="37" WIDTH="76" VPOS="1952" HPOS="331" CONTENT="cum"/>
                  <SP HEIGHT="37" WIDTH="11" VPOS="1952" HPOS="408"/>
                  <String HEIGHT="37"
                          WIDTH="120"
                          VPOS="1952"
                          HPOS="375"
                          CONTENT="obscura"/>
                  <SP HEIGHT="37" WIDTH="11" VPOS="1952" HPOS="495"/>
                  <String HEIGHT="37"
                          WIDTH="120"
                          VPOS="1952"
                          HPOS="462"
                          CONTENT="noticia"/>
                  <SP HEIGHT="37" WIDTH="11" VPOS="1952" HPOS="582"/>
                  <String HEIGHT="37"
                          WIDTH="109"
                          VPOS="1952"
                          HPOS="550"
                          CONTENT="fuerit"/>
                  <SP HEIGHT="37" WIDTH="11" VPOS="1952" HPOS="659"/>
                  <String HEIGHT="37" WIDTH="66" VPOS="1952" HPOS="626" CONTENT="in"/>
                  <SP HEIGHT="37" WIDTH="11" VPOS="1952" HPOS="692"/>
                  <String HEIGHT="37"
                          WIDTH="87"
                          VPOS="1952"
                          HPOS="659"
                          CONTENT="illo"/>
                  <SP HEIGHT="37" WIDTH="11" VPOS="1952" HPOS="746"/>
                  <String HEIGHT="37"
                          WIDTH="87"
                          VPOS="1952"
                          HPOS="713"
                          CONTENT="pena"/>
                  <SP HEIGHT="37" WIDTH="11" VPOS="1952" HPOS="801"/>
                  <String HEIGHT="37"
                          WIDTH="120"
                          VPOS="1952"
                          HPOS="768"
                          CONTENT="peccati"/>
                  <SP HEIGHT="37" WIDTH="11" VPOS="1952" HPOS="888"/>
                  <String HEIGHT="37"
                          WIDTH="87"
                          VPOS="1952"
                          HPOS="845"
                          CONTENT="sequi"
                          SUBS_TYPE="HypPart1"
                          SUBS_CONTENT="sequiretur"/>
                  <HYP CONTENT="-"/>
               </TextLine>
               <TextLine ID="r2l124"
                         BASELINE="2014"
                         HEIGHT="38"
                         WIDTH="591"
                         VPOS="1976"
                         HPOS="334">
                  <String HEIGHT="38"
                          WIDTH="109"
                          VPOS="1976"
                          HPOS="322"
                          CONTENT="retur"
                          SUBS_TYPE="HypPart2"
                          SUBS_CONTENT="sequiretur"/>
                  <SP HEIGHT="38" WIDTH="12" VPOS="1976" HPOS="430"/>
                  <String HEIGHT="38"
                          WIDTH="96"
                          VPOS="1976"
                          HPOS="394"
                          CONTENT="quod"/>
                  <SP HEIGHT="38" WIDTH="12" VPOS="1976" HPOS="491"/>
                  <String HEIGHT="38"
                          WIDTH="109"
                          VPOS="1976"
                          HPOS="455"
                          CONTENT="ipsum"/>
                  <SP HEIGHT="38" WIDTH="12" VPOS="1976" HPOS="563"/>
                  <String HEIGHT="38"
                          WIDTH="145"
                          VPOS="1976"
                          HPOS="527"
                          CONTENT="peccatum"/>
                  <SP HEIGHT="38" WIDTH="12" VPOS="1976" HPOS="672"/>
                  <String HEIGHT="38"
                          WIDTH="121"
                          VPOS="1976"
                          HPOS="636"
                          CONTENT="angeli"/>
                  <SP HEIGHT="38" WIDTH="12" VPOS="1976" HPOS="756"/>
                  <String HEIGHT="38"
                          WIDTH="157"
                          VPOS="1976"
                          HPOS="720"
                          CONTENT="processit"/>
                  <SP HEIGHT="38" WIDTH="12" VPOS="1976" HPOS="877"/>
                  <String HEIGHT="38" WIDTH="60" VPOS="1976" HPOS="841" CONTENT="a"/>
                  <SP HEIGHT="38" WIDTH="12" VPOS="1976" HPOS="901"/>
                  <String HEIGHT="38"
                          WIDTH="72"
                          VPOS="1976"
                          HPOS="853"
                          CONTENT="pena"/>
               </TextLine>
               <TextLine ID="r2l126"
                         BASELINE="2040"
                         HEIGHT="35"
                         WIDTH="594"
                         VPOS="2005"
                         HPOS="337">
                  <String HEIGHT="35"
                          WIDTH="126"
                          VPOS="2005"
                          HPOS="326"
                          CONTENT="peccati"/>
                  <SP HEIGHT="35" WIDTH="11" VPOS="2005" HPOS="451"/>
                  <String HEIGHT="35" WIDTH="69" VPOS="2005" HPOS="417" CONTENT="et"/>
                  <SP HEIGHT="35" WIDTH="11" VPOS="2005" HPOS="486"/>
                  <String HEIGHT="35" WIDTH="80" VPOS="2005" HPOS="451" CONTENT="ita"/>
                  <SP HEIGHT="35" WIDTH="11" VPOS="2005" HPOS="531"/>
                  <String HEIGHT="35"
                          WIDTH="137"
                          VPOS="2005"
                          HPOS="497"
                          CONTENT="sequitur"/>
                  <SP HEIGHT="35" WIDTH="11" VPOS="2005" HPOS="634"/>
                  <String HEIGHT="35"
                          WIDTH="91"
                          VPOS="2005"
                          HPOS="600"
                          CONTENT="quod"/>
                  <SP HEIGHT="35" WIDTH="11" VPOS="2005" HPOS="691"/>
                  <String HEIGHT="35"
                          WIDTH="91"
                          VPOS="2005"
                          HPOS="657"
                          CONTENT="pena"/>
                  <SP HEIGHT="35" WIDTH="11" VPOS="2005" HPOS="748"/>
                  <String HEIGHT="35"
                          WIDTH="171"
                          VPOS="2005"
                          HPOS="714"
                          CONTENT="naturaliter"/>
                  <SP HEIGHT="35" WIDTH="11" VPOS="2005" HPOS="885"/>
                  <String HEIGHT="35"
                          WIDTH="91"
                          VPOS="2005"
                          HPOS="840"
                          CONTENT="saltem"/>
               </TextLine>
               <TextLine ID="r2l128"
                         BASELINE="2069"
                         HEIGHT="36"
                         WIDTH="584"
                         VPOS="2033"
                         HPOS="341">
                  <String HEIGHT="36"
                          WIDTH="131"
                          VPOS="2033"
                          HPOS="331"
                          CONTENT="precessit"/>
                  <SP HEIGHT="36" WIDTH="10" VPOS="2033" HPOS="462"/>
                  <String HEIGHT="36"
                          WIDTH="101"
                          VPOS="2033"
                          HPOS="432"
                          CONTENT="culpam"/>
                  <SP HEIGHT="36" WIDTH="10" VPOS="2033" HPOS="532"/>
                  <String HEIGHT="36"
                          WIDTH="151"
                          VPOS="2033"
                          HPOS="502"
                          CONTENT="auctoritate"/>
                  <SP HEIGHT="36" WIDTH="10" VPOS="2033" HPOS="653"/>
                  <String HEIGHT="36"
                          WIDTH="141"
                          VPOS="2033"
                          HPOS="623"
                          CONTENT="augustinus"/>
                  <SP HEIGHT="36" WIDTH="10" VPOS="2033" HPOS="764"/>
                  <String HEIGHT="36"
                          WIDTH="91"
                          VPOS="2033"
                          HPOS="734"
                          CONTENT="super"/>
                  <SP HEIGHT="36" WIDTH="10" VPOS="2033" HPOS="824"/>
                  <String HEIGHT="36"
                          WIDTH="81"
                          VPOS="2033"
                          HPOS="794"
                          CONTENT="gene"/>
                  <SP HEIGHT="36" WIDTH="10" VPOS="2033" HPOS="875"/>
                  <String HEIGHT="36" WIDTH="70" VPOS="2033" HPOS="844" CONTENT="ni."/>
                  <SP HEIGHT="36" WIDTH="10" VPOS="2033" HPOS="915"/>
                  <String HEIGHT="36" WIDTH="60" VPOS="2033" HPOS="885" CONTENT="ad"/>
                  <SP HEIGHT="36" WIDTH="10" VPOS="2033" HPOS="945"/>
                  <String HEIGHT="36" WIDTH="20" VPOS="2033" HPOS="905" CONTENT=""/>
               </TextLine>
               <TextLine ID="r2l130"
                         BASELINE="2096"
                         HEIGHT="33"
                         WIDTH="592"
                         VPOS="2063"
                         HPOS="336">
                  <String HEIGHT="33"
                          WIDTH="145"
                          VPOS="2063"
                          HPOS="324"
                          CONTENT="litteram"/>
                  <SP HEIGHT="33" WIDTH="12" VPOS="2063" HPOS="469"/>
                  <String HEIGHT="33" WIDTH="85" VPOS="2063" HPOS="433" CONTENT="ca."/>
                  <SP HEIGHT="33" WIDTH="12" VPOS="2063" HPOS="517"/>
                  <String HEIGHT="33" WIDTH="85" VPOS="2063" HPOS="481" CONTENT="24."/>
                  <SP HEIGHT="33" WIDTH="12" VPOS="2063" HPOS="566"/>
                  <String HEIGHT="33" WIDTH="60" VPOS="2063" HPOS="529" CONTENT="⁋"/>
                  <SP HEIGHT="33" WIDTH="12" VPOS="2063" HPOS="590"/>
                  <String HEIGHT="33" WIDTH="72" VPOS="2063" HPOS="553" CONTENT="Si"/>
                  <SP HEIGHT="33" WIDTH="12" VPOS="2063" HPOS="626"/>
                  <String HEIGHT="33"
                          WIDTH="145"
                          VPOS="2063"
                          HPOS="590"
                          CONTENT="secundum"/>
                  <SP HEIGHT="33" WIDTH="12" VPOS="2063" HPOS="735"/>
                  <String HEIGHT="33"
                          WIDTH="121"
                          VPOS="2063"
                          HPOS="698"
                          CONTENT="igitur"/>
                  <SP HEIGHT="33" WIDTH="12" VPOS="2063" HPOS="819"/>
                  <String HEIGHT="33"
                          WIDTH="133"
                          VPOS="2063"
                          HPOS="783"
                          CONTENT="angelus"/>
                  <SP HEIGHT="33" WIDTH="12" VPOS="2063" HPOS="916"/>
                  <String HEIGHT="33"
                          WIDTH="60"
                          VPOS="2063"
                          HPOS="868"
                          CONTENT="si"
                          SUBS_TYPE="HypPart1"
                          SUBS_CONTENT="simul"/>
                  <HYP CONTENT="-"/>
               </TextLine>
               <TextLine ID="r2l132"
                         BASELINE="2140"
                         HEIGHT="49"
                         WIDTH="599"
                         VPOS="2091"
                         HPOS="338">
                  <String HEIGHT="49"
                          WIDTH="84"
                          VPOS="2091"
                          HPOS="326"
                          CONTENT="mul"
                          SUBS_TYPE="HypPart2"
                          SUBS_CONTENT="simul"/>
                  <SP HEIGHT="49" WIDTH="12" VPOS="2091" HPOS="410"/>
                  <String HEIGHT="49"
                          WIDTH="96"
                          VPOS="2091"
                          HPOS="374"
                          CONTENT="fuit"/>
                  <SP HEIGHT="49" WIDTH="12" VPOS="2091" HPOS="470"/>
                  <String HEIGHT="49" WIDTH="72" VPOS="2091" HPOS="434" CONTENT="in"/>
                  <SP HEIGHT="49" WIDTH="12" VPOS="2091" HPOS="506"/>
                  <String HEIGHT="49"
                          WIDTH="120"
                          VPOS="2091"
                          HPOS="470"
                          CONTENT="maximo"/>
                  <SP HEIGHT="49" WIDTH="12" VPOS="2091" HPOS="590"/>
                  <String HEIGHT="49"
                          WIDTH="132"
                          VPOS="2091"
                          HPOS="554"
                          CONTENT="peccato"/>
                  <SP HEIGHT="49" WIDTH="12" VPOS="2091" HPOS="685"/>
                  <String HEIGHT="49" WIDTH="72" VPOS="2091" HPOS="649" CONTENT="et"/>
                  <SP HEIGHT="49" WIDTH="12" VPOS="2091" HPOS="721"/>
                  <String HEIGHT="49"
                          WIDTH="108"
                          VPOS="2091"
                          HPOS="685"
                          CONTENT="clare"/>
                  <SP HEIGHT="49" WIDTH="12" VPOS="2091" HPOS="793"/>
                  <String HEIGHT="49"
                          WIDTH="108"
                          VPOS="2091"
                          HPOS="757"
                          CONTENT="vidit"/>
                  <SP HEIGHT="49" WIDTH="12" VPOS="2091" HPOS="865"/>
                  <String HEIGHT="49"
                          WIDTH="96"
                          VPOS="2091"
                          HPOS="829"
                          CONTENT="deum"/>
                  <SP HEIGHT="49" WIDTH="12" VPOS="2091" HPOS="925"/>
                  <String HEIGHT="49" WIDTH="60" VPOS="2091" HPOS="877" CONTENT="igi"/>
               </TextLine>
            </TextBlock>
            <TextBlock ID="TextRegion_1611935278866_961"
                       HEIGHT="1906"
                       WIDTH="624"
                       VPOS="231"
                       HPOS="951">
               <Shape>
                  <Polygon POINTS="953,231 1575,231 1575,2137 951,2137 952,2077"/>
               </Shape>
               <TextLine ID="r2l3"
                         BASELINE="297"
                         HEIGHT="52"
                         WIDTH="599"
                         VPOS="245"
                         HPOS="980">
                  <String HEIGHT="52" WIDTH="78" VPOS="245" HPOS="969" CONTENT="tur"/>
                  <SP HEIGHT="52" WIDTH="11" VPOS="245" HPOS="1047"/>
                  <String HEIGHT="52"
                          WIDTH="100"
                          VPOS="245"
                          HPOS="1013"
                          CONTENT="simul"/>
                  <SP HEIGHT="52" WIDTH="11" VPOS="245" HPOS="1113"/>
                  <String HEIGHT="52"
                          WIDTH="89"
                          VPOS="245"
                          HPOS="1080"
                          CONTENT="fuit"/>
                  <SP HEIGHT="52" WIDTH="11" VPOS="245" HPOS="1169"/>
                  <String HEIGHT="52"
                          WIDTH="100"
                          VPOS="245"
                          HPOS="1135"
                          CONTENT="miser"/>
                  <SP HEIGHT="52" WIDTH="11" VPOS="245" HPOS="1235"/>
                  <String HEIGHT="52" WIDTH="67" VPOS="245" HPOS="1202" CONTENT="et"/>
                  <SP HEIGHT="52" WIDTH="11" VPOS="245" HPOS="1268"/>
                  <String HEIGHT="52"
                          WIDTH="111"
                          VPOS="245"
                          HPOS="1235"
                          CONTENT="beatus"/>
                  <SP HEIGHT="52" WIDTH="11" VPOS="245" HPOS="1346"/>
                  <String HEIGHT="52"
                          WIDTH="89"
                          VPOS="245"
                          HPOS="1313"
                          CONTENT="quia"/>
                  <SP HEIGHT="52" WIDTH="11" VPOS="245" HPOS="1402"/>
                  <String HEIGHT="52" WIDTH="78" VPOS="245" HPOS="1368" CONTENT="hec"/>
                  <SP HEIGHT="52" WIDTH="11" VPOS="245" HPOS="1446"/>
                  <String HEIGHT="52" WIDTH="78" VPOS="245" HPOS="1413" CONTENT="est"/>
                  <SP HEIGHT="52" WIDTH="11" VPOS="245" HPOS="1490"/>
                  <String HEIGHT="52"
                          WIDTH="89"
                          VPOS="245"
                          HPOS="1457"
                          CONTENT="vita"/>
                  <SP HEIGHT="52" WIDTH="11" VPOS="245" HPOS="1546"/>
                  <String HEIGHT="52"
                          WIDTH="78"
                          VPOS="245"
                          HPOS="1501"
                          CONTENT="eter"
                          SUBS_TYPE="HypPart1"
                          SUBS_CONTENT="eterna"/>
                  <HYP CONTENT="-"/>
               </TextLine>
               <TextLine ID="r2l5"
                         BASELINE="329"
                         HEIGHT="44"
                         WIDTH="597"
                         VPOS="285"
                         HPOS="982">
                  <String HEIGHT="44"
                          WIDTH="69"
                          VPOS="285"
                          HPOS="971"
                          CONTENT="na"
                          SUBS_TYPE="HypPart2"
                          SUBS_CONTENT="eterna"/>
                  <SP HEIGHT="44" WIDTH="11" VPOS="285" HPOS="1039"/>
                  <String HEIGHT="44" WIDTH="69" VPOS="285" HPOS="1005" CONTENT="vt"/>
                  <SP HEIGHT="44" WIDTH="11" VPOS="285" HPOS="1074"/>
                  <String HEIGHT="44"
                          WIDTH="184"
                          VPOS="285"
                          HPOS="1039"
                          CONTENT="cognoscantte"/>
                  <SP HEIGHT="44" WIDTH="11" VPOS="285" HPOS="1223"/>
                  <String HEIGHT="44"
                          WIDTH="92"
                          VPOS="285"
                          HPOS="1189"
                          CONTENT="etc."/>
                  <SP HEIGHT="44" WIDTH="11" VPOS="285" HPOS="1281"/>
                  <String HEIGHT="44" WIDTH="69" VPOS="285" HPOS="1246" CONTENT="Io"/>
                  <SP HEIGHT="44" WIDTH="11" VPOS="285" HPOS="1315"/>
                  <String HEIGHT="44" WIDTH="69" VPOS="285" HPOS="1280" CONTENT="17"/>
                  <SP HEIGHT="44" WIDTH="11" VPOS="285" HPOS="1349"/>
                  <String HEIGHT="44" WIDTH="57" VPOS="285" HPOS="1315" CONTENT="⁋"/>
                  <SP HEIGHT="44" WIDTH="11" VPOS="285" HPOS="1372"/>
                  <String HEIGHT="44"
                          WIDTH="92"
                          VPOS="285"
                          HPOS="1338"
                          CONTENT="Item"/>
                  <SP HEIGHT="44" WIDTH="11" VPOS="285" HPOS="1430"/>
                  <String HEIGHT="44"
                          WIDTH="92"
                          VPOS="285"
                          HPOS="1395"
                          CONTENT="tunc"/>
                  <SP HEIGHT="44" WIDTH="11" VPOS="285" HPOS="1487"/>
                  <String HEIGHT="44"
                          WIDTH="103"
                          VPOS="285"
                          HPOS="1453"
                          CONTENT="prius"/>
                  <SP HEIGHT="44" WIDTH="11" VPOS="285" HPOS="1556"/>
                  <String HEIGHT="44"
                          WIDTH="69"
                          VPOS="285"
                          HPOS="1510"
                          CONTENT="amor"/>
               </TextLine>
               <TextLine ID="r2l7"
                         BASELINE="355"
                         HEIGHT="42"
                         WIDTH="582"
                         VPOS="313"
                         HPOS="985">
                  <String HEIGHT="42" WIDTH="71" VPOS="313" HPOS="973" CONTENT="in"/>
                  <SP HEIGHT="42" WIDTH="12" VPOS="313" HPOS="1044"/>
                  <String HEIGHT="42"
                          WIDTH="107"
                          VPOS="313"
                          HPOS="1009"
                          CONTENT="mente"/>
                  <SP HEIGHT="42" WIDTH="12" VPOS="313" HPOS="1116"/>
                  <String HEIGHT="42"
                          WIDTH="119"
                          VPOS="313"
                          HPOS="1080"
                          CONTENT="aliqua"/>
                  <SP HEIGHT="42" WIDTH="12" VPOS="313" HPOS="1199"/>
                  <String HEIGHT="42"
                          WIDTH="166"
                          VPOS="313"
                          HPOS="1163"
                          CONTENT="procederet"/>
                  <SP HEIGHT="42" WIDTH="12" VPOS="313" HPOS="1329"/>
                  <String HEIGHT="42" WIDTH="59" VPOS="313" HPOS="1294" CONTENT="a"/>
                  <SP HEIGHT="42" WIDTH="12" VPOS="313" HPOS="1353"/>
                  <String HEIGHT="42"
                          WIDTH="131"
                          VPOS="313"
                          HPOS="1318"
                          CONTENT="noticia"/>
                  <SP HEIGHT="42" WIDTH="12" VPOS="313" HPOS="1448"/>
                  <String HEIGHT="42" WIDTH="71" VPOS="313" HPOS="1413" CONTENT="et"/>
                  <SP HEIGHT="42" WIDTH="12" VPOS="313" HPOS="1484"/>
                  <String HEIGHT="42"
                          WIDTH="131"
                          VPOS="313"
                          HPOS="1436"
                          CONTENT="supposito"/>
               </TextLine>
               <TextLine ID="r2l9"
                         BASELINE="381"
                         HEIGHT="38"
                         WIDTH="586"
                         VPOS="343"
                         HPOS="989">
                  <String HEIGHT="38" WIDTH="59" VPOS="343" HPOS="977" CONTENT="y"/>
                  <SP HEIGHT="38" WIDTH="12" VPOS="343" HPOS="1036"/>
                  <String HEIGHT="38"
                          WIDTH="94"
                          VPOS="343"
                          HPOS="1001"
                          CONTENT="iste"/>
                  <SP HEIGHT="38" WIDTH="12" VPOS="343" HPOS="1094"/>
                  <String HEIGHT="38"
                          WIDTH="94"
                          VPOS="343"
                          HPOS="1059"
                          CONTENT="amor"/>
                  <SP HEIGHT="38" WIDTH="12" VPOS="343" HPOS="1153"/>
                  <String HEIGHT="38" WIDTH="82" VPOS="343" HPOS="1118" CONTENT="sit"/>
                  <SP HEIGHT="38" WIDTH="12" VPOS="343" HPOS="1200"/>
                  <String HEIGHT="38"
                          WIDTH="141"
                          VPOS="343"
                          HPOS="1165"
                          CONTENT="respectu"/>
                  <SP HEIGHT="38" WIDTH="12" VPOS="343" HPOS="1305"/>
                  <String HEIGHT="38"
                          WIDTH="141"
                          VPOS="343"
                          HPOS="1270"
                          CONTENT="alicuius"/>
                  <SP HEIGHT="38" WIDTH="12" VPOS="343" HPOS="1411"/>
                  <String HEIGHT="38"
                          WIDTH="129"
                          VPOS="343"
                          HPOS="1376"
                          CONTENT="obiecti"/>
                  <SP HEIGHT="38" WIDTH="12" VPOS="343" HPOS="1505"/>
                  <String HEIGHT="38"
                          WIDTH="117"
                          VPOS="343"
                          HPOS="1458"
                          CONTENT="delecta"
                          SUBS_TYPE="HypPart1"
                          SUBS_CONTENT="delectabilis"/>
                  <HYP CONTENT="-"/>
               </TextLine>
               <TextLine ID="r2l11"
                         BASELINE="407"
                         HEIGHT="34"
                         WIDTH="594"
                         VPOS="373"
                         HPOS="984">
                  <String HEIGHT="34"
                          WIDTH="91"
                          VPOS="373"
                          HPOS="974"
                          CONTENT="bilis"
                          SUBS_TYPE="HypPart2"
                          SUBS_CONTENT="delectabilis"/>
                  <SP HEIGHT="34" WIDTH="10" VPOS="373" HPOS="1065"/>
                  <String HEIGHT="34" WIDTH="70" VPOS="373" HPOS="1034" CONTENT="cum"/>
                  <SP HEIGHT="34" WIDTH="10" VPOS="373" HPOS="1105"/>
                  <String HEIGHT="34"
                          WIDTH="81"
                          VPOS="373"
                          HPOS="1075"
                          CONTENT="tunc"/>
                  <SP HEIGHT="34" WIDTH="10" VPOS="373" HPOS="1155"/>
                  <String HEIGHT="34"
                          WIDTH="81"
                          VPOS="373"
                          HPOS="1125"
                          CONTENT="illa"/>
                  <SP HEIGHT="34" WIDTH="10" VPOS="373" HPOS="1205"/>
                  <String HEIGHT="34"
                          WIDTH="111"
                          VPOS="373"
                          HPOS="1175"
                          CONTENT="noticia"/>
                  <SP HEIGHT="34" WIDTH="10" VPOS="373" HPOS="1286"/>
                  <String HEIGHT="34" WIDTH="70" VPOS="373" HPOS="1256" CONTENT="sit"/>
                  <SP HEIGHT="34" WIDTH="10" VPOS="373" HPOS="1326"/>
                  <String HEIGHT="34"
                          WIDTH="91"
                          VPOS="373"
                          HPOS="1296"
                          CONTENT="verum"/>
                  <SP HEIGHT="34" WIDTH="10" VPOS="373" HPOS="1387"/>
                  <String HEIGHT="34"
                          WIDTH="81"
                          VPOS="373"
                          HPOS="1357"
                          CONTENT="quia"/>
                  <SP HEIGHT="34" WIDTH="10" VPOS="373" HPOS="1437"/>
                  <String HEIGHT="34" WIDTH="70" VPOS="373" HPOS="1407" CONTENT="est"/>
                  <SP HEIGHT="34" WIDTH="10" VPOS="373" HPOS="1477"/>
                  <String HEIGHT="34"
                          WIDTH="121"
                          VPOS="373"
                          HPOS="1447"
                          CONTENT="cognitio"/>
                  <SP HEIGHT="34" WIDTH="10" VPOS="373" HPOS="1568"/>
                  <String HEIGHT="34" WIDTH="50" VPOS="373" HPOS="1528" CONTENT="ali"/>
               </TextLine>
               <TextLine ID="r2l13"
                         BASELINE="438"
                         HEIGHT="39"
                         WIDTH="590"
                         VPOS="399"
                         HPOS="985">
                  <String HEIGHT="39"
                          WIDTH="97"
                          VPOS="399"
                          HPOS="974"
                          CONTENT="cuius"/>
                  <SP HEIGHT="39" WIDTH="11" VPOS="399" HPOS="1071"/>
                  <String HEIGHT="39"
                          WIDTH="129"
                          VPOS="399"
                          HPOS="1039"
                          CONTENT="respectu"/>
                  <SP HEIGHT="39" WIDTH="11" VPOS="399" HPOS="1167"/>
                  <String HEIGHT="39"
                          WIDTH="139"
                          VPOS="399"
                          HPOS="1135"
                          CONTENT="placentis"/>
                  <SP HEIGHT="39" WIDTH="11" VPOS="399" HPOS="1275"/>
                  <String HEIGHT="39"
                          WIDTH="107"
                          VPOS="399"
                          HPOS="1242"
                          CONTENT="igitur"/>
                  <SP HEIGHT="39" WIDTH="11" VPOS="399" HPOS="1350"/>
                  <String HEIGHT="39" WIDTH="75" VPOS="399" HPOS="1318" CONTENT="est"/>
                  <SP HEIGHT="39" WIDTH="11" VPOS="399" HPOS="1393"/>
                  <String HEIGHT="39"
                          WIDTH="107"
                          VPOS="399"
                          HPOS="1360"
                          CONTENT="verbum"/>
                  <SP HEIGHT="39" WIDTH="11" VPOS="399" HPOS="1468"/>
                  <String HEIGHT="39" WIDTH="75" VPOS="399" HPOS="1436" CONTENT="per"/>
                  <SP HEIGHT="39" WIDTH="11" VPOS="399" HPOS="1511"/>
                  <String HEIGHT="39"
                          WIDTH="107"
                          VPOS="399"
                          HPOS="1468"
                          CONTENT="diffini"
                          SUBS_TYPE="HypPart1"
                          SUBS_CONTENT="diffinitionem"/>
                  <HYP CONTENT="-"/>
               </TextLine>
               <TextLine ID="r2l15"
                         BASELINE="461"
                         HEIGHT="34"
                         WIDTH="596"
                         VPOS="427"
                         HPOS="982">
                  <String HEIGHT="34"
                          WIDTH="115"
                          VPOS="427"
                          HPOS="971"
                          CONTENT="tionem"
                          SUBS_TYPE="HypPart2"
                          SUBS_CONTENT="diffinitionem"/>
                  <SP HEIGHT="34" WIDTH="11" VPOS="427" HPOS="1085"/>
                  <String HEIGHT="34"
                          WIDTH="115"
                          VPOS="427"
                          HPOS="1051"
                          CONTENT="verbi."/>
                  <SP HEIGHT="34" WIDTH="11" VPOS="427" HPOS="1165"/>
                  <String HEIGHT="34" WIDTH="57" VPOS="427" HPOS="1131" CONTENT="⁋"/>
                  <SP HEIGHT="34" WIDTH="11" VPOS="427" HPOS="1188"/>
                  <String HEIGHT="34" WIDTH="69" VPOS="427" HPOS="1154" CONTENT="Ex"/>
                  <SP HEIGHT="34" WIDTH="11" VPOS="427" HPOS="1223"/>
                  <String HEIGHT="34" WIDTH="80" VPOS="427" HPOS="1188" CONTENT="quo"/>
                  <SP HEIGHT="34" WIDTH="11" VPOS="427" HPOS="1269"/>
                  <String HEIGHT="34"
                          WIDTH="138"
                          VPOS="427"
                          HPOS="1234"
                          CONTENT="sequitur"/>
                  <SP HEIGHT="34" WIDTH="11" VPOS="427" HPOS="1372"/>
                  <String HEIGHT="34"
                          WIDTH="92"
                          VPOS="427"
                          HPOS="1337"
                          CONTENT="quod"/>
                  <SP HEIGHT="34" WIDTH="11" VPOS="427" HPOS="1429"/>
                  <String HEIGHT="34"
                          WIDTH="115"
                          VPOS="427"
                          HPOS="1395"
                          CONTENT="primus"/>
                  <SP HEIGHT="34" WIDTH="11" VPOS="427" HPOS="1509"/>
                  <String HEIGHT="34"
                          WIDTH="92"
                          VPOS="427"
                          HPOS="1475"
                          CONTENT="amor"/>
                  <SP HEIGHT="34" WIDTH="11" VPOS="427" HPOS="1567"/>
                  <String HEIGHT="34" WIDTH="57" VPOS="427" HPOS="1521" CONTENT="men"/>
               </TextLine>
               <TextLine ID="r2l17"
                         BASELINE="494"
                         HEIGHT="38"
                         WIDTH="595"
                         VPOS="456"
                         HPOS="984">
                  <String HEIGHT="38" WIDTH="77" VPOS="456" HPOS="973" CONTENT="tis"/>
                  <SP HEIGHT="38" WIDTH="11" VPOS="456" HPOS="1050"/>
                  <String HEIGHT="38" WIDTH="66" VPOS="456" HPOS="1017" CONTENT="in"/>
                  <SP HEIGHT="38" WIDTH="11" VPOS="456" HPOS="1083"/>
                  <String HEIGHT="38"
                          WIDTH="88"
                          VPOS="456"
                          HPOS="1050"
                          CONTENT="illo"/>
                  <SP HEIGHT="38" WIDTH="11" VPOS="456" HPOS="1138"/>
                  <String HEIGHT="38"
                          WIDTH="88"
                          VPOS="456"
                          HPOS="1105"
                          CONTENT="casu"/>
                  <SP HEIGHT="38" WIDTH="11" VPOS="456" HPOS="1193"/>
                  <String HEIGHT="38"
                          WIDTH="132"
                          VPOS="456"
                          HPOS="1160"
                          CONTENT="procedit"/>
                  <SP HEIGHT="38" WIDTH="11" VPOS="456" HPOS="1293"/>
                  <String HEIGHT="38" WIDTH="55" VPOS="456" HPOS="1259" CONTENT="a"/>
                  <SP HEIGHT="38" WIDTH="11" VPOS="456" HPOS="1315"/>
                  <String HEIGHT="38"
                          WIDTH="99"
                          VPOS="456"
                          HPOS="1282"
                          CONTENT="verbo"/>
                  <SP HEIGHT="38" WIDTH="11" VPOS="456" HPOS="1381"/>
                  <String HEIGHT="38"
                          WIDTH="88"
                          VPOS="456"
                          HPOS="1348"
                          CONTENT="cons"/>
                  <SP HEIGHT="38" WIDTH="11" VPOS="456" HPOS="1436"/>
                  <String HEIGHT="38" WIDTH="77" VPOS="456" HPOS="1403" CONTENT="est"/>
                  <SP HEIGHT="38" WIDTH="11" VPOS="456" HPOS="1480"/>
                  <String HEIGHT="38"
                          WIDTH="110"
                          VPOS="456"
                          HPOS="1447"
                          CONTENT="falsum"/>
                  <SP HEIGHT="38" WIDTH="11" VPOS="456" HPOS="1557"/>
                  <String HEIGHT="38"
                          WIDTH="66"
                          VPOS="456"
                          HPOS="1513"
                          CONTENT="quia"/>
               </TextLine>
               <TextLine ID="r2l19"
                         BASELINE="517"
                         HEIGHT="35"
                         WIDTH="592"
                         VPOS="482"
                         HPOS="980">
                  <String HEIGHT="35" WIDTH="72" VPOS="482" HPOS="971" CONTENT="tunc"/>
                  <SP HEIGHT="35" WIDTH="9" VPOS="482" HPOS="1043"/>
                  <String HEIGHT="35"
                          WIDTH="72"
                          VPOS="482"
                          HPOS="1016"
                          CONTENT="idem"/>
                  <SP HEIGHT="35" WIDTH="9" VPOS="482" HPOS="1088"/>
                  <String HEIGHT="35"
                          WIDTH="81"
                          VPOS="482"
                          HPOS="1061"
                          CONTENT="esset"/>
                  <SP HEIGHT="35" WIDTH="9" VPOS="482" HPOS="1141"/>
                  <String HEIGHT="35"
                          WIDTH="81"
                          VPOS="482"
                          HPOS="1115"
                          CONTENT="causa"/>
                  <SP HEIGHT="35" WIDTH="9" VPOS="482" HPOS="1195"/>
                  <String HEIGHT="35" WIDTH="54" VPOS="482" HPOS="1168" CONTENT="et"/>
                  <SP HEIGHT="35" WIDTH="9" VPOS="482" HPOS="1222"/>
                  <String HEIGHT="35"
                          WIDTH="108"
                          VPOS="482"
                          HPOS="1195"
                          CONTENT="effectus"/>
                  <SP HEIGHT="35" WIDTH="9" VPOS="482" HPOS="1303"/>
                  <String HEIGHT="35"
                          WIDTH="108"
                          VPOS="482"
                          HPOS="1276"
                          CONTENT="respectu"/>
                  <SP HEIGHT="35" WIDTH="9" VPOS="482" HPOS="1384"/>
                  <String HEIGHT="35"
                          WIDTH="99"
                          VPOS="482"
                          HPOS="1357"
                          CONTENT="eiusdem"/>
                  <SP HEIGHT="35" WIDTH="9" VPOS="482" HPOS="1455"/>
                  <String HEIGHT="35"
                          WIDTH="72"
                          VPOS="482"
                          HPOS="1428"
                          CONTENT="quia"/>
                  <SP HEIGHT="35" WIDTH="9" VPOS="482" HPOS="1500"/>
                  <String HEIGHT="35"
                          WIDTH="81"
                          VPOS="482"
                          HPOS="1473"
                          CONTENT="omnem"/>
                  <SP HEIGHT="35" WIDTH="9" VPOS="482" HPOS="1554"/>
                  <String HEIGHT="35"
                          WIDTH="54"
                          VPOS="482"
                          HPOS="1518"
                          CONTENT="ver"
                          SUBS_TYPE="HypPart1"
                          SUBS_CONTENT="verbum"/>
                  <HYP CONTENT="-"/>
               </TextLine>
               <TextLine ID="r2l21"
                         BASELINE="554"
                         HEIGHT="45"
                         WIDTH="586"
                         VPOS="509"
                         HPOS="982">
                  <String HEIGHT="45"
                          WIDTH="91"
                          VPOS="509"
                          HPOS="969"
                          CONTENT="bum"
                          SUBS_TYPE="HypPart2"
                          SUBS_CONTENT="verbum"/>
                  <SP HEIGHT="45" WIDTH="13" VPOS="509" HPOS="1060"/>
                  <String HEIGHT="45"
                          WIDTH="156"
                          VPOS="509"
                          HPOS="1021"
                          CONTENT="procedit"/>
                  <SP HEIGHT="45" WIDTH="13" VPOS="509" HPOS="1177"/>
                  <String HEIGHT="45" WIDTH="78" VPOS="509" HPOS="1138" CONTENT="ab"/>
                  <SP HEIGHT="45" WIDTH="13" VPOS="509" HPOS="1216"/>
                  <String HEIGHT="45"
                          WIDTH="117"
                          VPOS="509"
                          HPOS="1177"
                          CONTENT="amore"/>
                  <SP HEIGHT="45" WIDTH="13" VPOS="509" HPOS="1295"/>
                  <String HEIGHT="45"
                          WIDTH="156"
                          VPOS="509"
                          HPOS="1255"
                          CONTENT="secundum"/>
                  <SP HEIGHT="45" WIDTH="13" VPOS="509" HPOS="1412"/>
                  <String HEIGHT="45"
                          WIDTH="182"
                          VPOS="509"
                          HPOS="1373"
                          CONTENT="augustinum"/>
                  <SP HEIGHT="45" WIDTH="13" VPOS="509" HPOS="1555"/>
                  <String HEIGHT="45" WIDTH="78" VPOS="509" HPOS="1516" CONTENT="6."/>
                  <SP HEIGHT="45" WIDTH="13" VPOS="509" HPOS="1594"/>
                  <String HEIGHT="45" WIDTH="26" VPOS="509" HPOS="1542" CONTENT=""/>
               </TextLine>
               <TextLine ID="r2l23"
                         BASELINE="582"
                         HEIGHT="43"
                         WIDTH="591"
                         VPOS="539"
                         HPOS="987">
                  <String HEIGHT="43" WIDTH="68" VPOS="539" HPOS="976" CONTENT="pe"/>
                  <SP HEIGHT="43" WIDTH="11" VPOS="539" HPOS="1044"/>
                  <String HEIGHT="43"
                          WIDTH="91"
                          VPOS="539"
                          HPOS="1010"
                          CONTENT="tri."/>
                  <SP HEIGHT="43" WIDTH="11" VPOS="539" HPOS="1101"/>
                  <String HEIGHT="43" WIDTH="80" VPOS="539" HPOS="1067" CONTENT="ca."/>
                  <SP HEIGHT="43" WIDTH="11" VPOS="539" HPOS="1146"/>
                  <String HEIGHT="43" WIDTH="68" VPOS="539" HPOS="1112" CONTENT="24"/>
                  <SP HEIGHT="43" WIDTH="11" VPOS="539" HPOS="1180"/>
                  <String HEIGHT="43" WIDTH="80" VPOS="539" HPOS="1146" CONTENT="et."/>
                  <SP HEIGHT="43" WIDTH="11" VPOS="539" HPOS="1226"/>
                  <String HEIGHT="43" WIDTH="80" VPOS="539" HPOS="1192" CONTENT="12."/>
                  <SP HEIGHT="43" WIDTH="11" VPOS="539" HPOS="1271"/>
                  <String HEIGHT="43" WIDTH="57" VPOS="539" HPOS="1237" CONTENT="⁋"/>
                  <SP HEIGHT="43" WIDTH="11" VPOS="539" HPOS="1294"/>
                  <String HEIGHT="43"
                          WIDTH="136"
                          VPOS="539"
                          HPOS="1260"
                          CONTENT="Probatur"/>
                  <SP HEIGHT="43" WIDTH="11" VPOS="539" HPOS="1396"/>
                  <String HEIGHT="43"
                          WIDTH="102"
                          VPOS="539"
                          HPOS="1362"
                          CONTENT="prima"/>
                  <SP HEIGHT="43" WIDTH="11" VPOS="539" HPOS="1464"/>
                  <String HEIGHT="43"
                          WIDTH="125"
                          VPOS="539"
                          HPOS="1430"
                          CONTENT="noticia"/>
                  <SP HEIGHT="43" WIDTH="11" VPOS="539" HPOS="1555"/>
                  <String HEIGHT="43"
                          WIDTH="68"
                          VPOS="539"
                          HPOS="1510"
                          CONTENT="pro"
                          SUBS_TYPE="HypPart1"
                          SUBS_CONTENT="procedit"/>
                  <HYP CONTENT="-"/>
               </TextLine>
               <TextLine ID="r2l25"
                         BASELINE="606"
                         HEIGHT="40"
                         WIDTH="589"
                         VPOS="566"
                         HPOS="982">
                  <String HEIGHT="40"
                          WIDTH="110"
                          VPOS="566"
                          HPOS="970"
                          CONTENT="cedit"
                          SUBS_TYPE="HypPart2"
                          SUBS_CONTENT="procedit"/>
                  <SP HEIGHT="40" WIDTH="12" VPOS="566" HPOS="1080"/>
                  <String HEIGHT="40" WIDTH="74" VPOS="566" HPOS="1043" CONTENT="ab"/>
                  <SP HEIGHT="40" WIDTH="12" VPOS="566" HPOS="1117"/>
                  <String HEIGHT="40"
                          WIDTH="110"
                          VPOS="566"
                          HPOS="1080"
                          CONTENT="amore"/>
                  <SP HEIGHT="40" WIDTH="12" VPOS="566" HPOS="1191"/>
                  <String HEIGHT="40"
                          WIDTH="123"
                          VPOS="566"
                          HPOS="1154"
                          CONTENT="igitur"/>
                  <SP HEIGHT="40" WIDTH="12" VPOS="566" HPOS="1277"/>
                  <String HEIGHT="40"
                          WIDTH="123"
                          VPOS="566"
                          HPOS="1240"
                          CONTENT="primus"/>
                  <SP HEIGHT="40" WIDTH="12" VPOS="566" HPOS="1362"/>
                  <String HEIGHT="40"
                          WIDTH="98"
                          VPOS="566"
                          HPOS="1326"
                          CONTENT="amor"/>
                  <SP HEIGHT="40" WIDTH="12" VPOS="566" HPOS="1424"/>
                  <String HEIGHT="40" WIDTH="86" VPOS="566" HPOS="1387" CONTENT="non"/>
                  <SP HEIGHT="40" WIDTH="12" VPOS="566" HPOS="1473"/>
                  <String HEIGHT="40"
                          WIDTH="147"
                          VPOS="566"
                          HPOS="1436"
                          CONTENT="procedit"/>
                  <SP HEIGHT="40" WIDTH="12" VPOS="566" HPOS="1583"/>
                  <String HEIGHT="40" WIDTH="37" VPOS="566" HPOS="1534" CONTENT="a"/>
               </TextLine>
               <TextLine ID="r2l27"
                         BASELINE="633"
                         HEIGHT="38"
                         WIDTH="599"
                         VPOS="595"
                         HPOS="976">
                  <String HEIGHT="38"
                          WIDTH="112"
                          VPOS="595"
                          HPOS="966"
                          CONTENT="noticia"/>
                  <SP HEIGHT="38" WIDTH="10" VPOS="595" HPOS="1078"/>
                  <String HEIGHT="38"
                          WIDTH="132"
                          VPOS="595"
                          HPOS="1047"
                          CONTENT="Assumptum"/>
                  <SP HEIGHT="38" WIDTH="10" VPOS="595" HPOS="1179"/>
                  <String HEIGHT="38"
                          WIDTH="122"
                          VPOS="595"
                          HPOS="1149"
                          CONTENT="probatur"/>
                  <SP HEIGHT="38" WIDTH="10" VPOS="595" HPOS="1270"/>
                  <String HEIGHT="38"
                          WIDTH="81"
                          VPOS="595"
                          HPOS="1240"
                          CONTENT="quia"/>
                  <SP HEIGHT="38" WIDTH="10" VPOS="595" HPOS="1321"/>
                  <String HEIGHT="38"
                          WIDTH="91"
                          VPOS="595"
                          HPOS="1291"
                          CONTENT="prima"/>
                  <SP HEIGHT="38" WIDTH="10" VPOS="595" HPOS="1382"/>
                  <String HEIGHT="38"
                          WIDTH="112"
                          VPOS="595"
                          HPOS="1352"
                          CONTENT="noticia"/>
                  <SP HEIGHT="38" WIDTH="10" VPOS="595" HPOS="1463"/>
                  <String HEIGHT="38"
                          WIDTH="132"
                          VPOS="595"
                          HPOS="1433"
                          CONTENT="sensitiua"/>
                  <SP HEIGHT="38" WIDTH="10" VPOS="595" HPOS="1565"/>
                  <String HEIGHT="38" WIDTH="51" VPOS="595" HPOS="1524" CONTENT="fit"/>
               </TextLine>
               <TextLine ID="r2l29"
                         BASELINE="663"
                         HEIGHT="36"
                         WIDTH="600"
                         VPOS="627"
                         HPOS="980">
                  <String HEIGHT="36" WIDTH="59" VPOS="627" HPOS="968" CONTENT="a"/>
                  <SP HEIGHT="36" WIDTH="12" VPOS="627" HPOS="1027"/>
                  <String HEIGHT="36"
                          WIDTH="153"
                          VPOS="627"
                          HPOS="992"
                          CONTENT="voluntate"/>
                  <SP HEIGHT="36" WIDTH="12" VPOS="627" HPOS="1145"/>
                  <String HEIGHT="36"
                          WIDTH="153"
                          VPOS="627"
                          HPOS="1109"
                          CONTENT="copulante"/>
                  <SP HEIGHT="36" WIDTH="12" VPOS="627" HPOS="1262"/>
                  <String HEIGHT="36"
                          WIDTH="118"
                          VPOS="627"
                          HPOS="1227"
                          CONTENT="sensum"/>
                  <SP HEIGHT="36" WIDTH="12" VPOS="627" HPOS="1345"/>
                  <String HEIGHT="36" WIDTH="82" VPOS="627" HPOS="1309" CONTENT="cum"/>
                  <SP HEIGHT="36" WIDTH="12" VPOS="627" HPOS="1392"/>
                  <String HEIGHT="36"
                          WIDTH="153"
                          VPOS="627"
                          HPOS="1356"
                          CONTENT="sensibili"/>
                  <SP HEIGHT="36" WIDTH="12" VPOS="627" HPOS="1509"/>
                  <String HEIGHT="36"
                          WIDTH="118"
                          VPOS="627"
                          HPOS="1462"
                          CONTENT="secundum"/>
               </TextLine>
               <TextLine ID="r2l31"
                         BASELINE="689"
                         HEIGHT="37"
                         WIDTH="598"
                         VPOS="652"
                         HPOS="974">
                  <String HEIGHT="37"
                          WIDTH="137"
                          VPOS="652"
                          HPOS="964"
                          CONTENT="augustinus"/>
                  <SP HEIGHT="37" WIDTH="10" VPOS="652" HPOS="1101"/>
                  <String HEIGHT="37"
                          WIDTH="78"
                          VPOS="652"
                          HPOS="1072"
                          CONTENT="sii."/>
                  <SP HEIGHT="37" WIDTH="10" VPOS="652" HPOS="1150"/>
                  <String HEIGHT="37" WIDTH="59" VPOS="652" HPOS="1121" CONTENT="de"/>
                  <SP HEIGHT="37" WIDTH="10" VPOS="652" HPOS="1180"/>
                  <String HEIGHT="37"
                          WIDTH="78"
                          VPOS="652"
                          HPOS="1150"
                          CONTENT="tri."/>
                  <SP HEIGHT="37" WIDTH="10" VPOS="652" HPOS="1229"/>
                  <String HEIGHT="37" WIDTH="69" VPOS="652" HPOS="1199" CONTENT="ca."/>
                  <SP HEIGHT="37" WIDTH="10" VPOS="652" HPOS="1268"/>
                  <String HEIGHT="37" WIDTH="49" VPOS="652" HPOS="1239" CONTENT="2"/>
                  <SP HEIGHT="37" WIDTH="10" VPOS="652" HPOS="1288"/>
                  <String HEIGHT="37" WIDTH="49" VPOS="652" HPOS="1258" CONTENT="4"/>
                  <SP HEIGHT="37" WIDTH="10" VPOS="652" HPOS="1307"/>
                  <String HEIGHT="37" WIDTH="49" VPOS="652" HPOS="1278" CONTENT="7"/>
                  <SP HEIGHT="37" WIDTH="10" VPOS="652" HPOS="1327"/>
                  <String HEIGHT="37" WIDTH="49" VPOS="652" HPOS="1298" CONTENT="d"/>
                  <SP HEIGHT="37" WIDTH="10" VPOS="652" HPOS="1347"/>
                  <String HEIGHT="37" WIDTH="49" VPOS="652" HPOS="1317" CONTENT="2"/>
                  <SP HEIGHT="37" WIDTH="10" VPOS="652" HPOS="1366"/>
                  <String HEIGHT="37" WIDTH="49" VPOS="652" HPOS="1337" CONTENT="2"/>
                  <SP HEIGHT="37" WIDTH="10" VPOS="652" HPOS="1386"/>
                  <String HEIGHT="37" WIDTH="59" VPOS="652" HPOS="1356" CONTENT="et"/>
                  <SP HEIGHT="37" WIDTH="10" VPOS="652" HPOS="1415"/>
                  <String HEIGHT="37"
                          WIDTH="88"
                          VPOS="652"
                          HPOS="1386"
                          CONTENT="quasi"/>
                  <SP HEIGHT="37" WIDTH="10" VPOS="652" HPOS="1474"/>
                  <String HEIGHT="37" WIDTH="69" VPOS="652" HPOS="1445" CONTENT="per"/>
                  <SP HEIGHT="37" WIDTH="10" VPOS="652" HPOS="1513"/>
                  <String HEIGHT="37"
                          WIDTH="98"
                          VPOS="652"
                          HPOS="1474"
                          CONTENT="totumli"
                          SUBS_TYPE="HypPart1"
                          SUBS_CONTENT="totumlibru"/>
                  <HYP CONTENT="-"/>
               </TextLine>
               <TextLine ID="r2l33"
                         BASELINE="720"
                         HEIGHT="41"
                         WIDTH="600"
                         VPOS="679"
                         HPOS="978">
                  <String HEIGHT="41"
                          WIDTH="81"
                          VPOS="679"
                          HPOS="966"
                          CONTENT="bru"
                          SUBS_TYPE="HypPart2"
                          SUBS_CONTENT="totumlibru"/>
                  <SP HEIGHT="41" WIDTH="12" VPOS="679" HPOS="1047"/>
                  <String HEIGHT="41" WIDTH="81" VPOS="679" HPOS="1013" CONTENT="sed"/>
                  <SP HEIGHT="41" WIDTH="12" VPOS="679" HPOS="1093"/>
                  <String HEIGHT="41"
                          WIDTH="138"
                          VPOS="679"
                          HPOS="1059"
                          CONTENT="voluntas"/>
                  <SP HEIGHT="41" WIDTH="12" VPOS="679" HPOS="1197"/>
                  <String HEIGHT="41" WIDTH="81" VPOS="679" HPOS="1163" CONTENT="non"/>
                  <SP HEIGHT="41" WIDTH="12" VPOS="679" HPOS="1243"/>
                  <String HEIGHT="41"
                          WIDTH="127"
                          VPOS="679"
                          HPOS="1209"
                          CONTENT="copulat"/>
                  <SP HEIGHT="41" WIDTH="12" VPOS="679" HPOS="1336"/>
                  <String HEIGHT="41"
                          WIDTH="92"
                          VPOS="679"
                          HPOS="1301"
                          CONTENT="nisi"/>
                  <SP HEIGHT="41" WIDTH="12" VPOS="679" HPOS="1393"/>
                  <String HEIGHT="41" WIDTH="81" VPOS="679" HPOS="1359" CONTENT="per"/>
                  <SP HEIGHT="41" WIDTH="12" VPOS="679" HPOS="1440"/>
                  <String HEIGHT="41"
                          WIDTH="115"
                          VPOS="679"
                          HPOS="1405"
                          CONTENT="amonem"/>
                  <SP HEIGHT="41" WIDTH="12" VPOS="679" HPOS="1520"/>
                  <String HEIGHT="41" WIDTH="81" VPOS="679" HPOS="1486" CONTENT="cum"/>
                  <SP HEIGHT="41" WIDTH="12" VPOS="679" HPOS="1566"/>
                  <String HEIGHT="41" WIDTH="58" VPOS="679" HPOS="1520" CONTENT="non"/>
               </TextLine>
               <TextLine ID="r2l35"
                         BASELINE="744"
                         HEIGHT="37"
                         WIDTH="593"
                         VPOS="707"
                         HPOS="982">
                  <String HEIGHT="37"
                          WIDTH="99"
                          VPOS="707"
                          HPOS="972"
                          CONTENT="habeat"/>
                  <SP HEIGHT="37" WIDTH="10" VPOS="707" HPOS="1071"/>
                  <String HEIGHT="37"
                          WIDTH="89"
                          VPOS="707"
                          HPOS="1041"
                          CONTENT="alium"/>
                  <SP HEIGHT="37" WIDTH="10" VPOS="707" HPOS="1130"/>
                  <String HEIGHT="37"
                          WIDTH="89"
                          VPOS="707"
                          HPOS="1101"
                          CONTENT="actum"/>
                  <SP HEIGHT="37" WIDTH="10" VPOS="707" HPOS="1190"/>
                  <String HEIGHT="37" WIDTH="69" VPOS="707" HPOS="1160" CONTENT="quo"/>
                  <SP HEIGHT="37" WIDTH="10" VPOS="707" HPOS="1229"/>
                  <String HEIGHT="37" WIDTH="69" VPOS="707" HPOS="1199" CONTENT="sic"/>
                  <SP HEIGHT="37" WIDTH="10" VPOS="707" HPOS="1269"/>
                  <String HEIGHT="37"
                          WIDTH="109"
                          VPOS="707"
                          HPOS="1239"
                          CONTENT="copulet"/>
                  <SP HEIGHT="37" WIDTH="10" VPOS="707" HPOS="1348"/>
                  <String HEIGHT="37"
                          WIDTH="99"
                          VPOS="707"
                          HPOS="1318"
                          CONTENT="igitur"/>
                  <SP HEIGHT="37" WIDTH="10" VPOS="707" HPOS="1417"/>
                  <String HEIGHT="37"
                          WIDTH="128"
                          VPOS="707"
                          HPOS="1387"
                          CONTENT="quaelibet"/>
                  <SP HEIGHT="37" WIDTH="10" VPOS="707" HPOS="1516"/>
                  <String HEIGHT="37"
                          WIDTH="99"
                          VPOS="707"
                          HPOS="1476"
                          CONTENT="cognitio"/>
               </TextLine>
               <TextLine ID="r2l37"
                         BASELINE="779"
                         HEIGHT="36"
                         WIDTH="594"
                         VPOS="743"
                         HPOS="982">
                  <String HEIGHT="36"
                          WIDTH="146"
                          VPOS="743"
                          HPOS="971"
                          CONTENT="iensitiua"/>
                  <SP HEIGHT="36" WIDTH="11" VPOS="743" HPOS="1116"/>
                  <String HEIGHT="36"
                          WIDTH="134"
                          VPOS="743"
                          HPOS="1083"
                          CONTENT="procedit"/>
                  <SP HEIGHT="36" WIDTH="11" VPOS="743" HPOS="1217"/>
                  <String HEIGHT="36" WIDTH="67" VPOS="743" HPOS="1184" CONTENT="ab"/>
                  <SP HEIGHT="36" WIDTH="11" VPOS="743" HPOS="1251"/>
                  <String HEIGHT="36"
                          WIDTH="112"
                          VPOS="743"
                          HPOS="1217"
                          CONTENT="amore."/>
                  <SP HEIGHT="36" WIDTH="11" VPOS="743" HPOS="1329"/>
                  <String HEIGHT="36" WIDTH="56" VPOS="743" HPOS="1296" CONTENT="⁋"/>
                  <SP HEIGHT="36" WIDTH="11" VPOS="743" HPOS="1352"/>
                  <String HEIGHT="36"
                          WIDTH="134"
                          VPOS="743"
                          HPOS="1318"
                          CONTENT="Probatur"/>
                  <SP HEIGHT="36" WIDTH="11" VPOS="743" HPOS="1453"/>
                  <String HEIGHT="36"
                          WIDTH="146"
                          VPOS="743"
                          HPOS="1419"
                          CONTENT="appetitus"/>
                  <SP HEIGHT="36" WIDTH="11" VPOS="743" HPOS="1565"/>
                  <String HEIGHT="36" WIDTH="56" VPOS="743" HPOS="1520" CONTENT="sen"/>
               </TextLine>
               <TextLine ID="r2l39"
                         BASELINE="809"
                         HEIGHT="46"
                         WIDTH="580"
                         VPOS="763"
                         HPOS="985">
                  <String HEIGHT="46"
                          WIDTH="114"
                          VPOS="763"
                          HPOS="975"
                          CONTENT="sitiuus"/>
                  <SP HEIGHT="46" WIDTH="10" VPOS="763" HPOS="1089"/>
                  <String HEIGHT="46"
                          WIDTH="104"
                          VPOS="763"
                          HPOS="1058"
                          CONTENT="potest"/>
                  <SP HEIGHT="46" WIDTH="10" VPOS="763" HPOS="1161"/>
                  <String HEIGHT="46"
                          WIDTH="83"
                          VPOS="763"
                          HPOS="1130"
                          CONTENT="esse"/>
                  <SP HEIGHT="46" WIDTH="10" VPOS="763" HPOS="1213"/>
                  <String HEIGHT="46"
                          WIDTH="83"
                          VPOS="763"
                          HPOS="1182"
                          CONTENT="sine"/>
                  <SP HEIGHT="46" WIDTH="10" VPOS="763" HPOS="1265"/>
                  <String HEIGHT="46"
                          WIDTH="145"
                          VPOS="763"
                          HPOS="1234"
                          CONTENT="cognitione"/>
                  <SP HEIGHT="46" WIDTH="10" VPOS="763" HPOS="1379"/>
                  <String HEIGHT="46"
                          WIDTH="104"
                          VPOS="763"
                          HPOS="1348"
                          CONTENT="igitur"/>
                  <SP HEIGHT="46" WIDTH="10" VPOS="763" HPOS="1451"/>
                  <String HEIGHT="46"
                          WIDTH="155"
                          VPOS="763"
                          HPOS="1410"
                          CONTENT="intellectiuus"/>
               </TextLine>
               <TextLine ID="r2l41"
                         BASELINE="837"
                         HEIGHT="45"
                         WIDTH="589"
                         VPOS="792"
                         HPOS="984">
                  <String HEIGHT="45"
                          WIDTH="166"
                          VPOS="792"
                          HPOS="971"
                          CONTENT="Assumptum"/>
                  <SP HEIGHT="45" WIDTH="13" VPOS="792" HPOS="1138"/>
                  <String HEIGHT="45"
                          WIDTH="154"
                          VPOS="792"
                          HPOS="1099"
                          CONTENT="probatur"/>
                  <SP HEIGHT="45" WIDTH="13" VPOS="792" HPOS="1253"/>
                  <String HEIGHT="45"
                          WIDTH="102"
                          VPOS="792"
                          HPOS="1214"
                          CONTENT="quia"/>
                  <SP HEIGHT="45" WIDTH="13" VPOS="792" HPOS="1317"/>
                  <String HEIGHT="45"
                          WIDTH="192"
                          VPOS="792"
                          HPOS="1279"
                          CONTENT="naturaliter"/>
                  <SP HEIGHT="45" WIDTH="13" VPOS="792" HPOS="1471"/>
                  <String HEIGHT="45"
                          WIDTH="102"
                          VPOS="792"
                          HPOS="1432"
                          CONTENT="quis"/>
                  <SP HEIGHT="45" WIDTH="13" VPOS="792" HPOS="1535"/>
                  <String HEIGHT="45"
                          WIDTH="90"
                          VPOS="792"
                          HPOS="1483"
                          CONTENT="habe"
                          SUBS_TYPE="HypPart1"
                          SUBS_CONTENT="haberet"/>
                  <HYP CONTENT="-"/>
               </TextLine>
               <TextLine ID="r2l43"
                         BASELINE="866"
                         HEIGHT="42"
                         WIDTH="595"
                         VPOS="824"
                         HPOS="982">
                  <String HEIGHT="42"
                          WIDTH="74"
                          VPOS="824"
                          HPOS="971"
                          CONTENT="ret"
                          SUBS_TYPE="HypPart2"
                          SUBS_CONTENT="haberet"/>
                  <SP HEIGHT="42" WIDTH="11" VPOS="824" HPOS="1046"/>
                  <String HEIGHT="42"
                          WIDTH="96"
                          VPOS="824"
                          HPOS="1014"
                          CONTENT="tamen"/>
                  <SP HEIGHT="42" WIDTH="11" VPOS="824" HPOS="1110"/>
                  <String HEIGHT="42" WIDTH="64" VPOS="824" HPOS="1078" CONTENT="et"/>
                  <SP HEIGHT="42" WIDTH="11" VPOS="824" HPOS="1141"/>
                  <String HEIGHT="42"
                          WIDTH="96"
                          VPOS="824"
                          HPOS="1110"
                          CONTENT="sitim"/>
                  <SP HEIGHT="42" WIDTH="11" VPOS="824" HPOS="1205"/>
                  <String HEIGHT="42"
                          WIDTH="96"
                          VPOS="824"
                          HPOS="1173"
                          CONTENT="etiam"/>
                  <SP HEIGHT="42" WIDTH="11" VPOS="824" HPOS="1269"/>
                  <String HEIGHT="42" WIDTH="64" VPOS="824" HPOS="1237" CONTENT="si"/>
                  <SP HEIGHT="42" WIDTH="11" VPOS="824" HPOS="1301"/>
                  <String HEIGHT="42"
                          WIDTH="117"
                          VPOS="824"
                          HPOS="1269"
                          CONTENT="numquam"/>
                  <SP HEIGHT="42" WIDTH="11" VPOS="824" HPOS="1386"/>
                  <String HEIGHT="42"
                          WIDTH="128"
                          VPOS="824"
                          HPOS="1354"
                          CONTENT="sentiret"/>
                  <SP HEIGHT="42" WIDTH="11" VPOS="824" HPOS="1481"/>
                  <String HEIGHT="42"
                          WIDTH="117"
                          VPOS="824"
                          HPOS="1450"
                          CONTENT="aliquid"/>
                  <SP HEIGHT="42" WIDTH="11" VPOS="824" HPOS="1566"/>
                  <String HEIGHT="42" WIDTH="64" VPOS="824" HPOS="1535" CONTENT="ab"/>
                  <SP HEIGHT="42" WIDTH="11" VPOS="824" HPOS="1598"/>
                  <String HEIGHT="42" WIDTH="21" VPOS="824" HPOS="1556" CONTENT=""/>
               </TextLine>
               <TextLine ID="r2l45"
                         BASELINE="894"
                         HEIGHT="42"
                         WIDTH="587"
                         VPOS="852"
                         HPOS="981">
                  <String HEIGHT="42"
                          WIDTH="164"
                          VPOS="852"
                          HPOS="969"
                          CONTENT="extrinseco"/>
                  <SP HEIGHT="42" WIDTH="12" VPOS="852" HPOS="1134"/>
                  <String HEIGHT="42"
                          WIDTH="94"
                          VPOS="852"
                          HPOS="1098"
                          CONTENT="Item"/>
                  <SP HEIGHT="42" WIDTH="12" VPOS="852" HPOS="1192"/>
                  <String HEIGHT="42"
                          WIDTH="106"
                          VPOS="852"
                          HPOS="1157"
                          CONTENT="talis"/>
                  <SP HEIGHT="42" WIDTH="12" VPOS="852" HPOS="1263"/>
                  <String HEIGHT="42"
                          WIDTH="141"
                          VPOS="852"
                          HPOS="1228"
                          CONTENT="dilectio"/>
                  <SP HEIGHT="42" WIDTH="12" VPOS="852" HPOS="1368"/>
                  <String HEIGHT="42" WIDTH="82" VPOS="852" HPOS="1333" CONTENT="vel"/>
                  <SP HEIGHT="42" WIDTH="12" VPOS="852" HPOS="1415"/>
                  <String HEIGHT="42"
                          WIDTH="106"
                          VPOS="852"
                          HPOS="1380"
                          CONTENT="esset"/>
                  <SP HEIGHT="42" WIDTH="12" VPOS="852" HPOS="1486"/>
                  <String HEIGHT="42"
                          WIDTH="106"
                          VPOS="852"
                          HPOS="1451"
                          CONTENT="eadem"/>
                  <SP HEIGHT="42" WIDTH="12" VPOS="852" HPOS="1556"/>
                  <String HEIGHT="42" WIDTH="59" VPOS="852" HPOS="1509" CONTENT="cum"/>
               </TextLine>
               <TextLine ID="r2l47"
                         BASELINE="918"
                         HEIGHT="35"
                         WIDTH="587"
                         VPOS="883"
                         HPOS="983">
                  <String HEIGHT="35"
                          WIDTH="175"
                          VPOS="883"
                          HPOS="973"
                          CONTENT="intellectione"/>
                  <SP HEIGHT="35" WIDTH="10" VPOS="883" HPOS="1148"/>
                  <String HEIGHT="35"
                          WIDTH="165"
                          VPOS="883"
                          HPOS="1117"
                          CONTENT="presupposita"/>
                  <SP HEIGHT="35" WIDTH="10" VPOS="883" HPOS="1282"/>
                  <String HEIGHT="35" WIDTH="72" VPOS="883" HPOS="1251" CONTENT="vel"/>
                  <SP HEIGHT="35" WIDTH="10" VPOS="883" HPOS="1323"/>
                  <String HEIGHT="35" WIDTH="72" VPOS="883" HPOS="1292" CONTENT="non"/>
                  <SP HEIGHT="35" WIDTH="10" VPOS="883" HPOS="1364"/>
                  <String HEIGHT="35" WIDTH="62" VPOS="883" HPOS="1333" CONTENT="si"/>
                  <SP HEIGHT="35" WIDTH="10" VPOS="883" HPOS="1395"/>
                  <String HEIGHT="35" WIDTH="72" VPOS="883" HPOS="1364" CONTENT="sic"/>
                  <SP HEIGHT="35" WIDTH="10" VPOS="883" HPOS="1436"/>
                  <String HEIGHT="35" WIDTH="72" VPOS="883" HPOS="1405" CONTENT="cum"/>
                  <SP HEIGHT="35" WIDTH="10" VPOS="883" HPOS="1477"/>
                  <String HEIGHT="35"
                          WIDTH="82"
                          VPOS="883"
                          HPOS="1446"
                          CONTENT="ista"/>
                  <SP HEIGHT="35" WIDTH="10" VPOS="883" HPOS="1529"/>
                  <String HEIGHT="35"
                          WIDTH="82"
                          VPOS="883"
                          HPOS="1488"
                          CONTENT="intel"
                          SUBS_TYPE="HypPart1"
                          SUBS_CONTENT="intellectio"/>
                  <HYP CONTENT="-"/>
               </TextLine>
               <TextLine ID="r2l49"
                         BASELINE="952"
                         HEIGHT="42"
                         WIDTH="581"
                         VPOS="910"
                         HPOS="984">
                  <String HEIGHT="42"
                          WIDTH="108"
                          VPOS="910"
                          HPOS="973"
                          CONTENT="lectio"
                          SUBS_TYPE="HypPart2"
                          SUBS_CONTENT="intellectio"/>
                  <SP HEIGHT="42" WIDTH="11" VPOS="910" HPOS="1081"/>
                  <String HEIGHT="42"
                          WIDTH="86"
                          VPOS="910"
                          HPOS="1049"
                          CONTENT="pari"/>
                  <SP HEIGHT="42" WIDTH="11" VPOS="910" HPOS="1135"/>
                  <String HEIGHT="42"
                          WIDTH="118"
                          VPOS="910"
                          HPOS="1102"
                          CONTENT="ratione"/>
                  <SP HEIGHT="42" WIDTH="11" VPOS="910" HPOS="1221"/>
                  <String HEIGHT="42"
                          WIDTH="108"
                          VPOS="910"
                          HPOS="1188"
                          CONTENT="possit"/>
                  <SP HEIGHT="42" WIDTH="11" VPOS="910" HPOS="1296"/>
                  <String HEIGHT="42"
                          WIDTH="97"
                          VPOS="910"
                          HPOS="1264"
                          CONTENT="fieri"/>
                  <SP HEIGHT="42" WIDTH="11" VPOS="910" HPOS="1361"/>
                  <String HEIGHT="42"
                          WIDTH="97"
                          VPOS="910"
                          HPOS="1328"
                          CONTENT="odium"/>
                  <SP HEIGHT="42" WIDTH="11" VPOS="910" HPOS="1425"/>
                  <String HEIGHT="42" WIDTH="75" VPOS="910" HPOS="1393" CONTENT="dei"/>
                  <SP HEIGHT="42" WIDTH="11" VPOS="910" HPOS="1468"/>
                  <String HEIGHT="42"
                          WIDTH="97"
                          VPOS="910"
                          HPOS="1436"
                          CONTENT="sicut"/>
                  <SP HEIGHT="42" WIDTH="11" VPOS="910" HPOS="1533"/>
                  <String HEIGHT="42"
                          WIDTH="75"
                          VPOS="910"
                          HPOS="1490"
                          CONTENT="dile"
                          SUBS_TYPE="HypPart1"
                          SUBS_CONTENT="dilectio"/>
                  <HYP CONTENT="-"/>
               </TextLine>
               <TextLine ID="r2l51"
                         BASELINE="979"
                         HEIGHT="44"
                         WIDTH="587"
                         VPOS="935"
                         HPOS="984">
                  <String HEIGHT="44"
                          WIDTH="85"
                          VPOS="935"
                          HPOS="973"
                          CONTENT="ctio"
                          SUBS_TYPE="HypPart2"
                          SUBS_CONTENT="dilectio"/>
                  <SP HEIGHT="44" WIDTH="11" VPOS="935" HPOS="1059"/>
                  <String HEIGHT="44"
                          WIDTH="128"
                          VPOS="935"
                          HPOS="1027"
                          CONTENT="sequitur"/>
                  <SP HEIGHT="44" WIDTH="11" VPOS="935" HPOS="1155"/>
                  <String HEIGHT="44"
                          WIDTH="160"
                          VPOS="935"
                          HPOS="1123"
                          CONTENT="expositorie"/>
                  <SP HEIGHT="44" WIDTH="11" VPOS="935" HPOS="1283"/>
                  <String HEIGHT="44"
                          WIDTH="85"
                          VPOS="935"
                          HPOS="1251"
                          CONTENT="quod"/>
                  <SP HEIGHT="44" WIDTH="11" VPOS="935" HPOS="1336"/>
                  <String HEIGHT="44"
                          WIDTH="128"
                          VPOS="935"
                          HPOS="1304"
                          CONTENT="dilectio"/>
                  <SP HEIGHT="44" WIDTH="11" VPOS="935" HPOS="1432"/>
                  <String HEIGHT="44"
                          WIDTH="107"
                          VPOS="935"
                          HPOS="1400"
                          CONTENT="possit"/>
                  <SP HEIGHT="44" WIDTH="11" VPOS="935" HPOS="1507"/>
                  <String HEIGHT="44"
                          WIDTH="85"
                          VPOS="935"
                          HPOS="1475"
                          CONTENT="esse"/>
                  <SP HEIGHT="44" WIDTH="11" VPOS="935" HPOS="1560"/>
                  <String HEIGHT="44" WIDTH="53" VPOS="935" HPOS="1518" CONTENT="odi"/>
               </TextLine>
               <TextLine ID="r2l53"
                         BASELINE="1008"
                         HEIGHT="44"
                         WIDTH="596"
                         VPOS="964"
                         HPOS="973">
                  <String HEIGHT="44" WIDTH="69" VPOS="964" HPOS="962" CONTENT="um"/>
                  <SP HEIGHT="44" WIDTH="11" VPOS="964" HPOS="1030"/>
                  <String HEIGHT="44" WIDTH="69" VPOS="964" HPOS="996" CONTENT="si"/>
                  <SP HEIGHT="44" WIDTH="11" VPOS="964" HPOS="1065"/>
                  <String HEIGHT="44" WIDTH="80" VPOS="964" HPOS="1030" CONTENT="non"/>
                  <SP HEIGHT="44" WIDTH="11" VPOS="964" HPOS="1111"/>
                  <String HEIGHT="44" WIDTH="80" VPOS="964" HPOS="1076" CONTENT="est"/>
                  <SP HEIGHT="44" WIDTH="11" VPOS="964" HPOS="1156"/>
                  <String HEIGHT="44"
                          WIDTH="172"
                          VPOS="964"
                          HPOS="1122"
                          CONTENT="intellectio"/>
                  <SP HEIGHT="44" WIDTH="11" VPOS="964" HPOS="1294"/>
                  <String HEIGHT="44"
                          WIDTH="115"
                          VPOS="964"
                          HPOS="1260"
                          CONTENT="igitur"/>
                  <SP HEIGHT="44" WIDTH="11" VPOS="964" HPOS="1374"/>
                  <String HEIGHT="44"
                          WIDTH="92"
                          VPOS="964"
                          HPOS="1340"
                          CONTENT="deus"/>
                  <SP HEIGHT="44" WIDTH="11" VPOS="964" HPOS="1431"/>
                  <String HEIGHT="44"
                          WIDTH="115"
                          VPOS="964"
                          HPOS="1397"
                          CONTENT="posset"/>
                  <SP HEIGHT="44" WIDTH="11" VPOS="964" HPOS="1512"/>
                  <String HEIGHT="44"
                          WIDTH="103"
                          VPOS="964"
                          HPOS="1466"
                          CONTENT="conser"
                          SUBS_TYPE="HypPart1"
                          SUBS_CONTENT="conseruare"/>
                  <HYP CONTENT="-"/>
               </TextLine>
               <TextLine ID="r2l55"
                         BASELINE="1035"
                         HEIGHT="41"
                         WIDTH="587"
                         VPOS="994"
                         HPOS="980">
                  <String HEIGHT="41"
                          WIDTH="87"
                          VPOS="994"
                          HPOS="969"
                          CONTENT="uare"
                          SUBS_TYPE="HypPart2"
                          SUBS_CONTENT="conseruare"/>
                  <SP HEIGHT="41" WIDTH="11" VPOS="994" HPOS="1056"/>
                  <String HEIGHT="41"
                          WIDTH="163"
                          VPOS="994"
                          HPOS="1023"
                          CONTENT="dilectionem"/>
                  <SP HEIGHT="41" WIDTH="11" VPOS="994" HPOS="1187"/>
                  <String HEIGHT="41"
                          WIDTH="98"
                          VPOS="994"
                          HPOS="1154"
                          CONTENT="istam"/>
                  <SP HEIGHT="41" WIDTH="11" VPOS="994" HPOS="1252"/>
                  <String HEIGHT="41"
                          WIDTH="141"
                          VPOS="994"
                          HPOS="1219"
                          CONTENT="destructa"/>
                  <SP HEIGHT="41" WIDTH="11" VPOS="994" HPOS="1360"/>
                  <String HEIGHT="41"
                          WIDTH="87"
                          VPOS="994"
                          HPOS="1328"
                          CONTENT="ista"/>
                  <SP HEIGHT="41" WIDTH="11" VPOS="994" HPOS="1415"/>
                  <String HEIGHT="41"
                          WIDTH="185"
                          VPOS="994"
                          HPOS="1382"
                          CONTENT="intellectione"/>
                  <SP HEIGHT="41" WIDTH="11" VPOS="994" HPOS="1567"/>
                  <String HEIGHT="41" WIDTH="43" VPOS="994" HPOS="1524" CONTENT="et"/>
               </TextLine>
               <TextLine ID="r2l57"
                         BASELINE="1063"
                         HEIGHT="45"
                         WIDTH="588"
                         VPOS="1018"
                         HPOS="981">
                  <String HEIGHT="45"
                          WIDTH="96"
                          VPOS="1018"
                          HPOS="969"
                          CONTENT="pari"/>
                  <SP HEIGHT="45" WIDTH="12" VPOS="1018" HPOS="1065"/>
                  <String HEIGHT="45"
                          WIDTH="132"
                          VPOS="1018"
                          HPOS="1029"
                          CONTENT="ratione"/>
                  <SP HEIGHT="45" WIDTH="12" VPOS="1018" HPOS="1161"/>
                  <String HEIGHT="45"
                          WIDTH="96"
                          VPOS="1018"
                          HPOS="1125"
                          CONTENT="omni"/>
                  <SP HEIGHT="45" WIDTH="12" VPOS="1018" HPOS="1221"/>
                  <String HEIGHT="45"
                          WIDTH="204"
                          VPOS="1018"
                          HPOS="1185"
                          CONTENT="intellectione"/>
                  <SP HEIGHT="45" WIDTH="12" VPOS="1018" HPOS="1389"/>
                  <String HEIGHT="45"
                          WIDTH="156"
                          VPOS="1018"
                          HPOS="1353"
                          CONTENT="destructa"/>
                  <SP HEIGHT="45" WIDTH="12" VPOS="1018" HPOS="1509"/>
                  <String HEIGHT="45" WIDTH="72" VPOS="1018" HPOS="1473" CONTENT="et"/>
                  <SP HEIGHT="45" WIDTH="12" VPOS="1018" HPOS="1545"/>
                  <String HEIGHT="45"
                          WIDTH="72"
                          VPOS="1018"
                          HPOS="1497"
                          CONTENT="tunc"/>
               </TextLine>
               <TextLine ID="r2l59"
                         BASELINE="1088"
                         HEIGHT="38"
                         WIDTH="594"
                         VPOS="1050"
                         HPOS="974">
                  <String HEIGHT="38"
                          WIDTH="132"
                          VPOS="1050"
                          HPOS="963"
                          CONTENT="voluntas"/>
                  <SP HEIGHT="38" WIDTH="11" VPOS="1050" HPOS="1095"/>
                  <String HEIGHT="38"
                          WIDTH="110"
                          VPOS="1050"
                          HPOS="1062"
                          CONTENT="posset"/>
                  <SP HEIGHT="38" WIDTH="11" VPOS="1050" HPOS="1172"/>
                  <String HEIGHT="38"
                          WIDTH="132"
                          VPOS="1050"
                          HPOS="1139"
                          CONTENT="diligere"/>
                  <SP HEIGHT="38" WIDTH="11" VPOS="1050" HPOS="1271"/>
                  <String HEIGHT="38"
                          WIDTH="154"
                          VPOS="1050"
                          HPOS="1238"
                          CONTENT="incognitum"/>
                  <SP HEIGHT="38" WIDTH="11" VPOS="1050" HPOS="1392"/>
                  <String HEIGHT="38"
                          WIDTH="110"
                          VPOS="1050"
                          HPOS="1359"
                          CONTENT="contra"/>
                  <SP HEIGHT="38" WIDTH="11" VPOS="1050" HPOS="1469"/>
                  <String HEIGHT="38"
                          WIDTH="154"
                          VPOS="1050"
                          HPOS="1436"
                          CONTENT="augustinus"/>
                  <SP HEIGHT="38" WIDTH="11" VPOS="1050" HPOS="1590"/>
                  <String HEIGHT="38" WIDTH="22" VPOS="1050" HPOS="1546" CONTENT=""/>
               </TextLine>
               <TextLine ID="r2l61"
                         BASELINE="1122"
                         HEIGHT="45"
                         WIDTH="594"
                         VPOS="1077"
                         HPOS="974">
                  <String HEIGHT="45" WIDTH="73" VPOS="1077" HPOS="962" CONTENT="et"/>
                  <SP HEIGHT="45" WIDTH="12" VPOS="1077" HPOS="1035"/>
                  <String HEIGHT="45"
                          WIDTH="121"
                          VPOS="1077"
                          HPOS="998"
                          CONTENT="contra"/>
                  <SP HEIGHT="45" WIDTH="12" VPOS="1077" HPOS="1119"/>
                  <String HEIGHT="45"
                          WIDTH="206"
                          VPOS="1077"
                          HPOS="1083"
                          CONTENT="experientiam."/>
                  <SP HEIGHT="45" WIDTH="12" VPOS="1077" HPOS="1289"/>
                  <String HEIGHT="45" WIDTH="61" VPOS="1077" HPOS="1253" CONTENT="⁋"/>
                  <SP HEIGHT="45" WIDTH="12" VPOS="1077" HPOS="1313"/>
                  <String HEIGHT="45" WIDTH="73" VPOS="1077" HPOS="1277" CONTENT="Et"/>
                  <SP HEIGHT="45" WIDTH="12" VPOS="1077" HPOS="1350"/>
                  <String HEIGHT="45"
                          WIDTH="182"
                          VPOS="1077"
                          HPOS="1313"
                          CONTENT="confitmatur"/>
                  <SP HEIGHT="45" WIDTH="12" VPOS="1077" HPOS="1495"/>
                  <String HEIGHT="45"
                          WIDTH="97"
                          VPOS="1077"
                          HPOS="1459"
                          CONTENT="quia"/>
                  <SP HEIGHT="45" WIDTH="12" VPOS="1077" HPOS="1556"/>
                  <String HEIGHT="45"
                          WIDTH="61"
                          VPOS="1077"
                          HPOS="1507"
                          CONTENT="tuc"/>
               </TextLine>
               <TextLine ID="r2l63"
                         BASELINE="1144"
                         HEIGHT="41"
                         WIDTH="588"
                         VPOS="1103"
                         HPOS="982">
                  <String HEIGHT="41"
                          WIDTH="144"
                          VPOS="1103"
                          HPOS="970"
                          CONTENT="voluntas"/>
                  <SP HEIGHT="41" WIDTH="12" VPOS="1103" HPOS="1114"/>
                  <String HEIGHT="41"
                          WIDTH="96"
                          VPOS="1103"
                          HPOS="1078"
                          CONTENT="vere"/>
                  <SP HEIGHT="41" WIDTH="12" VPOS="1103" HPOS="1174"/>
                  <String HEIGHT="41"
                          WIDTH="120"
                          VPOS="1103"
                          HPOS="1138"
                          CONTENT="potest"/>
                  <SP HEIGHT="41" WIDTH="12" VPOS="1103" HPOS="1258"/>
                  <String HEIGHT="41"
                          WIDTH="144"
                          VPOS="1103"
                          HPOS="1222"
                          CONTENT="imperare"/>
                  <SP HEIGHT="41" WIDTH="12" VPOS="1103" HPOS="1366"/>
                  <String HEIGHT="41"
                          WIDTH="180"
                          VPOS="1103"
                          HPOS="1330"
                          CONTENT="cogitationi"/>
                  <SP HEIGHT="41" WIDTH="12" VPOS="1103" HPOS="1510"/>
                  <String HEIGHT="41" WIDTH="72" VPOS="1103" HPOS="1474" CONTENT="de"/>
                  <SP HEIGHT="41" WIDTH="12" VPOS="1103" HPOS="1546"/>
                  <String HEIGHT="41"
                          WIDTH="72"
                          VPOS="1103"
                          HPOS="1498"
                          CONTENT="ali"
                          SUBS_TYPE="HypPart1"
                          SUBS_CONTENT="aliquo"/>
                  <HYP CONTENT="-"/>
               </TextLine>
               <TextLine ID="r2l65"
                         BASELINE="1168"
                         HEIGHT="38"
                         WIDTH="593"
                         VPOS="1130"
                         HPOS="981">
                  <String HEIGHT="38"
                          WIDTH="86"
                          VPOS="1130"
                          HPOS="969"
                          CONTENT="quo"
                          SUBS_TYPE="HypPart2"
                          SUBS_CONTENT="aliquo"/>
                  <SP HEIGHT="38" WIDTH="12" VPOS="1130" HPOS="1055"/>
                  <String HEIGHT="38"
                          WIDTH="173"
                          VPOS="1130"
                          HPOS="1018"
                          CONTENT="actualiter"/>
                  <SP HEIGHT="38" WIDTH="12" VPOS="1130" HPOS="1191"/>
                  <String HEIGHT="38"
                          WIDTH="86"
                          VPOS="1130"
                          HPOS="1154"
                          CONTENT="non"/>
                  <SP HEIGHT="38" WIDTH="12" VPOS="1130" HPOS="1240"/>
                  <String HEIGHT="38"
                          WIDTH="148"
                          VPOS="1130"
                          HPOS="1203"
                          CONTENT="cogitato"/>
                  <SP HEIGHT="38" WIDTH="12" VPOS="1130" HPOS="1352"/>
                  <String HEIGHT="38"
                          WIDTH="86"
                          VPOS="1130"
                          HPOS="1315"
                          CONTENT="aut"/>
                  <SP HEIGHT="38" WIDTH="12" VPOS="1130" HPOS="1401"/>
                  <String HEIGHT="38"
                          WIDTH="124"
                          VPOS="1130"
                          HPOS="1364"
                          CONTENT="igitur"/>
                  <SP HEIGHT="38" WIDTH="12" VPOS="1130" HPOS="1488"/>
                  <String HEIGHT="38"
                          WIDTH="111"
                          VPOS="1130"
                          HPOS="1450"
                          CONTENT="illud"/>
                  <SP HEIGHT="38" WIDTH="12" VPOS="1130" HPOS="1562"/>
                  <String HEIGHT="38"
                          WIDTH="62"
                          VPOS="1130"
                          HPOS="1512"
                          CONTENT="ap"
                          SUBS_TYPE="HypPart1"
                          SUBS_CONTENT="apprehenditur"/>
                  <HYP CONTENT="-"/>
               </TextLine>
               <TextLine ID="r2l67"
                         BASELINE="1201"
                         HEIGHT="41"
                         WIDTH="597"
                         VPOS="1160"
                         HPOS="975">
                  <String HEIGHT="41"
                          WIDTH="187"
                          VPOS="1160"
                          HPOS="963"
                          CONTENT="prehenditur"
                          SUBS_TYPE="HypPart2"
                          SUBS_CONTENT="apprehenditur"/>
                  <SP HEIGHT="41" WIDTH="12" VPOS="1160" HPOS="1149"/>
                  <String HEIGHT="41"
                          WIDTH="100"
                          VPOS="1160"
                          HPOS="1112"
                          CONTENT="actu"/>
                  <SP HEIGHT="41" WIDTH="12" VPOS="1160" HPOS="1211"/>
                  <String HEIGHT="41"
                          WIDTH="87"
                          VPOS="1160"
                          HPOS="1174"
                          CONTENT="aut"/>
                  <SP HEIGHT="41" WIDTH="12" VPOS="1160" HPOS="1261"/>
                  <String HEIGHT="41"
                          WIDTH="100"
                          VPOS="1160"
                          HPOS="1224"
                          CONTENT="non."/>
                  <SP HEIGHT="41" WIDTH="12" VPOS="1160" HPOS="1323"/>
                  <String HEIGHT="41" WIDTH="62" VPOS="1160" HPOS="1286" CONTENT="⁋"/>
                  <SP HEIGHT="41" WIDTH="12" VPOS="1160" HPOS="1348"/>
                  <String HEIGHT="41" WIDTH="75" VPOS="1160" HPOS="1311" CONTENT="Si"/>
                  <SP HEIGHT="41" WIDTH="12" VPOS="1160" HPOS="1385"/>
                  <String HEIGHT="41"
                          WIDTH="87"
                          VPOS="1160"
                          HPOS="1348"
                          CONTENT="non"/>
                  <SP HEIGHT="41" WIDTH="12" VPOS="1160" HPOS="1435"/>
                  <String HEIGHT="41"
                          WIDTH="100"
                          VPOS="1160"
                          HPOS="1398"
                          CONTENT="tunc"/>
                  <SP HEIGHT="41" WIDTH="12" VPOS="1160" HPOS="1497"/>
                  <String HEIGHT="41"
                          WIDTH="124"
                          VPOS="1160"
                          HPOS="1448"
                          CONTENT="voluntas"/>
               </TextLine>
               <TextLine ID="r2l69"
                         BASELINE="1233"
                         HEIGHT="39"
                         WIDTH="591"
                         VPOS="1194"
                         HPOS="983">
                  <String HEIGHT="39"
                          WIDTH="139"
                          VPOS="1194"
                          HPOS="971"
                          CONTENT="pperatur"/>
                  <SP HEIGHT="39" WIDTH="12" VPOS="1194" HPOS="1110"/>
                  <String HEIGHT="39"
                          WIDTH="151"
                          VPOS="1194"
                          HPOS="1076"
                          CONTENT="volitione"/>
                  <SP HEIGHT="39" WIDTH="12" VPOS="1194" HPOS="1226"/>
                  <String HEIGHT="39"
                          WIDTH="104"
                          VPOS="1194"
                          HPOS="1192"
                          CONTENT="circa"/>
                  <SP HEIGHT="39" WIDTH="12" VPOS="1194" HPOS="1296"/>
                  <String HEIGHT="39"
                          WIDTH="174"
                          VPOS="1194"
                          HPOS="1261"
                          CONTENT="incognitum."/>
                  <SP HEIGHT="39" WIDTH="12" VPOS="1194" HPOS="1435"/>
                  <String HEIGHT="39" WIDTH="70" VPOS="1194" HPOS="1400" CONTENT="si"/>
                  <SP HEIGHT="39" WIDTH="12" VPOS="1194" HPOS="1470"/>
                  <String HEIGHT="39"
                          WIDTH="81"
                          VPOS="1194"
                          HPOS="1435"
                          CONTENT="sic"/>
                  <SP HEIGHT="39" WIDTH="12" VPOS="1194" HPOS="1516"/>
                  <String HEIGHT="39"
                          WIDTH="104"
                          VPOS="1194"
                          HPOS="1470"
                          CONTENT="frustra"/>
               </TextLine>
               <TextLine ID="r2l71"
                         BASELINE="1264"
                         HEIGHT="43"
                         WIDTH="579"
                         VPOS="1221"
                         HPOS="983">
                  <String HEIGHT="43"
                          WIDTH="162"
                          VPOS="1221"
                          HPOS="971"
                          CONTENT="pperaretur"/>
                  <SP HEIGHT="43" WIDTH="12" VPOS="1221" HPOS="1134"/>
                  <String HEIGHT="43" WIDTH="69" VPOS="1221" HPOS="1099" CONTENT="et"/>
                  <SP HEIGHT="43" WIDTH="12" VPOS="1221" HPOS="1168"/>
                  <String HEIGHT="43"
                          WIDTH="81"
                          VPOS="1221"
                          HPOS="1134"
                          CONTENT="hoc"/>
                  <SP HEIGHT="43" WIDTH="12" VPOS="1221" HPOS="1215"/>
                  <String HEIGHT="43"
                          WIDTH="104"
                          VPOS="1221"
                          HPOS="1180"
                          CONTENT="etiam"/>
                  <SP HEIGHT="43" WIDTH="12" VPOS="1221" HPOS="1284"/>
                  <String HEIGHT="43"
                          WIDTH="93"
                          VPOS="1221"
                          HPOS="1249"
                          CONTENT="erat"/>
                  <SP HEIGHT="43" WIDTH="12" VPOS="1221" HPOS="1342"/>
                  <String HEIGHT="43"
                          WIDTH="116"
                          VPOS="1221"
                          HPOS="1307"
                          CONTENT="contra"/>
                  <SP HEIGHT="43" WIDTH="12" VPOS="1221" HPOS="1423"/>
                  <String HEIGHT="43"
                          WIDTH="116"
                          VPOS="1221"
                          HPOS="1388"
                          CONTENT="casum."/>
                  <SP HEIGHT="43" WIDTH="12" VPOS="1221" HPOS="1504"/>
                  <String HEIGHT="43" WIDTH="58" VPOS="1221" HPOS="1469" CONTENT="⁋"/>
                  <SP HEIGHT="43" WIDTH="12" VPOS="1221" HPOS="1527"/>
                  <String HEIGHT="43" WIDTH="69" VPOS="1221" HPOS="1493" CONTENT="Ad"/>
                  <SP HEIGHT="43" WIDTH="12" VPOS="1221" HPOS="1562"/>
                  <String HEIGHT="43" WIDTH="46" VPOS="1221" HPOS="1516" CONTENT="op"/>
               </TextLine>
               <TextLine ID="r2l73"
                         BASELINE="1289"
                         HEIGHT="43"
                         WIDTH="589"
                         VPOS="1246"
                         HPOS="979">
                  <String HEIGHT="43"
                          WIDTH="132"
                          VPOS="1246"
                          HPOS="967"
                          CONTENT="positum"/>
                  <SP HEIGHT="43" WIDTH="12" VPOS="1246" HPOS="1099"/>
                  <String HEIGHT="43"
                          WIDTH="120"
                          VPOS="1246"
                          HPOS="1063"
                          CONTENT="quinto"/>
                  <SP HEIGHT="43" WIDTH="12" VPOS="1246" HPOS="1183"/>
                  <String HEIGHT="43" WIDTH="72" VPOS="1246" HPOS="1147" CONTENT="de"/>
                  <SP HEIGHT="43" WIDTH="12" VPOS="1246" HPOS="1219"/>
                  <String HEIGHT="43"
                          WIDTH="96"
                          VPOS="1246"
                          HPOS="1183"
                          CONTENT="tri."/>
                  <SP HEIGHT="43" WIDTH="12" VPOS="1246" HPOS="1280"/>
                  <String HEIGHT="43"
                          WIDTH="84"
                          VPOS="1246"
                          HPOS="1243"
                          CONTENT="ca."/>
                  <SP HEIGHT="43" WIDTH="12" VPOS="1246" HPOS="1328"/>
                  <String HEIGHT="43" WIDTH="72" VPOS="1246" HPOS="1292" CONTENT="67"/>
                  <SP HEIGHT="43" WIDTH="12" VPOS="1246" HPOS="1364"/>
                  <String HEIGHT="43" WIDTH="72" VPOS="1246" HPOS="1328" CONTENT="et"/>
                  <SP HEIGHT="43" WIDTH="12" VPOS="1246" HPOS="1400"/>
                  <String HEIGHT="43" WIDTH="60" VPOS="1246" HPOS="1364" CONTENT="7"/>
                  <SP HEIGHT="43" WIDTH="12" VPOS="1246" HPOS="1424"/>
                  <String HEIGHT="43"
                          WIDTH="156"
                          VPOS="1246"
                          HPOS="1388"
                          CONTENT="vtrobique"/>
                  <SP HEIGHT="43" WIDTH="12" VPOS="1246" HPOS="1544"/>
                  <String HEIGHT="43"
                          WIDTH="72"
                          VPOS="1246"
                          HPOS="1496"
                          CONTENT="enim"/>
               </TextLine>
               <TextLine ID="r2l75"
                         BASELINE="1319"
                         HEIGHT="46"
                         WIDTH="584"
                         VPOS="1273"
                         HPOS="981">
                  <String HEIGHT="46"
                          WIDTH="99"
                          VPOS="1273"
                          HPOS="970"
                          CONTENT="dicit"/>
                  <SP HEIGHT="46" WIDTH="11" VPOS="1273" HPOS="1069"/>
                  <String HEIGHT="46"
                          WIDTH="88"
                          VPOS="1273"
                          HPOS="1036"
                          CONTENT="quod"/>
                  <SP HEIGHT="46" WIDTH="11" VPOS="1273" HPOS="1124"/>
                  <String HEIGHT="46"
                          WIDTH="88"
                          VPOS="1273"
                          HPOS="1091"
                          CONTENT="amor"/>
                  <SP HEIGHT="46" WIDTH="11" VPOS="1273" HPOS="1179"/>
                  <String HEIGHT="46"
                          WIDTH="132"
                          VPOS="1273"
                          HPOS="1146"
                          CONTENT="procedit"/>
                  <SP HEIGHT="46" WIDTH="11" VPOS="1273" HPOS="1279"/>
                  <String HEIGHT="46" WIDTH="66" VPOS="1273" HPOS="1245" CONTENT="de"/>
                  <SP HEIGHT="46" WIDTH="11" VPOS="1273" HPOS="1312"/>
                  <String HEIGHT="46"
                          WIDTH="132"
                          VPOS="1273"
                          HPOS="1279"
                          CONTENT="scientia"/>
                  <SP HEIGHT="46" WIDTH="11" VPOS="1273" HPOS="1411"/>
                  <String HEIGHT="46" WIDTH="66" VPOS="1273" HPOS="1378" CONTENT="et"/>
                  <SP HEIGHT="46" WIDTH="11" VPOS="1273" HPOS="1444"/>
                  <String HEIGHT="46" WIDTH="66" VPOS="1273" HPOS="1411" CONTENT="de"/>
                  <SP HEIGHT="46" WIDTH="11" VPOS="1273" HPOS="1477"/>
                  <String HEIGHT="46"
                          WIDTH="88"
                          VPOS="1273"
                          HPOS="1444"
                          CONTENT="ipsa"/>
                  <SP HEIGHT="46" WIDTH="11" VPOS="1273" HPOS="1532"/>
                  <String HEIGHT="46"
                          WIDTH="77"
                          VPOS="1273"
                          HPOS="1488"
                          CONTENT="mente"/>
               </TextLine>
               <TextLine ID="r2l77"
                         BASELINE="1347"
                         HEIGHT="48"
                         WIDTH="578"
                         VPOS="1299"
                         HPOS="980">
                  <String HEIGHT="48" WIDTH="59" VPOS="1299" HPOS="968" CONTENT="⁋"/>
                  <SP HEIGHT="48" WIDTH="12" VPOS="1299" HPOS="1027"/>
                  <String HEIGHT="48"
                          WIDTH="142"
                          VPOS="1299"
                          HPOS="992"
                          CONTENT="Probatur"/>
                  <SP HEIGHT="48" WIDTH="12" VPOS="1299" HPOS="1133"/>
                  <String HEIGHT="48"
                          WIDTH="130"
                          VPOS="1299"
                          HPOS="1098"
                          CONTENT="noticia"/>
                  <SP HEIGHT="48" WIDTH="12" VPOS="1299" HPOS="1228"/>
                  <String HEIGHT="48"
                          WIDTH="201"
                          VPOS="1299"
                          HPOS="1192"
                          CONTENT="presupponitur"/>
                  <SP HEIGHT="48" WIDTH="12" VPOS="1299" HPOS="1393"/>
                  <String HEIGHT="48"
                          WIDTH="106"
                          VPOS="1299"
                          HPOS="1357"
                          CONTENT="amori"/>
                  <SP HEIGHT="48" WIDTH="12" VPOS="1299" HPOS="1464"/>
                  <String HEIGHT="48"
                          WIDTH="106"
                          VPOS="1299"
                          HPOS="1428"
                          CONTENT="sicut"/>
                  <SP HEIGHT="48" WIDTH="12" VPOS="1299" HPOS="1534"/>
                  <String HEIGHT="48"
                          WIDTH="71"
                          VPOS="1299"
                          HPOS="1487"
                          CONTENT="pro"
                          SUBS_TYPE="HypPart1"
                          SUBS_CONTENT="probat"/>
                  <HYP CONTENT="-"/>
               </TextLine>
               <TextLine ID="r2l79"
                         BASELINE="1377"
                         HEIGHT="49"
                         WIDTH="592"
                         VPOS="1328"
                         HPOS="970">
                  <String HEIGHT="49"
                          WIDTH="66"
                          VPOS="1328"
                          HPOS="961"
                          CONTENT="bat"
                          SUBS_TYPE="HypPart2"
                          SUBS_CONTENT="probat"/>
                  <SP HEIGHT="49" WIDTH="9" VPOS="1328" HPOS="1026"/>
                  <String HEIGHT="49"
                          WIDTH="132"
                          VPOS="1328"
                          HPOS="998"
                          CONTENT="augustinus"/>
                  <SP HEIGHT="49" WIDTH="9" VPOS="1328" HPOS="1130"/>
                  <String HEIGHT="49" WIDTH="47" VPOS="1328" HPOS="1102" CONTENT="5"/>
                  <SP HEIGHT="49" WIDTH="9" VPOS="1328" HPOS="1149"/>
                  <String HEIGHT="49" WIDTH="56" VPOS="1328" HPOS="1120" CONTENT="de"/>
                  <SP HEIGHT="49" WIDTH="9" VPOS="1328" HPOS="1177"/>
                  <String HEIGHT="49"
                          WIDTH="94"
                          VPOS="1328"
                          HPOS="1149"
                          CONTENT="tirii."/>
                  <SP HEIGHT="49" WIDTH="9" VPOS="1328" HPOS="1243"/>
                  <String HEIGHT="49"
                          WIDTH="66"
                          VPOS="1328"
                          HPOS="1214"
                          CONTENT="ca."/>
                  <SP HEIGHT="49" WIDTH="9" VPOS="1328" HPOS="1280"/>
                  <String HEIGHT="49" WIDTH="56" VPOS="1328" HPOS="1252" CONTENT="10"/>
                  <SP HEIGHT="49" WIDTH="9" VPOS="1328" HPOS="1308"/>
                  <String HEIGHT="49"
                          WIDTH="66"
                          VPOS="1328"
                          HPOS="1280"
                          CONTENT="et."/>
                  <SP HEIGHT="49" WIDTH="9" VPOS="1328" HPOS="1346"/>
                  <String HEIGHT="49"
                          WIDTH="66"
                          VPOS="1328"
                          HPOS="1318"
                          CONTENT="10."/>
                  <SP HEIGHT="49" WIDTH="9" VPOS="1328" HPOS="1383"/>
                  <String HEIGHT="49" WIDTH="56" VPOS="1328" HPOS="1355" CONTENT="de"/>
                  <SP HEIGHT="49" WIDTH="9" VPOS="1328" HPOS="1412"/>
                  <String HEIGHT="49"
                          WIDTH="75"
                          VPOS="1328"
                          HPOS="1383"
                          CONTENT="tri."/>
                  <SP HEIGHT="49" WIDTH="9" VPOS="1328" HPOS="1459"/>
                  <String HEIGHT="49"
                          WIDTH="66"
                          VPOS="1328"
                          HPOS="1430"
                          CONTENT="ca."/>
                  <SP HEIGHT="49" WIDTH="9" VPOS="1328" HPOS="1496"/>
                  <String HEIGHT="49" WIDTH="56" VPOS="1328" HPOS="1468" CONTENT="58"/>
                  <SP HEIGHT="49" WIDTH="9" VPOS="1328" HPOS="1524"/>
                  <String HEIGHT="49" WIDTH="56" VPOS="1328" HPOS="1496" CONTENT="et"/>
                  <SP HEIGHT="49" WIDTH="9" VPOS="1328" HPOS="1553"/>
                  <String HEIGHT="49"
                          WIDTH="47"
                          VPOS="1328"
                          HPOS="1515"
                          CONTENT="qua"/>
               </TextLine>
               <TextLine ID="r2l81"
                         BASELINE="1402"
                         HEIGHT="44"
                         WIDTH="583"
                         VPOS="1358"
                         HPOS="978">
                  <String HEIGHT="44" WIDTH="61" VPOS="1358" HPOS="968" CONTENT="si"/>
                  <SP HEIGHT="44" WIDTH="10" VPOS="1358" HPOS="1029"/>
                  <String HEIGHT="44" WIDTH="72" VPOS="1358" HPOS="998" CONTENT="per"/>
                  <SP HEIGHT="44" WIDTH="10" VPOS="1358" HPOS="1070"/>
                  <String HEIGHT="44"
                          WIDTH="92"
                          VPOS="1358"
                          HPOS="1039"
                          CONTENT="totum"/>
                  <SP HEIGHT="44" WIDTH="10" VPOS="1358" HPOS="1131"/>
                  <String HEIGHT="44"
                          WIDTH="113"
                          VPOS="1358"
                          HPOS="1101"
                          CONTENT="librum."/>
                  <SP HEIGHT="44" WIDTH="10" VPOS="1358" HPOS="1213"/>
                  <String HEIGHT="44" WIDTH="61" VPOS="1358" HPOS="1183" CONTENT="Et"/>
                  <SP HEIGHT="44" WIDTH="10" VPOS="1358" HPOS="1244"/>
                  <String HEIGHT="44"
                          WIDTH="102"
                          VPOS="1358"
                          HPOS="1213"
                          CONTENT="tertio"/>
                  <SP HEIGHT="44" WIDTH="10" VPOS="1358" HPOS="1316"/>
                  <String HEIGHT="44" WIDTH="61" VPOS="1358" HPOS="1285" CONTENT="de"/>
                  <SP HEIGHT="44" WIDTH="10" VPOS="1358" HPOS="1346"/>
                  <String HEIGHT="44"
                          WIDTH="72"
                          VPOS="1358"
                          HPOS="1316"
                          CONTENT="li."/>
                  <SP HEIGHT="44" WIDTH="10" VPOS="1358" HPOS="1387"/>
                  <String HEIGHT="44"
                          WIDTH="72"
                          VPOS="1358"
                          HPOS="1356"
                          CONTENT="ar."/>
                  <SP HEIGHT="44" WIDTH="10" VPOS="1358" HPOS="1428"/>
                  <String HEIGHT="44"
                          WIDTH="92"
                          VPOS="1358"
                          HPOS="1397"
                          CONTENT="dicit"/>
                  <SP HEIGHT="44" WIDTH="10" VPOS="1358" HPOS="1489"/>
                  <String HEIGHT="44"
                          WIDTH="72"
                          VPOS="1358"
                          HPOS="1459"
                          CONTENT="hoc"/>
                  <SP HEIGHT="44" WIDTH="10" VPOS="1358" HPOS="1530"/>
                  <String HEIGHT="44"
                          WIDTH="72"
                          VPOS="1358"
                          HPOS="1489"
                          CONTENT="ca.lo"/>
               </TextLine>
               <TextLine ID="r2l83"
                         BASELINE="1431"
                         HEIGHT="43"
                         WIDTH="591"
                         VPOS="1388"
                         HPOS="974">
                  <String HEIGHT="43" WIDTH="58" VPOS="1388" HPOS="962" CONTENT="4"/>
                  <SP HEIGHT="43" WIDTH="12" VPOS="1388" HPOS="1020"/>
                  <String HEIGHT="43"
                          WIDTH="93"
                          VPOS="1388"
                          HPOS="986"
                          CONTENT="quod"/>
                  <SP HEIGHT="43" WIDTH="12" VPOS="1388" HPOS="1078"/>
                  <String HEIGHT="43"
                          WIDTH="104"
                          VPOS="1388"
                          HPOS="1044"
                          CONTENT="nihil"/>
                  <SP HEIGHT="43" WIDTH="12" VPOS="1388" HPOS="1148"/>
                  <String HEIGHT="43"
                          WIDTH="116"
                          VPOS="1388"
                          HPOS="1113"
                          CONTENT="potest"/>
                  <SP HEIGHT="43" WIDTH="12" VPOS="1388" HPOS="1229"/>
                  <String HEIGHT="43"
                          WIDTH="104"
                          VPOS="1388"
                          HPOS="1194"
                          CONTENT="amari"/>
                  <SP HEIGHT="43" WIDTH="12" VPOS="1388" HPOS="1298"/>
                  <String HEIGHT="43"
                          WIDTH="93"
                          VPOS="1388"
                          HPOS="1264"
                          CONTENT="nisi"/>
                  <SP HEIGHT="43" WIDTH="12" VPOS="1388" HPOS="1356"/>
                  <String HEIGHT="43"
                          WIDTH="139"
                          VPOS="1388"
                          HPOS="1322"
                          CONTENT="cognitum"/>
                  <SP HEIGHT="43" WIDTH="12" VPOS="1388" HPOS="1461"/>
                  <String HEIGHT="43"
                          WIDTH="127"
                          VPOS="1388"
                          HPOS="1426"
                          CONTENT="quamuis"/>
                  <SP HEIGHT="43" WIDTH="12" VPOS="1388" HPOS="1553"/>
                  <String HEIGHT="43"
                          WIDTH="58"
                          VPOS="1388"
                          HPOS="1507"
                          CONTENT="ali"/>
               </TextLine>
               <TextLine ID="r2l85"
                         BASELINE="1459"
                         HEIGHT="40"
                         WIDTH="593"
                         VPOS="1419"
                         HPOS="975">
                  <String HEIGHT="40"
                          WIDTH="97"
                          VPOS="1419"
                          HPOS="963"
                          CONTENT="quid"/>
                  <SP HEIGHT="40" WIDTH="12" VPOS="1419" HPOS="1060"/>
                  <String HEIGHT="40"
                          WIDTH="121"
                          VPOS="1419"
                          HPOS="1023"
                          CONTENT="possit"/>
                  <SP HEIGHT="40" WIDTH="12" VPOS="1419" HPOS="1144"/>
                  <String HEIGHT="40"
                          WIDTH="145"
                          VPOS="1419"
                          HPOS="1108"
                          CONTENT="cognosci"/>
                  <SP HEIGHT="40" WIDTH="12" VPOS="1419" HPOS="1253"/>
                  <String HEIGHT="40" WIDTH="73" VPOS="1419" HPOS="1217" CONTENT="et"/>
                  <SP HEIGHT="40" WIDTH="12" VPOS="1419" HPOS="1290"/>
                  <String HEIGHT="40"
                          WIDTH="85"
                          VPOS="1419"
                          HPOS="1253"
                          CONTENT="non"/>
                  <SP HEIGHT="40" WIDTH="12" VPOS="1419" HPOS="1338"/>
                  <String HEIGHT="40"
                          WIDTH="109"
                          VPOS="1419"
                          HPOS="1302"
                          CONTENT="amari"/>
                  <SP HEIGHT="40" WIDTH="12" VPOS="1419" HPOS="1411"/>
                  <String HEIGHT="40"
                          WIDTH="121"
                          VPOS="1419"
                          HPOS="1374"
                          CONTENT="igitur"/>
                  <SP HEIGHT="40" WIDTH="12" VPOS="1419" HPOS="1495"/>
                  <String HEIGHT="40"
                          WIDTH="121"
                          VPOS="1419"
                          HPOS="1447"
                          CONTENT="cognitio"/>
               </TextLine>
               <TextLine ID="r2l87"
                         BASELINE="1485"
                         HEIGHT="39"
                         WIDTH="594"
                         VPOS="1446"
                         HPOS="971">
                  <String HEIGHT="39" WIDTH="82" VPOS="1446" HPOS="959" CONTENT="est"/>
                  <SP HEIGHT="39" WIDTH="12" VPOS="1446" HPOS="1041"/>
                  <String HEIGHT="39"
                          WIDTH="116"
                          VPOS="1446"
                          HPOS="1006"
                          CONTENT="aliquo"/>
                  <SP HEIGHT="39" WIDTH="12" VPOS="1446" HPOS="1122"/>
                  <String HEIGHT="39"
                          WIDTH="93"
                          VPOS="1446"
                          HPOS="1087"
                          CONTENT="modo"/>
                  <SP HEIGHT="39" WIDTH="12" VPOS="1446" HPOS="1181"/>
                  <String HEIGHT="39"
                          WIDTH="105"
                          VPOS="1446"
                          HPOS="1146"
                          CONTENT="causa"/>
                  <SP HEIGHT="39" WIDTH="12" VPOS="1446" HPOS="1251"/>
                  <String HEIGHT="39"
                          WIDTH="116"
                          VPOS="1446"
                          HPOS="1216"
                          CONTENT="amoris"/>
                  <SP HEIGHT="39" WIDTH="12" VPOS="1446" HPOS="1332"/>
                  <String HEIGHT="39" WIDTH="70" VPOS="1446" HPOS="1297" CONTENT="et"/>
                  <SP HEIGHT="39" WIDTH="12" VPOS="1446" HPOS="1367"/>
                  <String HEIGHT="39"
                          WIDTH="82"
                          VPOS="1446"
                          HPOS="1332"
                          CONTENT="non"/>
                  <SP HEIGHT="39" WIDTH="12" VPOS="1446" HPOS="1414"/>
                  <String HEIGHT="39" WIDTH="47" VPOS="1446" HPOS="1379" CONTENT=""/>
                  <SP HEIGHT="39" WIDTH="12" VPOS="1446" HPOS="1425"/>
                  <String HEIGHT="39"
                          WIDTH="163"
                          VPOS="1446"
                          HPOS="1390"
                          CONTENT="materialis"/>
                  <SP HEIGHT="39" WIDTH="12" VPOS="1446" HPOS="1553"/>
                  <String HEIGHT="39"
                          WIDTH="58"
                          VPOS="1446"
                          HPOS="1507"
                          CONTENT="nec"/>
               </TextLine>
               <TextLine ID="r2l89"
                         BASELINE="1518"
                         HEIGHT="46"
                         WIDTH="593"
                         VPOS="1472"
                         HPOS="972">
                  <String HEIGHT="46"
                          WIDTH="130"
                          VPOS="1472"
                          HPOS="960"
                          CONTENT="finalis"/>
                  <SP HEIGHT="46" WIDTH="12" VPOS="1472" HPOS="1091"/>
                  <String HEIGHT="46"
                          WIDTH="119"
                          VPOS="1472"
                          HPOS="1055"
                          CONTENT="igitur"/>
                  <SP HEIGHT="46" WIDTH="12" VPOS="1472" HPOS="1174"/>
                  <String HEIGHT="46"
                          WIDTH="154"
                          VPOS="1472"
                          HPOS="1138"
                          CONTENT="effectiua"/>
                  <SP HEIGHT="46" WIDTH="12" VPOS="1472" HPOS="1292"/>
                  <String HEIGHT="46"
                          WIDTH="119"
                          VPOS="1472"
                          HPOS="1257"
                          CONTENT="igitur"/>
                  <SP HEIGHT="46" WIDTH="12" VPOS="1472" HPOS="1375"/>
                  <String HEIGHT="46"
                          WIDTH="95"
                          VPOS="1472"
                          HPOS="1340"
                          CONTENT="amor"/>
                  <SP HEIGHT="46" WIDTH="12" VPOS="1472" HPOS="1435"/>
                  <String HEIGHT="46"
                          WIDTH="142"
                          VPOS="1472"
                          HPOS="1399"
                          CONTENT="procedit"/>
                  <SP HEIGHT="46" WIDTH="12" VPOS="1472" HPOS="1541"/>
                  <String HEIGHT="46" WIDTH="59" VPOS="1472" HPOS="1506" CONTENT="a"/>
                  <SP HEIGHT="46" WIDTH="12" VPOS="1472" HPOS="1565"/>
                  <String HEIGHT="46" WIDTH="47" VPOS="1472" HPOS="1518" CONTENT="no"/>
               </TextLine>
               <TextLine ID="r2l91"
                         BASELINE="1543"
                         HEIGHT="40"
                         WIDTH="596"
                         VPOS="1503"
                         HPOS="970">
                  <String HEIGHT="40"
                          WIDTH="119"
                          VPOS="1503"
                          HPOS="958"
                          CONTENT="ticia."/>
                  <SP HEIGHT="40" WIDTH="12" VPOS="1503" HPOS="1077"/>
                  <String HEIGHT="40" WIDTH="60" VPOS="1503" HPOS="1042" CONTENT="⁋"/>
                  <SP HEIGHT="40" WIDTH="12" VPOS="1503" HPOS="1101"/>
                  <String HEIGHT="40"
                          WIDTH="95"
                          VPOS="1503"
                          HPOS="1065"
                          CONTENT="Item"/>
                  <SP HEIGHT="40" WIDTH="12" VPOS="1503" HPOS="1161"/>
                  <String HEIGHT="40" WIDTH="72" VPOS="1503" HPOS="1125" CONTENT="de"/>
                  <SP HEIGHT="40" WIDTH="12" VPOS="1503" HPOS="1196"/>
                  <String HEIGHT="40"
                          WIDTH="83"
                          VPOS="1503"
                          HPOS="1161"
                          CONTENT="hoc"/>
                  <SP HEIGHT="40" WIDTH="12" VPOS="1503" HPOS="1244"/>
                  <String HEIGHT="40"
                          WIDTH="95"
                          VPOS="1503"
                          HPOS="1208"
                          CONTENT="vide"/>
                  <SP HEIGHT="40" WIDTH="12" VPOS="1503" HPOS="1304"/>
                  <String HEIGHT="40"
                          WIDTH="179"
                          VPOS="1503"
                          HPOS="1268"
                          CONTENT="aristotelem"/>
                  <SP HEIGHT="40" WIDTH="12" VPOS="1503" HPOS="1447"/>
                  <String HEIGHT="40"
                          WIDTH="119"
                          VPOS="1503"
                          HPOS="1411"
                          CONTENT="tertio"/>
                  <SP HEIGHT="40" WIDTH="12" VPOS="1503" HPOS="1530"/>
                  <String HEIGHT="40" WIDTH="72" VPOS="1503" HPOS="1494" CONTENT="de"/>
                  <SP HEIGHT="40" WIDTH="12" VPOS="1503" HPOS="1566"/>
                  <String HEIGHT="40"
                          WIDTH="48"
                          VPOS="1503"
                          HPOS="1518"
                          CONTENT="a"
                          SUBS_TYPE="HypPart1"
                          SUBS_CONTENT="anima"/>
                  <HYP CONTENT="-"/>
               </TextLine>
               <TextLine ID="r2l93"
                         BASELINE="1566"
                         HEIGHT="34"
                         WIDTH="588"
                         VPOS="1532"
                         HPOS="974">
                  <String HEIGHT="34"
                          WIDTH="96"
                          VPOS="1532"
                          HPOS="962"
                          CONTENT="nima"
                          SUBS_TYPE="HypPart2"
                          SUBS_CONTENT="anima"/>
                  <SP HEIGHT="34" WIDTH="12" VPOS="1532" HPOS="1058"/>
                  <String HEIGHT="34" WIDTH="72" VPOS="1532" HPOS="1022" CONTENT="et"/>
                  <SP HEIGHT="34" WIDTH="12" VPOS="1532" HPOS="1094"/>
                  <String HEIGHT="34"
                          WIDTH="204"
                          VPOS="1532"
                          HPOS="1058"
                          CONTENT="commentatonem"/>
                  <SP HEIGHT="34" WIDTH="12" VPOS="1532" HPOS="1262"/>
                  <String HEIGHT="34"
                          WIDTH="156"
                          VPOS="1532"
                          HPOS="1226"
                          CONTENT="commento."/>
                  <SP HEIGHT="34" WIDTH="12" VPOS="1532" HPOS="1382"/>
                  <String HEIGHT="34"
                          WIDTH="84"
                          VPOS="1532"
                          HPOS="1346"
                          CONTENT="5o."/>
                  <SP HEIGHT="34" WIDTH="12" VPOS="1532" HPOS="1430"/>
                  <String HEIGHT="34" WIDTH="60" VPOS="1532" HPOS="1394" CONTENT="⁋"/>
                  <SP HEIGHT="34" WIDTH="12" VPOS="1532" HPOS="1454"/>
                  <String HEIGHT="34"
                          WIDTH="96"
                          VPOS="1532"
                          HPOS="1418"
                          CONTENT="Item"/>
                  <SP HEIGHT="34" WIDTH="12" VPOS="1532" HPOS="1514"/>
                  <String HEIGHT="34" WIDTH="72" VPOS="1532" HPOS="1478" CONTENT="12"/>
                  <SP HEIGHT="34" WIDTH="12" VPOS="1532" HPOS="1550"/>
                  <String HEIGHT="34"
                          WIDTH="60"
                          VPOS="1532"
                          HPOS="1502"
                          CONTENT="me"
                          SUBS_TYPE="HypPart1"
                          SUBS_CONTENT="metha."/>
                  <HYP CONTENT="-"/>
               </TextLine>
               <TextLine ID="r2l95"
                         BASELINE="1599"
                         HEIGHT="40"
                         WIDTH="602"
                         VPOS="1559"
                         HPOS="971">
                  <String HEIGHT="40"
                          WIDTH="98"
                          VPOS="1559"
                          HPOS="959"
                          CONTENT="tha."
                          SUBS_TYPE="HypPart2"
                          SUBS_CONTENT="metha."/>
                  <SP HEIGHT="40" WIDTH="12" VPOS="1559" HPOS="1057"/>
                  <String HEIGHT="40"
                          WIDTH="147"
                          VPOS="1559"
                          HPOS="1020"
                          CONTENT="commento"/>
                  <SP HEIGHT="40" WIDTH="12" VPOS="1559" HPOS="1168"/>
                  <String HEIGHT="40" WIDTH="74" VPOS="1559" HPOS="1131" CONTENT="36"/>
                  <SP HEIGHT="40" WIDTH="12" VPOS="1559" HPOS="1204"/>
                  <String HEIGHT="40"
                          WIDTH="111"
                          VPOS="1559"
                          HPOS="1168"
                          CONTENT="sicut"/>
                  <SP HEIGHT="40" WIDTH="12" VPOS="1559" HPOS="1278"/>
                  <String HEIGHT="40"
                          WIDTH="160"
                          VPOS="1559"
                          HPOS="1241"
                          CONTENT="appetitus"/>
                  <SP HEIGHT="40" WIDTH="12" VPOS="1559" HPOS="1401"/>
                  <String HEIGHT="40" WIDTH="74" VPOS="1559" HPOS="1364" CONTENT="in"/>
                  <SP HEIGHT="40" WIDTH="12" VPOS="1559" HPOS="1438"/>
                  <String HEIGHT="40"
                          WIDTH="123"
                          VPOS="1559"
                          HPOS="1401"
                          CONTENT="brutis"/>
                  <SP HEIGHT="40" WIDTH="12" VPOS="1559" HPOS="1524"/>
                  <String HEIGHT="40"
                          WIDTH="98"
                          VPOS="1559"
                          HPOS="1475"
                          CONTENT="anima"
                          SUBS_TYPE="HypPart1"
                          SUBS_CONTENT="animalibus"/>
                  <HYP CONTENT="-"/>
               </TextLine>
               <TextLine ID="r2l97"
                         BASELINE="1624"
                         HEIGHT="37"
                         WIDTH="596"
                         VPOS="1587"
                         HPOS="974">
                  <String HEIGHT="37"
                          WIDTH="109"
                          VPOS="1587"
                          HPOS="962"
                          CONTENT="libus"
                          SUBS_TYPE="HypPart2"
                          SUBS_CONTENT="animalibus"/>
                  <SP HEIGHT="37" WIDTH="12" VPOS="1587" HPOS="1071"/>
                  <String HEIGHT="37"
                          WIDTH="85"
                          VPOS="1587"
                          HPOS="1035"
                          CONTENT="est"/>
                  <SP HEIGHT="37" WIDTH="12" VPOS="1587" HPOS="1120"/>
                  <String HEIGHT="37"
                          WIDTH="134"
                          VPOS="1587"
                          HPOS="1083"
                          CONTENT="propter"/>
                  <SP HEIGHT="37" WIDTH="12" VPOS="1587" HPOS="1217"/>
                  <String HEIGHT="37"
                          WIDTH="122"
                          VPOS="1587"
                          HPOS="1181"
                          CONTENT="sensum"/>
                  <SP HEIGHT="37" WIDTH="12" VPOS="1587" HPOS="1302"/>
                  <String HEIGHT="37"
                          WIDTH="85"
                          VPOS="1587"
                          HPOS="1266"
                          CONTENT="qui"/>
                  <SP HEIGHT="37" WIDTH="12" VPOS="1587" HPOS="1351"/>
                  <String HEIGHT="37"
                          WIDTH="182"
                          VPOS="1587"
                          HPOS="1315"
                          CONTENT="apprehendit"/>
                  <SP HEIGHT="37" WIDTH="12" VPOS="1587" HPOS="1497"/>
                  <String HEIGHT="37"
                          WIDTH="122"
                          VPOS="1587"
                          HPOS="1448"
                          CONTENT="voluptuo"/>
               </TextLine>
               <TextLine ID="r2l99"
                         BASELINE="1651"
                         HEIGHT="34"
                         WIDTH="599"
                         VPOS="1617"
                         HPOS="966">
                  <String HEIGHT="34" WIDTH="81" VPOS="1617" HPOS="954" CONTENT="sum"/>
                  <SP HEIGHT="34" WIDTH="12" VPOS="1617" HPOS="1035"/>
                  <String HEIGHT="34"
                          WIDTH="81"
                          VPOS="1617"
                          HPOS="1001"
                          CONTENT="ita"/>
                  <SP HEIGHT="34" WIDTH="12" VPOS="1617" HPOS="1081"/>
                  <String HEIGHT="34"
                          WIDTH="138"
                          VPOS="1617"
                          HPOS="1047"
                          CONTENT="voluntas"/>
                  <SP HEIGHT="34" WIDTH="12" VPOS="1617" HPOS="1185"/>
                  <String HEIGHT="34"
                          WIDTH="92"
                          VPOS="1617"
                          HPOS="1150"
                          CONTENT="siue"/>
                  <SP HEIGHT="34" WIDTH="12" VPOS="1617" HPOS="1242"/>
                  <String HEIGHT="34"
                          WIDTH="161"
                          VPOS="1617"
                          HPOS="1208"
                          CONTENT="defiderium"/>
                  <SP HEIGHT="34" WIDTH="12" VPOS="1617" HPOS="1369"/>
                  <String HEIGHT="34"
                          WIDTH="173"
                          VPOS="1617"
                          HPOS="1335"
                          CONTENT="intellectus"/>
                  <SP HEIGHT="34" WIDTH="12" VPOS="1617" HPOS="1507"/>
                  <String HEIGHT="34"
                          WIDTH="81"
                          VPOS="1617"
                          HPOS="1473"
                          CONTENT="est"/>
                  <SP HEIGHT="34" WIDTH="12" VPOS="1617" HPOS="1553"/>
                  <String HEIGHT="34"
                          WIDTH="58"
                          VPOS="1617"
                          HPOS="1507"
                          CONTENT="per"/>
               </TextLine>
               <TextLine ID="r2l101"
                         BASELINE="1683"
                         HEIGHT="40"
                         WIDTH="588"
                         VPOS="1643"
                         HPOS="974">
                  <String HEIGHT="40"
                          WIDTH="196"
                          VPOS="1643"
                          HPOS="962"
                          CONTENT="intellectum."/>
                  <SP HEIGHT="40" WIDTH="12" VPOS="1643" HPOS="1158"/>
                  <String HEIGHT="40" WIDTH="61" VPOS="1643" HPOS="1121" CONTENT="⁋"/>
                  <SP HEIGHT="40" WIDTH="12" VPOS="1643" HPOS="1182"/>
                  <String HEIGHT="40" WIDTH="74" VPOS="1643" HPOS="1146" CONTENT="Ad"/>
                  <SP HEIGHT="40" WIDTH="12" VPOS="1643" HPOS="1219"/>
                  <String HEIGHT="40"
                          WIDTH="110"
                          VPOS="1643"
                          HPOS="1182"
                          CONTENT="istud"/>
                  <SP HEIGHT="40" WIDTH="12" VPOS="1643" HPOS="1293"/>
                  <String HEIGHT="40"
                          WIDTH="123"
                          VPOS="1643"
                          HPOS="1256"
                          CONTENT="dubium"/>
                  <SP HEIGHT="40" WIDTH="12" VPOS="1643" HPOS="1378"/>
                  <String HEIGHT="40"
                          WIDTH="184"
                          VPOS="1643"
                          HPOS="1342"
                          CONTENT="respondetur"/>
                  <SP HEIGHT="40" WIDTH="12" VPOS="1643" HPOS="1525"/>
                  <String HEIGHT="40"
                          WIDTH="86"
                          VPOS="1643"
                          HPOS="1476"
                          CONTENT="affir"/>
               </TextLine>
               <TextLine ID="r2l103"
                         BASELINE="1715"
                         HEIGHT="43"
                         WIDTH="603"
                         VPOS="1672"
                         HPOS="967">
                  <String HEIGHT="43"
                          WIDTH="134"
                          VPOS="1672"
                          HPOS="954"
                          CONTENT="matiue"/>
                  <SP HEIGHT="43" WIDTH="13" VPOS="1672" HPOS="1088"/>
                  <String HEIGHT="43"
                          WIDTH="161"
                          VPOS="1672"
                          HPOS="1047"
                          CONTENT="loquendo"/>
                  <SP HEIGHT="43" WIDTH="13" VPOS="1672" HPOS="1208"/>
                  <String HEIGHT="43" WIDTH="80" VPOS="1672" HPOS="1168" CONTENT="de"/>
                  <SP HEIGHT="43" WIDTH="13" VPOS="1672" HPOS="1248"/>
                  <String HEIGHT="43"
                          WIDTH="121"
                          VPOS="1672"
                          HPOS="1208"
                          CONTENT="amore"/>
                  <SP HEIGHT="43" WIDTH="13" VPOS="1672" HPOS="1329"/>
                  <String HEIGHT="43"
                          WIDTH="94"
                          VPOS="1672"
                          HPOS="1289"
                          CONTENT="qui"/>
                  <SP HEIGHT="43" WIDTH="13" VPOS="1672" HPOS="1382"/>
                  <String HEIGHT="43"
                          WIDTH="94"
                          VPOS="1672"
                          HPOS="1342"
                          CONTENT="est"/>
                  <SP HEIGHT="43" WIDTH="13" VPOS="1672" HPOS="1436"/>
                  <String HEIGHT="43"
                          WIDTH="121"
                          VPOS="1672"
                          HPOS="1396"
                          CONTENT="actus"/>
                  <SP HEIGHT="43" WIDTH="13" VPOS="1672" HPOS="1516"/>
                  <String HEIGHT="43"
                          WIDTH="107"
                          VPOS="1672"
                          HPOS="1463"
                          CONTENT="amandi"/>
               </TextLine>
               <TextLine ID="r2l105"
                         BASELINE="1740"
                         HEIGHT="36"
                         WIDTH="602"
                         VPOS="1704"
                         HPOS="965">
                  <String HEIGHT="36" WIDTH="88" VPOS="1704" HPOS="952" CONTENT="vel"/>
                  <SP HEIGHT="36" WIDTH="13" VPOS="1704" HPOS="1040"/>
                  <String HEIGHT="36"
                          WIDTH="201"
                          VPOS="1704"
                          HPOS="1003"
                          CONTENT="appetendiper"/>
                  <SP HEIGHT="36" WIDTH="13" VPOS="1704" HPOS="1203"/>
                  <String HEIGHT="36"
                          WIDTH="100"
                          VPOS="1704"
                          HPOS="1166"
                          CONTENT="viam"/>
                  <SP HEIGHT="36" WIDTH="13" VPOS="1704" HPOS="1266"/>
                  <String HEIGHT="36"
                          WIDTH="125"
                          VPOS="1704"
                          HPOS="1228"
                          CONTENT="nature"/>
                  <SP HEIGHT="36" WIDTH="13" VPOS="1704" HPOS="1354"/>
                  <String HEIGHT="36"
                          WIDTH="151"
                          VPOS="1704"
                          HPOS="1316"
                          CONTENT="causatus"/>
                  <SP HEIGHT="36" WIDTH="13" VPOS="1704" HPOS="1467"/>
                  <String HEIGHT="36" WIDTH="75" VPOS="1704" HPOS="1429" CONTENT="et"/>
                  <SP HEIGHT="36" WIDTH="13" VPOS="1704" HPOS="1504"/>
                  <String HEIGHT="36"
                          WIDTH="100"
                          VPOS="1704"
                          HPOS="1467"
                          CONTENT="ideo"/>
                  <SP HEIGHT="36" WIDTH="13" VPOS="1704" HPOS="1567"/>
                  <String HEIGHT="36"
                          WIDTH="50"
                          VPOS="1704"
                          HPOS="1517"
                          CONTENT="a"
                          SUBS_TYPE="HypPart1"
                          SUBS_CONTENT="amor"/>
                  <HYP CONTENT="-"/>
               </TextLine>
               <TextLine ID="r2l107"
                         BASELINE="1763"
                         HEIGHT="31"
                         WIDTH="591"
                         VPOS="1732"
                         HPOS="973">
                  <String HEIGHT="31"
                          WIDTH="92"
                          VPOS="1732"
                          HPOS="960"
                          CONTENT="mor"
                          SUBS_TYPE="HypPart2"
                          SUBS_CONTENT="amor"/>
                  <SP HEIGHT="31" WIDTH="13" VPOS="1732" HPOS="1052"/>
                  <String HEIGHT="31"
                          WIDTH="171"
                          VPOS="1732"
                          HPOS="1012"
                          CONTENT="huiusmodi"/>
                  <SP HEIGHT="31" WIDTH="13" VPOS="1732" HPOS="1183"/>
                  <String HEIGHT="31"
                          WIDTH="118"
                          VPOS="1732"
                          HPOS="1144"
                          CONTENT="inter"/>
                  <SP HEIGHT="31" WIDTH="13" VPOS="1732" HPOS="1262"/>
                  <String HEIGHT="31"
                          WIDTH="131"
                          VPOS="1732"
                          HPOS="1223"
                          CONTENT="partes"/>
                  <SP HEIGHT="31" WIDTH="13" VPOS="1732" HPOS="1354"/>
                  <String HEIGHT="31"
                          WIDTH="158"
                          VPOS="1732"
                          HPOS="1314"
                          CONTENT="ymaginis"/>
                  <SP HEIGHT="31" WIDTH="13" VPOS="1732" HPOS="1472"/>
                  <String HEIGHT="31"
                          WIDTH="144"
                          VPOS="1732"
                          HPOS="1420"
                          CONTENT="proportio"/>
               </TextLine>
               <TextLine ID="r2l109"
                         BASELINE="1794"
                         HEIGHT="36"
                         WIDTH="596"
                         VPOS="1758"
                         HPOS="967">
                  <String HEIGHT="36"
                          WIDTH="99"
                          VPOS="1758"
                          HPOS="957"
                          CONTENT="nalite"/>
                  <SP HEIGHT="36" WIDTH="10" VPOS="1758" HPOS="1056"/>
                  <String HEIGHT="36"
                          WIDTH="119"
                          VPOS="1758"
                          HPOS="1027"
                          CONTENT="spiritus"/>
                  <SP HEIGHT="36" WIDTH="10" VPOS="1758" HPOS="1146"/>
                  <String HEIGHT="36"
                          WIDTH="109"
                          VPOS="1758"
                          HPOS="1116"
                          CONTENT="sanctus"/>
                  <SP HEIGHT="36" WIDTH="10" VPOS="1758" HPOS="1225"/>
                  <String HEIGHT="36" WIDTH="60" VPOS="1758" HPOS="1195" CONTENT="in"/>
                  <SP HEIGHT="36" WIDTH="10" VPOS="1758" HPOS="1255"/>
                  <String HEIGHT="36"
                          WIDTH="109"
                          VPOS="1758"
                          HPOS="1225"
                          CONTENT="ymagine"/>
                  <SP HEIGHT="36" WIDTH="10" VPOS="1758" HPOS="1335"/>
                  <String HEIGHT="36"
                          WIDTH="119"
                          VPOS="1758"
                          HPOS="1305"
                          CONTENT="increata"/>
                  <SP HEIGHT="36" WIDTH="10" VPOS="1758" HPOS="1424"/>
                  <String HEIGHT="36"
                          WIDTH="119"
                          VPOS="1758"
                          HPOS="1394"
                          CONTENT="secundum"/>
                  <SP HEIGHT="36" WIDTH="10" VPOS="1758" HPOS="1513"/>
                  <String HEIGHT="36"
                          WIDTH="89"
                          VPOS="1758"
                          HPOS="1474"
                          CONTENT="augusti"/>
               </TextLine>
               <TextLine ID="r2l111"
                         BASELINE="1827"
                         HEIGHT="38"
                         WIDTH="589"
                         VPOS="1789"
                         HPOS="973">
                  <String HEIGHT="38" WIDTH="92" VPOS="1789" HPOS="960" CONTENT="num"/>
                  <SP HEIGHT="38" WIDTH="13" VPOS="1789" HPOS="1052"/>
                  <String HEIGHT="38"
                          WIDTH="92"
                          VPOS="1789"
                          HPOS="1012"
                          CONTENT="vbi"/>
                  <SP HEIGHT="38" WIDTH="13" VPOS="1789" HPOS="1104"/>
                  <String HEIGHT="38"
                          WIDTH="118"
                          VPOS="1789"
                          HPOS="1065"
                          CONTENT="prius"/>
                  <SP HEIGHT="38" WIDTH="13" VPOS="1789" HPOS="1182"/>
                  <String HEIGHT="38"
                          WIDTH="157"
                          VPOS="1789"
                          HPOS="1143"
                          CONTENT="arguendo"/>
                  <SP HEIGHT="38" WIDTH="13" VPOS="1789" HPOS="1300"/>
                  <String HEIGHT="38" WIDTH="79" VPOS="1789" HPOS="1261" CONTENT="ad"/>
                  <SP HEIGHT="38" WIDTH="13" VPOS="1789" HPOS="1339"/>
                  <String HEIGHT="38"
                          WIDTH="131"
                          VPOS="1789"
                          HPOS="1300"
                          CONTENT="partem"/>
                  <SP HEIGHT="38" WIDTH="13" VPOS="1789" HPOS="1431"/>
                  <String HEIGHT="38"
                          WIDTH="170"
                          VPOS="1789"
                          HPOS="1392"
                          CONTENT="oppositam"/>
                  <SP HEIGHT="38" WIDTH="13" VPOS="1789" HPOS="1562"/>
                  <String HEIGHT="38" WIDTH="52" VPOS="1789" HPOS="1510" CONTENT="hu"/>
               </TextLine>
               <TextLine ID="r2l113"
                         BASELINE="1854"
                         HEIGHT="39"
                         WIDTH="584"
                         VPOS="1815"
                         HPOS="973">
                  <String HEIGHT="39" WIDTH="87" VPOS="1815" HPOS="961" CONTENT="ius"/>
                  <SP HEIGHT="39" WIDTH="12" VPOS="1815" HPOS="1048"/>
                  <String HEIGHT="39"
                          WIDTH="211"
                          VPOS="1815"
                          HPOS="1010"
                          CONTENT="dubitationis."/>
                  <SP HEIGHT="39" WIDTH="12" VPOS="1815" HPOS="1222"/>
                  <String HEIGHT="39" WIDTH="62" VPOS="1815" HPOS="1184" CONTENT="⁋"/>
                  <SP HEIGHT="39" WIDTH="12" VPOS="1815" HPOS="1246"/>
                  <String HEIGHT="39" WIDTH="75" VPOS="1815" HPOS="1209" CONTENT="Si"/>
                  <SP HEIGHT="39" WIDTH="12" VPOS="1815" HPOS="1284"/>
                  <String HEIGHT="39"
                          WIDTH="124"
                          VPOS="1815"
                          HPOS="1246"
                          CONTENT="instes"/>
                  <SP HEIGHT="39" WIDTH="12" VPOS="1815" HPOS="1371"/>
                  <String HEIGHT="39"
                          WIDTH="87"
                          VPOS="1815"
                          HPOS="1333"
                          CONTENT="per"/>
                  <SP HEIGHT="39" WIDTH="12" VPOS="1815" HPOS="1420"/>
                  <String HEIGHT="39"
                          WIDTH="174"
                          VPOS="1815"
                          HPOS="1383"
                          CONTENT="augustinum"/>
                  <SP HEIGHT="39" WIDTH="12" VPOS="1815" HPOS="1557"/>
                  <String HEIGHT="39" WIDTH="50" VPOS="1815" HPOS="1507" CONTENT="o."/>
               </TextLine>
               <TextLine ID="r2l115"
                         BASELINE="1877"
                         HEIGHT="33"
                         WIDTH="599"
                         VPOS="1844"
                         HPOS="967">
                  <String HEIGHT="33" WIDTH="67" VPOS="1844" HPOS="956" CONTENT="de"/>
                  <SP HEIGHT="33" WIDTH="11" VPOS="1844" HPOS="1022"/>
                  <String HEIGHT="33"
                          WIDTH="89"
                          VPOS="1844"
                          HPOS="989"
                          CONTENT="tri."/>
                  <SP HEIGHT="33" WIDTH="11" VPOS="1844" HPOS="1078"/>
                  <String HEIGHT="33"
                          WIDTH="78"
                          VPOS="1844"
                          HPOS="1045"
                          CONTENT="vbi"/>
                  <SP HEIGHT="33" WIDTH="11" VPOS="1844" HPOS="1122"/>
                  <String HEIGHT="33"
                          WIDTH="100"
                          VPOS="1844"
                          HPOS="1089"
                          CONTENT="quasi"/>
                  <SP HEIGHT="33" WIDTH="11" VPOS="1844" HPOS="1189"/>
                  <String HEIGHT="33"
                          WIDTH="78"
                          VPOS="1844"
                          HPOS="1156"
                          CONTENT="per"/>
                  <SP HEIGHT="33" WIDTH="11" VPOS="1844" HPOS="1233"/>
                  <String HEIGHT="33"
                          WIDTH="100"
                          VPOS="1844"
                          HPOS="1200"
                          CONTENT="totum"/>
                  <SP HEIGHT="33" WIDTH="11" VPOS="1844" HPOS="1300"/>
                  <String HEIGHT="33"
                          WIDTH="100"
                          VPOS="1844"
                          HPOS="1267"
                          CONTENT="dicit"/>
                  <SP HEIGHT="33" WIDTH="11" VPOS="1844" HPOS="1366"/>
                  <String HEIGHT="33"
                          WIDTH="89"
                          VPOS="1844"
                          HPOS="1333"
                          CONTENT="quod"/>
                  <SP HEIGHT="33" WIDTH="11" VPOS="1844" HPOS="1422"/>
                  <String HEIGHT="33"
                          WIDTH="89"
                          VPOS="1844"
                          HPOS="1389"
                          CONTENT="mens"/>
                  <SP HEIGHT="33" WIDTH="11" VPOS="1844" HPOS="1477"/>
                  <String HEIGHT="33"
                          WIDTH="111"
                          VPOS="1844"
                          HPOS="1444"
                          CONTENT="humana"/>
                  <SP HEIGHT="33" WIDTH="11" VPOS="1844" HPOS="1555"/>
                  <String HEIGHT="33"
                          WIDTH="55"
                          VPOS="1844"
                          HPOS="1511"
                          CONTENT="est"/>
               </TextLine>
               <TextLine ID="r2l117"
                         BASELINE="1910"
                         HEIGHT="36"
                         WIDTH="590"
                         VPOS="1874"
                         HPOS="972">
                  <String HEIGHT="36"
                          WIDTH="106"
                          VPOS="1874"
                          HPOS="960"
                          CONTENT="ymago"/>
                  <SP HEIGHT="36" WIDTH="12" VPOS="1874" HPOS="1066"/>
                  <String HEIGHT="36"
                          WIDTH="165"
                          VPOS="1874"
                          HPOS="1031"
                          CONTENT="trinitatis"/>
                  <SP HEIGHT="36" WIDTH="12" VPOS="1874" HPOS="1196"/>
                  <String HEIGHT="36"
                          WIDTH="142"
                          VPOS="1874"
                          HPOS="1161"
                          CONTENT="increate"/>
                  <SP HEIGHT="36" WIDTH="12" VPOS="1874" HPOS="1302"/>
                  <String HEIGHT="36"
                          WIDTH="130"
                          VPOS="1874"
                          HPOS="1267"
                          CONTENT="ratione"/>
                  <SP HEIGHT="36" WIDTH="12" VPOS="1874" HPOS="1397"/>
                  <String HEIGHT="36"
                          WIDTH="118"
                          VPOS="1874"
                          HPOS="1361"
                          CONTENT="istius"/>
                  <SP HEIGHT="36" WIDTH="12" VPOS="1874" HPOS="1479"/>
                  <String HEIGHT="36"
                          WIDTH="130"
                          VPOS="1874"
                          HPOS="1432"
                          CONTENT="trinitati"/>
               </TextLine>
               <TextLine ID="r2l119"
                         BASELINE="1937"
                         HEIGHT="36"
                         WIDTH="598"
                         VPOS="1901"
                         HPOS="965">
                  <String HEIGHT="36"
                          WIDTH="135"
                          VPOS="1901"
                          HPOS="954"
                          CONTENT="scilicet"/>
                  <SP HEIGHT="36" WIDTH="11" VPOS="1901" HPOS="1089"/>
                  <String HEIGHT="36"
                          WIDTH="113"
                          VPOS="1901"
                          HPOS="1055"
                          CONTENT="mentis"/>
                  <SP HEIGHT="36" WIDTH="11" VPOS="1901" HPOS="1168"/>
                  <String HEIGHT="36"
                          WIDTH="124"
                          VPOS="1901"
                          HPOS="1134"
                          CONTENT="noticie"/>
                  <SP HEIGHT="36" WIDTH="11" VPOS="1901" HPOS="1258"/>
                  <String HEIGHT="36" WIDTH="68" VPOS="1901" HPOS="1225" CONTENT="et"/>
                  <SP HEIGHT="36" WIDTH="11" VPOS="1901" HPOS="1292"/>
                  <String HEIGHT="36"
                          WIDTH="113"
                          VPOS="1901"
                          HPOS="1258"
                          CONTENT="amotur"/>
                  <SP HEIGHT="36" WIDTH="11" VPOS="1901" HPOS="1371"/>
                  <String HEIGHT="36" WIDTH="68" VPOS="1901" HPOS="1337" CONTENT="in"/>
                  <SP HEIGHT="36" WIDTH="11" VPOS="1901" HPOS="1405"/>
                  <String HEIGHT="36"
                          WIDTH="79"
                          VPOS="1901"
                          HPOS="1371"
                          CONTENT="qua"/>
                  <SP HEIGHT="36" WIDTH="11" VPOS="1901" HPOS="1450"/>
                  <String HEIGHT="36"
                          WIDTH="147"
                          VPOS="1901"
                          HPOS="1416"
                          CONTENT="trinitate"/>
                  <SP HEIGHT="36" WIDTH="11" VPOS="1901" HPOS="1563"/>
                  <String HEIGHT="36" WIDTH="45" VPOS="1901" HPOS="1518" CONTENT="no"/>
               </TextLine>
               <TextLine ID="r2l121"
                         BASELINE="1963"
                         HEIGHT="38"
                         WIDTH="594"
                         VPOS="1925"
                         HPOS="966">
                  <String HEIGHT="38"
                          WIDTH="107"
                          VPOS="1925"
                          HPOS="954"
                          CONTENT="ticia"/>
                  <SP HEIGHT="38" WIDTH="12" VPOS="1925" HPOS="1061"/>
                  <String HEIGHT="38"
                          WIDTH="143"
                          VPOS="1925"
                          HPOS="1025"
                          CONTENT="procedit"/>
                  <SP HEIGHT="38" WIDTH="12" VPOS="1925" HPOS="1168"/>
                  <String HEIGHT="38" WIDTH="71" VPOS="1925" HPOS="1132" CONTENT="de"/>
                  <SP HEIGHT="38" WIDTH="12" VPOS="1925" HPOS="1204"/>
                  <String HEIGHT="38"
                          WIDTH="107"
                          VPOS="1925"
                          HPOS="1168"
                          CONTENT="mente"/>
                  <SP HEIGHT="38" WIDTH="12" VPOS="1925" HPOS="1275"/>
                  <String HEIGHT="38" WIDTH="71" VPOS="1925" HPOS="1239" CONTENT="et"/>
                  <SP HEIGHT="38" WIDTH="12" VPOS="1925" HPOS="1311"/>
                  <String HEIGHT="38"
                          WIDTH="95"
                          VPOS="1925"
                          HPOS="1275"
                          CONTENT="amor"/>
                  <SP HEIGHT="38" WIDTH="12" VPOS="1925" HPOS="1370"/>
                  <String HEIGHT="38" WIDTH="71" VPOS="1925" HPOS="1334" CONTENT="de"/>
                  <SP HEIGHT="38" WIDTH="12" VPOS="1925" HPOS="1406"/>
                  <String HEIGHT="38"
                          WIDTH="131"
                          VPOS="1925"
                          HPOS="1370"
                          CONTENT="noticia"/>
                  <SP HEIGHT="38" WIDTH="12" VPOS="1925" HPOS="1501"/>
                  <String HEIGHT="38" WIDTH="71" VPOS="1925" HPOS="1465" CONTENT="et"/>
                  <SP HEIGHT="38" WIDTH="12" VPOS="1925" HPOS="1536"/>
                  <String HEIGHT="38"
                          WIDTH="71"
                          VPOS="1925"
                          HPOS="1489"
                          CONTENT="tanm"/>
               </TextLine>
               <TextLine ID="r2l123"
                         BASELINE="1994"
                         HEIGHT="42"
                         WIDTH="590"
                         VPOS="1952"
                         HPOS="970">
                  <String HEIGHT="42" WIDTH="74" VPOS="1952" HPOS="959" CONTENT="ibi"/>
                  <SP HEIGHT="42" WIDTH="11" VPOS="1952" HPOS="1033"/>
                  <String HEIGHT="42"
                          WIDTH="126"
                          VPOS="1952"
                          HPOS="1002"
                          CONTENT="secundum"/>
                  <SP HEIGHT="42" WIDTH="11" VPOS="1952" HPOS="1128"/>
                  <String HEIGHT="42"
                          WIDTH="74"
                          VPOS="1952"
                          HPOS="1096"
                          CONTENT="eum"/>
                  <SP HEIGHT="42" WIDTH="11" VPOS="1952" HPOS="1170"/>
                  <String HEIGHT="42"
                          WIDTH="74"
                          VPOS="1952"
                          HPOS="1139"
                          CONTENT="tam"/>
                  <SP HEIGHT="42" WIDTH="11" VPOS="1952" HPOS="1212"/>
                  <String HEIGHT="42"
                          WIDTH="84"
                          VPOS="1952"
                          HPOS="1181"
                          CONTENT="amor"/>
                  <SP HEIGHT="42" WIDTH="11" VPOS="1952" HPOS="1265"/>
                  <String HEIGHT="42"
                          WIDTH="84"
                          VPOS="1952"
                          HPOS="1233"
                          CONTENT="quam"/>
                  <SP HEIGHT="42" WIDTH="11" VPOS="1952" HPOS="1318"/>
                  <String HEIGHT="42"
                          WIDTH="116"
                          VPOS="1952"
                          HPOS="1286"
                          CONTENT="noticia"/>
                  <SP HEIGHT="42" WIDTH="11" VPOS="1952" HPOS="1402"/>
                  <String HEIGHT="42"
                          WIDTH="84"
                          VPOS="1952"
                          HPOS="1370"
                          CONTENT="sunt"/>
                  <SP HEIGHT="42" WIDTH="11" VPOS="1952" HPOS="1455"/>
                  <String HEIGHT="42"
                          WIDTH="74"
                          VPOS="1952"
                          HPOS="1423"
                          CONTENT="vna"/>
                  <SP HEIGHT="42" WIDTH="11" VPOS="1952" HPOS="1497"/>
                  <String HEIGHT="42"
                          WIDTH="105"
                          VPOS="1952"
                          HPOS="1455"
                          CONTENT="essentia"/>
               </TextLine>
               <TextLine ID="r2l125"
                         BASELINE="2022"
                         HEIGHT="40"
                         WIDTH="594"
                         VPOS="1982"
                         HPOS="959">
                  <String HEIGHT="40"
                          WIDTH="198"
                          VPOS="1982"
                          HPOS="947"
                          CONTENT="mentisigitur"/>
                  <SP HEIGHT="40" WIDTH="12" VPOS="1982" HPOS="1145"/>
                  <String HEIGHT="40"
                          WIDTH="99"
                          VPOS="1982"
                          HPOS="1108"
                          CONTENT="amor"/>
                  <SP HEIGHT="40" WIDTH="12" VPOS="1982" HPOS="1207"/>
                  <String HEIGHT="40"
                          WIDTH="87"
                          VPOS="1982"
                          HPOS="1169"
                          CONTENT="ibi"/>
                  <SP HEIGHT="40" WIDTH="12" VPOS="1982" HPOS="1256"/>
                  <String HEIGHT="40"
                          WIDTH="87"
                          VPOS="1982"
                          HPOS="1219"
                          CONTENT="non"/>
                  <SP HEIGHT="40" WIDTH="12" VPOS="1982" HPOS="1306"/>
                  <String HEIGHT="40"
                          WIDTH="198"
                          VPOS="1982"
                          HPOS="1268"
                          CONTENT="distinguitur"/>
                  <SP HEIGHT="40" WIDTH="12" VPOS="1982" HPOS="1466"/>
                  <String HEIGHT="40" WIDTH="62" VPOS="1982" HPOS="1429" CONTENT="a"/>
                  <SP HEIGHT="40" WIDTH="12" VPOS="1982" HPOS="1491"/>
                  <String HEIGHT="40"
                          WIDTH="111"
                          VPOS="1982"
                          HPOS="1442"
                          CONTENT="noticia"/>
               </TextLine>
               <TextLine ID="r2l127"
                         BASELINE="2050"
                         HEIGHT="39"
                         WIDTH="599"
                         VPOS="2011"
                         HPOS="961">
                  <String HEIGHT="39"
                          WIDTH="144"
                          VPOS="2011"
                          HPOS="949"
                          CONTENT="actualia"/>
                  <SP HEIGHT="39" WIDTH="12" VPOS="2011" HPOS="1093"/>
                  <String HEIGHT="39"
                          WIDTH="84"
                          VPOS="2011"
                          HPOS="1057"
                          CONTENT="qua"/>
                  <SP HEIGHT="39" WIDTH="12" VPOS="2011" HPOS="1141"/>
                  <String HEIGHT="39"
                          WIDTH="144"
                          VPOS="2011"
                          HPOS="1105"
                          CONTENT="procedit"/>
                  <SP HEIGHT="39" WIDTH="12" VPOS="2011" HPOS="1249"/>
                  <String HEIGHT="39"
                          WIDTH="84"
                          VPOS="2011"
                          HPOS="1213"
                          CONTENT="nec"/>
                  <SP HEIGHT="39" WIDTH="12" VPOS="2011" HPOS="1296"/>
                  <String HEIGHT="39"
                          WIDTH="132"
                          VPOS="2011"
                          HPOS="1261"
                          CONTENT="noticia"/>
                  <SP HEIGHT="39" WIDTH="12" VPOS="2011" HPOS="1392"/>
                  <String HEIGHT="39"
                          WIDTH="144"
                          VPOS="2011"
                          HPOS="1356"
                          CONTENT="actualis"/>
                  <SP HEIGHT="39" WIDTH="12" VPOS="2011" HPOS="1500"/>
                  <String HEIGHT="39"
                          WIDTH="84"
                          VPOS="2011"
                          HPOS="1464"
                          CONTENT="que"/>
                  <SP HEIGHT="39" WIDTH="12" VPOS="2011" HPOS="1548"/>
                  <String HEIGHT="39"
                          WIDTH="60"
                          VPOS="2011"
                          HPOS="1500"
                          CONTENT="est"/>
               </TextLine>
               <TextLine ID="r2l129"
                         BASELINE="2078"
                         HEIGHT="41"
                         WIDTH="603"
                         VPOS="2037"
                         HPOS="957">
                  <String HEIGHT="41" WIDTH="78" VPOS="2037" HPOS="946" CONTENT="ibi"/>
                  <SP HEIGHT="41" WIDTH="11" VPOS="2037" HPOS="1024"/>
                  <String HEIGHT="41"
                          WIDTH="112"
                          VPOS="2037"
                          HPOS="990"
                          CONTENT="proles"/>
                  <SP HEIGHT="41" WIDTH="11" VPOS="2037" HPOS="1102"/>
                  <String HEIGHT="41" WIDTH="56" VPOS="2037" HPOS="1069" CONTENT="a"/>
                  <SP HEIGHT="41" WIDTH="11" VPOS="2037" HPOS="1124"/>
                  <String HEIGHT="41"
                          WIDTH="101"
                          VPOS="2037"
                          HPOS="1091"
                          CONTENT="mente"/>
                  <SP HEIGHT="41" WIDTH="11" VPOS="2037" HPOS="1192"/>
                  <String HEIGHT="41"
                          WIDTH="89"
                          VPOS="2037"
                          HPOS="1158"
                          CONTENT="ipsa"/>
                  <SP HEIGHT="41" WIDTH="11" VPOS="2037" HPOS="1247"/>
                  <String HEIGHT="41"
                          WIDTH="123"
                          VPOS="2037"
                          HPOS="1214"
                          CONTENT="tamquam"/>
                  <SP HEIGHT="41" WIDTH="11" VPOS="2037" HPOS="1337"/>
                  <String HEIGHT="41" WIDTH="56" VPOS="2037" HPOS="1303" CONTENT="a"/>
                  <SP HEIGHT="41" WIDTH="11" VPOS="2037" HPOS="1359"/>
                  <String HEIGHT="41"
                          WIDTH="134"
                          VPOS="2037"
                          HPOS="1326"
                          CONTENT="parente."/>
                  <SP HEIGHT="41" WIDTH="11" VPOS="2037" HPOS="1460"/>
                  <String HEIGHT="41" WIDTH="56" VPOS="2037" HPOS="1426" CONTENT="⁋"/>
                  <SP HEIGHT="41" WIDTH="11" VPOS="2037" HPOS="1482"/>
                  <String HEIGHT="41"
                          WIDTH="123"
                          VPOS="2037"
                          HPOS="1437"
                          CONTENT="Respondet"/>
               </TextLine>
               <TextLine ID="r2l131"
                         BASELINE="2107"
                         HEIGHT="38"
                         WIDTH="594"
                         VPOS="2069"
                         HPOS="962">
                  <String HEIGHT="38"
                          WIDTH="90"
                          VPOS="2069"
                          HPOS="951"
                          CONTENT="vnus"/>
                  <SP HEIGHT="38" WIDTH="11" VPOS="2069" HPOS="1040"/>
                  <String HEIGHT="38"
                          WIDTH="112"
                          VPOS="2069"
                          HPOS="1007"
                          CONTENT="doctor"/>
                  <SP HEIGHT="38" WIDTH="11" VPOS="2069" HPOS="1119"/>
                  <String HEIGHT="38"
                          WIDTH="90"
                          VPOS="2069"
                          HPOS="1085"
                          CONTENT="quod"/>
                  <SP HEIGHT="38" WIDTH="11" VPOS="2069" HPOS="1175"/>
                  <String HEIGHT="38"
                          WIDTH="90"
                          VPOS="2069"
                          HPOS="1141"
                          CONTENT="amor"/>
                  <SP HEIGHT="38" WIDTH="11" VPOS="2069" HPOS="1231"/>
                  <String HEIGHT="38" WIDTH="67" VPOS="2069" HPOS="1197" CONTENT="et"/>
                  <SP HEIGHT="38" WIDTH="11" VPOS="2069" HPOS="1265"/>
                  <String HEIGHT="38"
                          WIDTH="123"
                          VPOS="2069"
                          HPOS="1231"
                          CONTENT="noticia"/>
                  <SP HEIGHT="38" WIDTH="11" VPOS="2069" HPOS="1354"/>
                  <String HEIGHT="38"
                          WIDTH="168"
                          VPOS="2069"
                          HPOS="1321"
                          CONTENT="tripliciter"/>
                  <SP HEIGHT="38" WIDTH="11" VPOS="2069" HPOS="1489"/>
                  <String HEIGHT="38"
                          WIDTH="112"
                          VPOS="2069"
                          HPOS="1444"
                          CONTENT="accipium"/>
               </TextLine>
               <TextLine ID="r2l133"
                         BASELINE="2140"
                         HEIGHT="44"
                         WIDTH="597"
                         VPOS="2096"
                         HPOS="964">
                  <String HEIGHT="44" WIDTH="95" VPOS="2096" HPOS="950" CONTENT="tur"/>
                  <SP HEIGHT="44" WIDTH="14" VPOS="2096" HPOS="1045"/>
                  <String HEIGHT="44"
                          WIDTH="149"
                          VPOS="2096"
                          HPOS="1005"
                          CONTENT="vnomodo"/>
                  <SP HEIGHT="44" WIDTH="14" VPOS="2096" HPOS="1154"/>
                  <String HEIGHT="44"
                          WIDTH="95"
                          VPOS="2096"
                          HPOS="1113"
                          CONTENT="pro"/>
                  <SP HEIGHT="44" WIDTH="14" VPOS="2096" HPOS="1208"/>
                  <String HEIGHT="44"
                          WIDTH="176"
                          VPOS="2096"
                          HPOS="1168"
                          CONTENT="potentiis"/>
                  <SP HEIGHT="44" WIDTH="14" VPOS="2096" HPOS="1344"/>
                  <String HEIGHT="44"
                          WIDTH="163"
                          VPOS="2096"
                          HPOS="1303"
                          CONTENT="Aliomodo"/>
                  <SP HEIGHT="44" WIDTH="14" VPOS="2096" HPOS="1466"/>
                  <String HEIGHT="44"
                          WIDTH="95"
                          VPOS="2096"
                          HPOS="1425"
                          CONTENT="pro"/>
                  <SP HEIGHT="44" WIDTH="14" VPOS="2096" HPOS="1520"/>
                  <String HEIGHT="44"
                          WIDTH="95"
                          VPOS="2096"
                          HPOS="1466"
                          CONTENT="habi"/>
               </TextLine>
            </TextBlock>
         </PrintSpace>
      </Page>
   </Layout>
</alto>
