1778 2500
302 239 176 58 actualiter
441 239 126 58 igitur
529 239 113 58 probo
604 239 164 58 assumptum
730 239 101 58 quia
781 239 138 58 cogitatio

306 287 88 39 ista
361 287 109 39 potest
437 287 88 39 esse
492 287 153 39 conueniens
613 287 99 39 licet
678 287 77 39 sit
722 287 131 39 respectu
810 287 109 39 alicuius

305 311 137 40 odibilis
407 311 68 40 et
442 311 114 40 stante
521 311 91 40 ista
579 311 160 40 cognitione
704 311 137 40 voluntas
807 311 114 40 potest
875 311 46 40 de

308 339 132 43 lectari
404 339 108 43 sicut
476 339 108 43 patet
548 339 84 43 per
596 339 192 43 experientiam
753 339 96 43 ista
801 339 120 43 delecta-

308 369 76 40 tio
351 369 76 40 non
395 369 76 40 est
438 369 130 40 respectu
535 369 119 40 obiecti
622 369 119 40 cogniti
708 369 87 40 quia
763 369 97 40 istum
817 369 97 40 ymagina

314 396 78 38 tum
358 396 78 38 non
403 396 78 38 est
447 396 89 38 sibi
502 396 166 38 delectabile
635 396 78 38 per
679 396 122 38 positum
768 396 111 38 igitur
845 396 78 38 est
879 396 44 38 re

311 424 102 44 spectu
382 424 102 44 istius
454 424 153 44 cognitionis
576 424 61 44 et
607 424 71 44 per
648 424 143 44 consequens
760 424 122 44 voluntas
841 424 82 44 potest

309 453 94 38 velle
371 453 94 38 istam
434 453 157 38 cognitionem
560 453 94 38 licet
623 453 94 38 istam
686 453 73 38 non
728 453 126 38 intendat
822 453 84 38 quia
864 453 63 38 dele

312 481 109 41 ctatio
388 481 98 41 huius
453 481 76 41 est
497 481 120 41 quoddam
584 481 98 41 velle
649 481 76 41 vel
693 481 109 41 saltem
769 481 98 41 velle
823 481 98 41 aliquod

312 510 100 46 potest
382 510 80 46 esse
432 510 120 46 respectu
521 510 110 46 eiusdem
601 510 80 46 omni
651 510 80 46 alia
701 510 140 46 cognitione
800 510 120 46 circunscri

311 537 81 46 pta
358 537 105 46 eodem
428 537 93 46 modo
486 537 116 46 potest
567 537 105 46 argui
637 537 70 46 de
671 537 186 46 delectatione
822 537 105 46 sicut
881 537 46 46 de

313 564 101 44 actu
376 564 176 44 voluntatis
515 564 88 44 non
565 564 189 44 intellecto.
716 564 63 44 ⁋
741 564 76 44 Ad
779 564 126 44 primum
855 564 76 44 isto

315 600 83 36 rum
363 600 107 36 patet
434 600 155 36 responsio
553 600 71 36 ex
589 600 119 36 dictis
672 600 155 36 immediate
791 600 95 36 ante
839 600 83 36 istam

307 626 212 36 dubitationem.
481 626 62 36 ⁋
506 626 75 36 Ad
544 626 150 36 secundum
656 626 150 36 dicendum
769 626 100 36 quod
819 626 112 36 oportet

308 652 197 37 voluntatem
463 652 225 37 apprehendere
646 652 127 37 istum
731 652 127 37 actum
815 652 113 37 quem
872 652 56 37 de

311 684 89 34 bet
362 684 178 34 suspendere
502 684 76 34 et
540 684 89 34 hoc
591 684 76 34 eo
629 684 102 34 modo
692 684 89 34 quo
743 684 165 34 suspendit
857 684 64 34 sci

307 708 109 47 licet
380 708 158 47 distincte
501 708 85 47 vel
550 708 73 47 in
586 708 146 47 communi.
695 708 61 47 ⁋
720 708 73 47 Ad
756 708 134 47 tertium
841 708 85 47 negat

309 735 162 41 assumptum
433 735 100 41 quia
496 735 87 41 non
546 735 100 41 vult
608 735 162 41 quemlibet
733 735 150 41 effectum
846 735 87 41 que
883 735 50 41 li

308 771 101 36 bere
372 771 152 36 producit
485 771 114 36 sicut
561 771 101 36 vult
625 771 164 36 quodlibet
751 771 152 36 obiectum
852 771 76 36 quod

317 793 124 42 diligit
407 793 101 42 tamen
474 793 67 42 si
508 793 135 42 effectum
609 793 90 42 suum
665 793 112 42 vellet
744 793 90 42 tunc
800 793 101 42 etiam
856 793 79 42 illum

309 818 258 51 proportionaliter
529 818 194 51 cognosceret
684 818 77 51 vt
722 818 129 51 quando
800 818 129 51 voluntas

322 849 95 44 vult
381 849 130 44 aliquid
476 849 95 44 esse
535 849 177 44 diligendum.
677 849 59 44 ⁋
701 849 71 44 Ad
736 849 130 44 quartum
819 849 118 44 dicendum

321 878 87 51 quod
375 878 65 51 si
408 878 163 51 intellectus
539 878 109 51 debeat
615 878 120 51 obedire
702 878 141 51 voluntati
810 878 65 51 in
843 878 87 51 illo
887 878 43 51 ca

316 906 68 43 su
350 906 124 43 oportet
440 906 90 43 quod
496 906 124 43 ipsamet
586 906 124 43 obediat
676 906 90 43 sibi
732 906 90 43 ipsi
789 906 135 43 cessando
890 906 68 43 ab

318 934 99 43 omni
380 934 162 43 volitione
504 934 75 43 et
541 934 75 43 ab
579 934 112 43 actus
653 934 149 43 imperati
765 934 174 43 cognitione
889 934 50 43 si

314 964 100 39 detur
381 964 89 39 alia
436 964 89 39 pars
492 964 78 39 non
537 964 134 39 sequitur
637 964 89 39 quod
693 964 89 39 ipsa
749 964 78 39 non
793 964 78 39 sit
827 964 100 39 libera.

313 995 62 41 ⁋
337 995 74 41 Ad
374 995 136 41 quintum
473 995 111 41 minor
547 995 86 41 est
597 995 111 41 falsa
671 995 74 41 de
708 995 111 41 causa
782 995 148 41 partiali
881 995 49 41 ad

313 1021 126 40 varios
402 1021 151 40 effectus
515 1021 214 40 determinabili
691 1021 126 40 libere
779 1021 76 40 ab
817 1021 101 40 alia
867 1021 63 40 cau

314 1049 95 41 sa.
369 1049 68 41 ⁋
396 1049 81 41 Ad
436 1049 135 41 sextum
531 1049 149 41 negatur
639 1049 189 41 assumptum.
788 1049 68 41 ⁋
815 1049 81 41 Ad
842 1049 95 41 proba

318 1082 121 37 tionem
403 1082 145 37 dicendum
512 1082 85 37 est
560 1082 97 37 quod
620 1082 157 37 habitibus
741 1082 85 37 vti
790 1082 85 37 non
826 1082 109 37 valemus

314 1106 101 42 nisi
377 1106 88 42 cum
428 1106 76 42 de
465 1106 113 42 eorum
541 1106 88 42 vsu
591 1106 176 42 confusione
730 1106 88 42 vel
780 1106 164 42 diuisione
893 1106 38 42 a

312 1136 159 42 ctualiter
434 1136 172 42 cogitamus.
569 1136 61 42 ⁋
594 1136 74 42 Ad
631 1136 147 42 septimum
741 1136 135 42 dicitur
839 1136 98 42 quod
888 1136 49 42 li

319 1165 81 35 cet
366 1165 105 35 talis
436 1165 128 35 species
528 1165 81 35 non
575 1165 105 35 minus
645 1165 151 35 dependeat
761 1165 70 35 in
796 1165 81 35 suo
842 1165 105 35 fieri
900 1165 35 35 a

308 1191 157 44 sensibili
429 1191 97 44 quam
489 1191 133 44 volitio
586 1191 60 44 a
610 1191 169 44 cognitione
743 1191 109 44 prima
804 1191 133 44 naturali-

318 1220 93 39 ter
371 1220 119 39 tamen
450 1220 145 39 amplius
556 1220 159 39 dependet
675 1220 79 39 ab
714 1220 79 39 eo
754 1220 79 39 in
794 1220 145 39 essendo
886 1220 53 39 et

314 1248 181 46 permanendo
457 1248 78 46 in
495 1248 130 46 aliquo
586 1248 168 46 subiecto.
716 1248 65 46 ⁋
742 1248 78 46 Ad
781 1248 143 46 octauum
871 1248 65 46 ne-

312 1280 106 38 gatur
383 1280 106 38 maior
454 1280 94 38 quia
513 1280 141 38 executio
619 1280 83 38 non
666 1280 83 38 est
713 1280 118 38 libera
796 1280 94 38 nisi
843 1280 94 38 denomi

315 1312 128 34 natione
408 1312 151 34 extriseca
524 1312 81 34 nec
571 1312 139 34 voluntas
675 1312 116 34 causat
756 1312 104 34 illam
814 1312 128 34 immediate

321 1335 73 37 sed
362 1335 114 37 mediate
445 1335 94 37 vtute
508 1335 104 37 motiva
581 1335 83 37 quia
633 1335 62 37 ad
664 1335 73 37 hoc
705 1335 73 37 est
747 1335 135 37 articulus
840 1335 94 37 parisi-

318 1366 123 35 scilicet
410 1366 82 35 quod
461 1366 143 35 substantia
574 1366 102 35 creata
645 1366 92 35 nihil
707 1366 123 35 operetur
799 1366 61 35 ad
830 1366 92 35 extra
881 1366 51 35 per

313 1392 107 40 solum
384 1392 107 40 velle
455 1392 83 40 hoc
503 1392 95 40 enim
562 1392 95 40 soli
621 1392 83 40 deo
669 1392 142 40 conuenit
775 1392 95 40 quia
834 1392 107 40 dicit
894 1392 47 40 et

315 1421 113 41 facta
391 1421 100 41 sunt
453 1421 138 41 propter
553 1421 100 41 quod
616 1421 150 41 cessante
728 1421 163 41 volitione
841 1421 100 41 potest

320 1455 144 30 executio
428 1455 144 30 exterior
536 1455 168 30 aliquandiu
669 1455 180 30 continuari.
813 1455 72 30 et
849 1455 96 30 quia
897 1455 48 30 so

318 1478 82 37 lum
365 1478 82 37 est
412 1478 152 37 meritoria
528 1478 140 37 bonitate
634 1478 163 37 interioris
762 1478 163 37 volitionis
879 1478 58 37 ide

321 1506 85 36 illa
374 1506 127 36 cessante
470 1506 74 36 non
512 1506 74 36 est
554 1506 127 36 exterior
649 1506 138 36 meritoria
755 1506 74 36 sic
797 1506 85 36 quod
850 1506 63 36 ad
872 1506 63 36 noui

325 1536 139 36 meritum
427 1536 164 36 imputetur
553 1536 76 36 et
591 1536 76 36 ex
629 1536 89 36 hoc
679 1536 139 36 concedo
781 1536 101 36 quod
831 1536 114 36 abulans

321 1564 72 33 ad
357 1564 156 33 ecclesiam
477 1564 72 33 si
513 1564 156 33 moreretur
633 1564 72 33 in
669 1564 144 33 instanti
777 1564 84 33 quo
825 1564 120 33 cessat
897 1564 48 33 ha

324 1591 107 35 bere
391 1591 121 35 actum
471 1591 188 35 interiorem
618 1591 134 35 tantum
712 1591 147 35 premium
819 1591 121 35 habet
886 1591 54 35 in

327 1621 89 35 celo
383 1621 89 35 quam
439 1621 67 35 si
472 1621 101 35 vltra
539 1621 156 35 procederet
662 1621 89 35 sine
718 1621 89 35 actu
774 1621 145 35 meritorio
885 1621 78 35 in¬

321 1647 129 39 teriori.
418 1647 54 39 ⁋
440 1647 65 39 Ad
472 1647 65 39 6.
504 1647 118 39 dicitur
590 1647 86 39 quod
644 1647 140 39 assumitur
751 1647 108 39 falsum
827 1647 97 39 licet
880 1647 65 39 enim

330 1680 140 33 quandoque
438 1680 151 33 delectemur
557 1680 65 33 de
589 1680 108 33 aliqua
665 1680 162 33 cogitatione
795 1680 97 33 tamen
859 1680 76 33 hoc
892 1680 43 33 no

331 1704 84 37 nit
379 1704 96 37 sine
439 1704 203 37 apprehensione
606 1704 120 37 illius
690 1704 203 37 cogitationis.
857 1704 60 37 ⁋
869 1704 72 37 Quin

326 1732 90 41 tum
378 1732 129 41 dubium
468 1732 77 41 an
506 1732 129 41 partes
596 1732 154 41 ymaginis
712 1732 129 41 create
802 1732 103 41 sint
853 1732 90 41 equa-

331 1764 71 37 les
371 1764 81 37 quod
422 1764 71 37 non
462 1764 81 37 quia
512 1764 121 37 secundum
603 1764 151 37 augustinum.
724 1764 71 37 13.
765 1764 71 37 li.
805 1764 61 37 de
835 1764 101 37 trini.
896 1764 40 37 ca

328 1791 76 38 62
366 1791 64 38 a
392 1791 153 38 singulis
507 1791 102 38 bina
570 1791 64 38 a
596 1791 115 38 binis
672 1791 140 38 singula
774 1791 166 38 maioribus
889 1791 51 38 mi

323 1816 93 40 nora
381 1816 139 40 vicuntur
486 1816 70 40 et
521 1816 81 40 per
567 1816 81 40 hoc
613 1816 104 40 patet
683 1816 93 40 quod
741 1816 81 40 non
787 1816 93 40 sunt
834 1816 104 40 equales

326 1849 59 35 ⁋
350 1849 83 35 Sed
397 1849 178 35 respondetur
540 1849 95 35 quod
599 1849 95 35 ipse
658 1849 119 35 probat
741 1849 83 35 hoc
789 1849 142 35 secundum
884 1849 59 35 su-

322 1871 67 36 os
355 1871 100 36 actus
422 1871 67 36 in
455 1871 78 36 via
500 1871 67 36 et
533 1871 78 36 hoc
578 1871 78 36 est
622 1871 111 36 verum.
700 1871 56 36 ⁋
722 1871 111 36 Contra
800 1871 67 36 si
834 1871 78 36 sic
867 1871 78 36 intel

320 1904 135 36 ligeret
418 1904 98 36 tunc
479 1904 160 36 acciperet
602 1904 123 36 falsum
688 1904 98 36 quia
750 1904 61 36 a
774 1904 147 36 singulis
873 1904 61 36 sin

320 1930 92 39 gula
378 1930 150 39 vincuntur
494 1930 92 39 quia
551 1930 127 39 numquam
644 1930 139 39 vincitur
748 1930 58 39 a
771 1930 127 39 memoria
863 1930 69 39 ab
898 1930 69 39 in

323 1960 183 37 telligentia
469 1960 73 37 si
506 1960 171 37 intelligit
641 1960 98 37 actu
702 1960 134 37 memoria
799 1960 134 37 meminit
885 1960 61 37 suo

324 1990 99 35 modo
386 1990 112 35 actu.
460 1990 62 35 ⁋
485 1990 99 35 Item
547 1990 75 35 si
585 1990 99 35 sint
647 1990 137 35 equales
746 1990 99 35 tunc
808 1990 99 35 quid
858 1990 87 35 meno-

327 2013 84 41 ria
375 2013 156 41 memineret
495 2013 180 41 intellectus
639 2013 192 41 intelligeret
796 2013 108 41 sicut
856 2013 96 41 dicit.

320 2047 175 34 augustinus
457 2047 87 34 10.
507 2047 75 34 de
544 2047 87 34 tri
594 2047 87 34 ca.
644 2047 87 34 26.
694 2047 75 34 Et
732 2047 150 34 magister
832 2047 112 34 allegat

332 2072 101 41 libro
399 2072 101 41 primo
466 2072 79 41 di.
511 2072 123 41 tertia.
601 2072 135 41 falsitas
702 2072 135 41 probatur
803 2072 90 41 quia
859 2072 79 41 aut
893 2072 56 41 hoc

321 2104 112 46 esset
395 2104 112 46 verum
470 2104 75 46 de
507 2104 187 46 intelligere
657 2104 100 46 actu
719 2104 112 46 primo
794 2104 87 46 aut
843 2104 75 46 de
868 2104 75 46 actu

938 227 101 59 secuo
1005 227 79 59 non
1050 227 67 59 de
1084 227 90 59 actu
1140 227 101 59 primo
1208 227 90 59 quia
1264 227 79 59 hoc
1309 227 79 59 non
1354 227 79 59 est
1399 227 90 59 nisi
1444 227 101 59 meminem

941 276 66 39 si
974 276 66 39 de
1007 276 88 39 actu
1063 276 122 39 secundo
1151 276 111 39 falsum
1228 276 77 39 est
1273 276 88 39 quia
1328 276 100 39 multa
1394 276 100 39 habeo
1461 276 66 39 in
1483 276 66 39 meno

939 304 78 38 ria
983 304 89 38 quae
1039 304 78 38 non
1084 304 156 38 actualiter
1206 304 123 38 cogito.
1296 304 56 38 ⁋
1318 304 89 38 Item
1374 304 123 38 memoria
1452 304 100 38 intelli

941 335 107 41 gentia
1016 335 128 41 voluntas
1112 335 75 41 non
1155 335 182 41 distinguuntur
1304 335 128 41 realiter
1401 335 117 41 igitur.
1475 335 75 41 conse

949 362 119 38 quentia
1036 362 97 38 patet
1100 362 76 38 per
1144 362 108 38 hyestl
1219 362 54 38 3
1241 362 65 38 de
1273 362 86 38 tri.
1327 362 65 38 et
1360 362 76 38 per
1403 362 65 38 ma
1435 362 76 38 li.
1468 362 86 38 primo.

940 390 76 33 di.
983 390 65 33 3i
1016 390 76 33 vbi
1059 390 97 33 dicit
1124 390 86 33 quod
1178 390 140 33 equalitas
1285 390 65 33 et
1318 390 151 33 similitudo
1436 390 65 33 no
1469 390 86 33 sunt
1512 390 43 33 ni

947 423 65 33 si
980 423 76 33 vbi
1023 423 76 33 est
1066 423 151 33 distinctio
1185 423 108 33 realis
1261 423 87 33 Item
1315 423 65 33 si
1347 423 76 33 sic
1391 423 87 33 tunc
1445 423 87 33 iste
1488 423 65 33 par-

946 445 85 42 tes
995 445 122 42 formet
1080 445 134 42 equales
1177 445 134 42 ratione
1275 445 122 42 suorum
1360 445 122 42 actuum
1445 445 73 42 in
1470 445 85 42 prima

949 478 107 34 quando
1024 478 107 34 essent
1100 478 107 34 sanate
1175 478 54 34 a
1196 478 118 34 langore
1282 478 97 34 sicut
1347 478 97 34 dicit
1411 478 97 34 augu.
1476 478 75 34 13.
1508 478 43 34 de

949 504 101 34 tri.
1013 504 88 34 ca.
1063 504 63 34 2
1088 504 63 34 ⁋
1114 504 152 34 Falsitas
1227 504 152 34 probatur
1341 504 101 34 quia
1404 504 152 34 voluntas
1505 504 51 34 ha

944 533 109 35 bebit
1016 533 84 35 ibi
1065 533 145 35 adiuuans
1173 533 96 35 puta
1233 533 169 35 charitatem
1366 533 84 35 que
1414 533 84 35 non
1450 533 109 35 excedit

945 562 156 36 secundum
1062 562 169 36 apostolum
1192 562 130 36 igitur
1283 562 156 36 voluntas
1400 562 104 36 plus
1452 562 104 36 amabit

951 589 84 41 quam
1004 589 158 41 intellectus
1131 589 148 41 intelliget
1247 589 84 41 Item
1300 589 63 41 in
1331 589 95 41 prima
1395 589 84 41 erit
1437 589 116 41 perfectus

949 614 74 42 amor
995 614 83 42 sicut
1050 614 83 42 dicit
1105 614 129 42 augustinis
1207 614 55 42 8.
1234 614 55 42 de
1262 614 83 42 tiri.
1317 614 65 42 ca.
1354 614 46 42 8
1373 614 55 42 de
1400 614 92 42 peruis
1465 614 55 42 si
1483 614 74 42 igitur

948 645 136 39 cognitio
1050 645 125 39 equalis
1140 645 79 39 sit
1186 645 102 39 amori
1254 645 136 39 sequitur
1356 645 79 39 ibi
1401 645 91 39 quod
1458 645 91 39 mens
1503 645 57 39 ibi

955 677 105 33 tantum
1028 677 137 33 cognoscet
1133 677 63 33 se
1165 677 116 33 quantum
1249 677 74 33 est
1291 677 74 33 sed
1333 677 84 33 deus
1385 677 95 33 ipsam
1448 677 74 33 non
1480 677 74 33 cogno

953 707 86 37 scit
1007 707 86 37 nisi
1061 707 118 37 quantum
1147 707 86 37 ipsa
1200 707 75 37 est
1243 707 107 37 igitur
1319 707 86 37 mens
1372 707 75 37 ibi
1415 707 107 37 tantum
1491 707 64 37 se
1512 707 43 37 co

951 739 121 31 gnoscit
1039 739 88 31 quam
1094 739 88 31 deus
1150 739 77 31 eam
1194 739 132 31 cognouit
1293 739 88 31 quod
1348 739 77 31 est
1381 739 155 31 impossibile.

951 747 65 48 ⁋
977 747 157 48 Probatur
1094 747 104 48 tunc
1160 747 130 48 beatus
1251 747 78 48 in
1290 747 130 48 patria
1381 747 170 48 equaliter
1499 747 65 48 ama

957 791 80 31 ret
1002 791 92 31 deum
1060 791 69 31 et
1094 791 103 31 omnia
1163 791 92 31 alia
1220 791 115 31 posito
1301 791 92 31 quod
1358 791 92 31 eque
1415 791 103 31 clare
1473 791 80 31 cogno

956 815 87 37 scat
1010 815 87 37 deum
1064 815 65 37 et
1097 815 97 37 omnia
1162 815 87 37 alia
1216 815 87 37 quod
1270 815 76 37 est
1313 815 162 37 impossibile
1443 815 87 37 quia
1486 815 76 37 cogni

956 847 92 33 tis
1008 847 171 33 equaliter
1140 847 118 33 bonis
1219 847 184 33 iequalibus
1364 847 118 33 magis
1443 847 105 33 amat
1495 847 66 33 bea

957 877 83 30 tus
1005 877 107 30 magis
1076 877 107 30 bonum
1147 877 71 30 vt
1182 877 166 30 manifestum
1312 877 95 30 est.
1372 877 59 30 ⁋
1395 877 95 30 Item
1454 877 107 30 actus
1514 877 47 30 ma

955 897 80 40 lus
1000 897 80 40 hic
1046 897 57 40 i
1069 897 80 40 via
1115 897 80 40 non
1161 897 80 40 est
1207 897 126 40 volitus
1298 897 57 40 a
1321 897 103 40 beato
1390 897 92 40 quia
1447 897 92 40 tunc
1493 897 69 40 ipse

955 932 136 39 peccaret
1057 932 80 39 nec
1102 932 125 39 nolitus
1193 932 91 39 quia
1250 932 91 39 tunc
1307 932 80 39 non
1352 932 125 39 haberet
1443 932 136 39 quicquid

955 958 98 36 vult
1016 958 73 36 et
1053 958 110 36 tamen
1126 958 110 36 talem
1199 958 110 36 actum
1273 958 159 36 cognoscit
1395 958 134 36 igitur.
1493 958 61 36 ⁋
1517 958 73 36 Ad

957 990 162 34 oppositum
1081 990 150 34 arguitur
1194 990 87 34 per
1244 990 187 34 augustinum.
1393 990 87 34 10.
1443 990 75 34 de
1468 990 100 34 trini.

961 1018 70 33 ca
996 1018 82 33 26.
1043 1018 70 33 Et
1078 1018 140 33 magister
1183 1018 128 33 allegat
1276 1018 82 33 vi.
1322 1018 128 33 tertia.
1416 1018 105 33 primi
1474 1018 93 33 libri.

963 1045 80 33 item
1013 1045 70 33 17.
1053 1045 60 33 de
1083 1045 130 33 trinitate
1184 1045 120 33 capitulo
1274 1045 60 33 66
1304 1045 90 33 dicit
1364 1045 80 33 quod
1414 1045 70 33 hec
1455 1045 90 33 erunt
1505 1045 60 33 equa

953 1075 89 37 lia
1004 1075 128 37 quando
1094 1075 115 37 crunt
1170 1075 77 37 ab
1209 1075 102 37 omni
1272 1075 140 37 langore
1375 1075 140 37 sanata.
1477 1075 64 37 ⁋
1489 1075 77 37 Pro-

962 1101 98 35 batur
1028 1101 65 35 8.
1060 1101 65 35 de
1093 1101 87 35 tri.
1148 1101 65 35 in
1180 1101 87 35 fine
1235 1101 87 35 mens
1289 1101 87 35 amor
1344 1101 65 35 et
1377 1101 120 35 noticia
1464 1101 87 35 eius
1508 1101 65 35 tria

954 1130 91 34 sunt
1011 1130 114 34 quedam
1091 1130 91 34 sunt
1148 1130 69 34 et
1182 1130 80 34 cum
1228 1130 137 34 perfecta
1331 1130 91 34 sunt
1388 1130 69 34 et
1422 1130 126 34 equalia
1502 1130 69 34 sunt

959 1157 71 36 si
995 1157 95 36 enim
1054 1157 95 36 mens
1113 1157 107 36 minus
1184 1157 71 36 se
1220 1157 95 36 amat
1279 1157 95 36 quam
1338 1157 83 36 est
1386 1157 107 36 Uerbi
1457 1157 118 36 gratia
1528 1157 47 36 si

960 1186 70 35 se
995 1186 117 35 tantum
1077 1186 94 35 amet
1136 1186 94 35 mens
1194 1186 129 35 hominis
1288 1186 94 35 quam
1347 1186 129 35 amandum
1440 1186 82 35 est
1475 1186 94 35 corpus

956 1217 128 34 hominis
1049 1217 81 34 cum
1096 1217 93 34 plus
1154 1217 81 34 sit
1200 1217 93 34 ipsa
1258 1217 93 34 quam
1316 1217 116 34 corpus
1398 1217 116 34 peccat
1479 1217 70 34 et
1514 1217 81 34 non

961 1241 105 38 amat
1027 1241 171 38 perfectum
1158 1241 131 38 amorem
1250 1241 105 38 sui.
1315 1241 66 38 ⁋
1342 1241 79 38 Et
1381 1241 105 38 nota
1447 1241 105 38 bene
1499 1241 79 38 hanc

955 1268 184 41 auctoritatem
1104 1268 161 41 augustinus
1231 1268 92 41 quia
1288 1268 115 41 probat
1369 1268 161 41 solutionem
1484 1268 81 41 quan-

958 1298 82 42 dam
1005 1298 105 42 prius
1075 1298 129 42 positam
1169 1298 93 42 quia
1227 1298 93 42 tunc
1286 1298 175 42 intellectus
1426 1298 129 42 creatus
1508 1298 58 42 con

962 1332 159 40 prehendit
1084 1332 134 40 aliquid
1182 1332 85 40 cum
1230 1332 159 40 cognoscit
1352 1332 110 40 illud
1426 1332 85 40 ita
1462 1332 98 40 perfe-

962 1359 79 39 cte
1007 1359 101 39 sicut
1074 1359 101 39 ipsum
1142 1359 79 39 est
1187 1359 79 39 ens
1232 1359 79 39 non
1277 1359 101 39 autem
1345 1359 101 39 sicut
1413 1359 101 39 ipsum
1480 1359 79 39 est
1514 1359 45 39 co

956 1383 166 45 gnoscibile
1086 1383 106 45 sicut
1157 1383 106 45 dicit
1228 1383 166 45 augustinus
1358 1383 95 45 quod
1417 1383 118 45 partes
1488 1383 83 45 ymagi

958 1411 78 42 nis
1003 1411 78 42 cum
1047 1411 89 42 sint
1103 1411 134 42 perfecte
1204 1411 78 42 non
1248 1411 101 42 minus
1315 1411 89 42 mens
1371 1411 78 42 non
1416 1411 89 42 amat
1472 1411 67 42 se
1494 1411 67 42 quam

962 1438 70 47 est
1002 1438 60 47 et
1032 1438 70 47 non
1072 1438 90 47 dicit
1132 1438 70 47 non
1172 1438 80 47 amat
1222 1438 60 47 se
1252 1438 80 47 quam
1303 1438 70 47 est
1343 1438 120 47 amabilis
1433 1438 70 47 nam
1473 1438 70 47 est
1503 1438 70 47 infi-

960 1469 97 37 nite
1021 1469 146 37 amabilis
1130 1469 146 37 infinite
1239 1469 121 37 diuini
1324 1469 134 37 amoris.
1421 1469 61 37 ⁋
1446 1469 73 37 Ad
1482 1469 109 37 illud

955 1499 115 40 dubium
1036 1499 150 40 respondet
1152 1499 69 40 et
1186 1499 92 40 bene
1244 1499 69 40 in
1279 1499 150 40 quibusdam
1394 1499 81 40 syd
1440 1499 115 40 pasteu
1509 1499 58 40 di-

963 1525 92 38 cens
1021 1525 92 38 quod
1079 1525 92 38 pars
1137 1525 162 38 dupliciter
1264 1525 127 38 sumitur
1356 1525 81 38 pro
1403 1525 104 38 parte
1460 1525 116 38 secundum

960 1560 103 33 fidem
1028 1560 68 33 et
1062 1560 80 33 pro
1108 1560 103 33 parte
1176 1560 137 33 secundum
1279 1560 194 33 ymaginationem
1438 1560 91 33 hanc
1495 1560 80 33 di.
1529 1560 46 33 de

963 1589 103 41 parte
1031 1589 103 41 ponit
1100 1589 172 41 commentator
1238 1589 103 41 primo
1307 1589 92 41 phi.
1364 1589 149 41 commento.
1479 1589 57 41 1
1502 1589 69 41 et
1525 1589 46 41 vo

969 1618 63 36 co
1000 1618 105 36 inquit
1073 1618 105 36 partem
1147 1618 126 36 secundum
1241 1618 94 36 fidem
1304 1618 94 36 illud
1367 1618 84 36 quod
1419 1618 63 36 in
1450 1618 63 36 re
1482 1618 73 36 est
1513 1618 63 36 pars

964 1640 72 39 et
1000 1640 120 39 partem
1084 1640 144 39 secundum
1191 1640 203 39 ymaginationem
1359 1640 96 39 voco
1419 1640 108 39 totum
1478 1640 96 39 consi-

967 1668 133 40 deratum
1063 1668 84 40 per
1112 1668 109 40 modum
1184 1668 157 40 temporis.
1305 1668 60 40 ⁋
1329 1668 72 40 Et
1365 1668 133 40 suppono
1461 1668 96 40 quod
1510 1668 60 40 per

959 1701 220 41 ymaginationem
1140 1701 143 41 creatam
1244 1701 207 41 intelligamus
1413 1701 130 41 mentem
1490 1701 78 41 huma

963 1726 87 38 nam
1012 1726 74 38 et
1049 1726 87 38 per
1099 1726 124 38 partes
1185 1726 161 38 potentias
1309 1726 161 38 naturales
1433 1726 149 38 eiusdem.
1532 1726 37 38 s

962 1755 148 37 memoriam
1072 1755 222 37 intelligentiam
1257 1755 74 37 et
1294 1755 172 37 voluntatem
1429 1755 123 37 quarum
1515 1755 86 37 que

968 1784 102 37 libet
1036 1784 80 37 est
1081 1784 91 37 tota
1138 1784 91 37 suba
1195 1784 102 37 anime
1263 1784 80 37 que
1309 1784 102 37 tamen
1377 1784 182 37 significatur
1513 1784 57 37 per

965 1814 151 35 quancumque
1084 1814 119 35 istarum
1170 1814 162 35 intensionem
1300 1814 76 35 per
1343 1814 97 35 modum
1407 1814 119 35 partis.
1494 1814 54 35 ⁋
1505 1814 76 35 Istas

966 1845 100 32 autem
1033 1845 89 32 esse
1088 1845 123 32 equales
1178 1845 111 32 potest
1256 1845 145 32 intelligi
1367 1845 190 32 multipliciter
1512 1845 67 32 vno-

965 1867 76 41 modo
1012 1867 104 41 ratione
1088 1867 104 41 obiecti
1164 1867 114 41 scilicet
1249 1867 76 41 quod
1296 1867 114 41 quicquid
1382 1867 95 41 potest
1448 1867 76 41 esse
1486 1867 95 41 obiectum

963 1895 95 35 vnius
1027 1895 106 35 potest
1101 1895 84 35 esse
1154 1895 148 35 cuiuslibet
1270 1895 127 35 obiectum
1365 1895 63 35 et
1396 1895 127 35 quicquid
1492 1895 74 35 est
1523 1895 53 35 ob-

962 1922 124 37 iectum
1049 1922 112 37 vnius
1123 1922 87 37 est
1173 1922 149 37 obiectum
1285 1922 149 37 alterius
1397 1922 112 37 eodem
1472 1922 100 37 modo
1521 1922 50 37 ha

966 1953 78 37 bitu
1015 1953 116 37 scilicet
1102 1953 68 37 vel
1141 1953 78 37 actu
1189 1953 58 37 et
1218 1953 68 37 sic
1257 1953 136 37 conceditur
1364 1953 78 37 quod
1412 1953 78 37 sint
1461 1953 107 37 equales
1529 1953 48 37 sen

968 1982 65 41 per
1005 1982 65 41 tam
1042 1982 55 41 in
1069 1982 65 41 via
1106 1982 74 41 quam
1152 1982 55 41 in
1180 1982 83 41 prima
1235 1982 55 41 et
1263 1982 65 41 hoc
1300 1982 74 41 vult
1346 1982 129 41 augustinis
1447 1982 55 41 0.
1475 1982 55 41 de
1502 1982 74 41 tri.
1539 1982 37 41 c.

965 2010 78 43 o.
1004 2010 155 43 Aliomodo
1120 2010 207 43 intelligitur
1288 2010 91 43 hoc
1340 2010 142 43 ratione
1444 2010 129 43 suorum
1521 2010 52 43 a-

964 2040 87 36 etuum
1022 2040 77 36 sic.
1070 2040 116 36 scilicet
1157 2040 77 36 quod
1205 2040 87 36 nulla
1263 2040 87 36 earum
1321 2040 67 36 sit
1359 2040 87 36 magis
1417 2040 116 36 impedita
1504 2040 58 36 in
1523 2040 48 36 suo

971 2069 86 37 actu
1025 2069 86 37 quam
1079 2069 86 37 alia
1132 2069 54 37 a
1154 2069 75 37 suo
1197 2069 75 37 sed
1239 2069 86 37 quod
1293 2069 129 37 quelibet
1390 2069 107 37 habeat
1454 2069 118 37 dispositi

967 2096 98 46 onem
1028 2096 159 46 naturalem
1150 2096 159 46 completam
1272 2096 73 46 in
1309 2096 110 46 nullo
1382 2096 159 46 impeditam
1505 2096 61 46 a
1517 2096 61 46 sus
