1787 2500
254 272 83 50 tis
302 272 95 50 idem
361 272 71 50 et
397 272 107 50 aliud
468 272 83 50 vel
516 272 95 50 idem
575 272 71 50 et
611 272 167 50 distinctum
742 272 107 50 licet
802 272 71 50 enim

253 319 110 34 natura
330 319 132 34 assumpta
429 319 77 34 sit
473 319 143 34 distincta
582 319 55 34 a
604 319 77 34 deo
648 319 66 34 et
681 319 99 34 aliud
747 319 55 34 a
769 319 77 34 deo
802 319 66 34 suon

257 339 123 44 oportet
346 339 100 44 tamen
413 339 78 44 nec
458 339 78 44 est
502 339 167 44 aliquatenus
636 339 167 44 concedendum
770 339 89 44 quod
814 339 56 44 dei

257 373 106 37 filius
332 373 74 37 sit
374 373 96 37 aliud
438 373 53 37 a
459 373 74 37 deo
502 373 74 37 vel
544 373 149 37 distinctus
661 373 53 37 a
682 373 74 37 deo
725 373 64 37 et
757 373 74 37 ita
799 373 64 37 de
821 373 43 37 si

258 404 130 32 milibus
353 404 71 32 et
389 404 95 32 pari
448 404 130 32 ratione
543 404 95 32 quia
602 404 95 32 deus
661 404 83 32 non
709 404 83 32 est
756 404 130 32 aliquid

260 427 114 40 factum
339 427 68 40 de
374 427 114 40 nihilo
453 427 91 40 quia
510 427 137 40 queritur
613 427 91 40 quid
670 427 68 40 et
704 427 80 40 non
739 427 125 40 inuenitur

260 456 87 36 ideo
314 456 76 36 non
358 456 76 36 est
401 456 141 36 creatura.
510 456 65 36 et
542 456 87 36 quia
597 456 98 36 etiam
662 456 87 36 ipse
716 456 76 36 non
759 456 76 36 est
792 456 65 36 illi

262 485 86 33 quod
316 485 129 33 resultat
412 485 64 33 ex
445 485 118 33 Christi
530 485 150 33 humanitate
648 485 64 33 et
681 485 97 33 verbi
734 485 129 33 personali-

257 511 94 40 tate
316 511 94 40 quia
375 511 94 40 ipse
434 511 94 40 fuit
493 511 71 40 ab
529 511 118 40 eterno
611 511 71 40 et
647 511 83 40 nec
694 511 83 40 hoc
729 511 130 40 resultans

254 541 87 37 nec
303 541 112 37 illud
378 541 99 37 fuit
440 541 75 37 ab
477 541 137 37 eterno.
576 541 62 37 ⁋
601 541 99 37 Quod
663 541 137 37 pulchie
750 541 112 37 tractat

258 568 78 40 bo
297 568 181 40 hieronymus
439 568 78 40 in
478 568 142 40 sermone
581 568 78 40 de
620 568 194 40 assumptione
762 568 91 40 beate

257 598 110 38 marie
330 598 73 38 et
366 598 85 38 non
415 598 85 38 est
464 598 158 38 assignare
585 598 110 38 aliud
658 598 170 38 compositum
780 598 73 38 quod

257 630 69 34 est
296 630 69 34 dei
336 630 98 34 filius
404 630 98 34 igitur
473 630 59 34 et
502 630 88 34 causa
561 630 69 34 est
600 630 59 34 vt
630 630 108 34 predixi
708 630 78 34 quia
757 630 88 34 talia
806 630 49 34 pre

248 656 129 34 dicata
338 656 116 34 totum
416 656 181 34 compositum
558 656 103 34 pars
623 656 103 34 idem
687 656 116 34 aliud
752 656 103 34 distin

253 688 98 31 ctum
314 688 86 31 non
363 688 98 31 sunt
424 688 86 31 sub
473 688 86 31 hac
522 688 110 31 forma
596 688 98 31 nata
657 688 172 31 denominare
780 688 74 31 nisi

249 709 95 39 illa
308 709 118 39 quibus
391 709 154 39 immediate
510 709 166 39 conueniunt
640 709 107 39 sicut
711 709 83 39 nec
746 709 107 39 descri-

246 738 122 35 ptiones
335 738 134 35 eorundem
435 738 67 35 et
468 738 100 35 multa
535 738 89 35 sunt
591 738 100 35 talia
658 738 100 35 sicut
724 738 89 35 esse
780 738 78 35 hic
813 738 45 35 et

242 770 77 34 non
286 770 99 34 alibi
352 770 66 34 et
385 770 121 34 similia
472 770 99 34 secus
538 770 99 34 autem
604 770 66 34 de
637 770 99 34 illis
703 770 77 34 qui
746 770 77 34 dei
779 770 77 34 filio

247 795 223 42 attribuuntur
428 795 98 42 per
484 795 265 42 communicationem
693 795 153 42 ydiomatum

239 822 66 41 ⁋
265 822 145 41 Diceres
371 822 105 41 deus
436 822 211 41 perforabatur
608 822 92 41 vel
660 822 198 41 diuidebatur
805 822 53 41 et

250 855 66 32 et
283 855 110 32 nullum
360 855 121 32 simplex
448 855 110 32 potest
525 855 110 32 diuidi
603 855 110 32 igitur
680 855 88 32 deus
735 855 77 32 est
768 855 88 32 compo-

242 881 118 33 situs.
325 881 59 33 ⁋
348 881 177 33 Respondetur
490 881 94 33 quod
549 881 94 33 quia
608 881 165 33 autecedens
726 881 130 33 verifica-

243 908 87 37 tur
292 908 112 37 solum
367 908 87 37 per
416 908 236 37 communicationem
614 908 161 37 ydiomatum
738 908 99 37 ideo
788 908 62 37 con

251 935 129 40 sequentia
351 935 70 40 non
390 935 90 40 valet
450 935 119 40 plusquam
540 935 80 40 ista
589 935 119 40 Christus
679 935 80 40 fuit
729 935 80 40 vere
778 935 70 40 leo
808 935 40 40 de

241 960 101 43 tribu
308 960 89 43 iuda
364 960 112 43 igitur
442 960 134 43 Christus
542 960 112 43 habuit
621 960 67 43 ve
654 960 112 43 caudam
732 960 67 43 et
755 960 89 43 quattu

245 992 70 36 or
280 992 105 36 pedes
350 992 82 36 hic
397 992 93 36 enim
455 992 105 36 habet
525 992 140 36 quicquid
630 992 82 36 est
677 992 128 36 proprie
758 992 70 36 leo-

248 1020 61 41 ⁋
272 1020 123 41 Regula
358 1020 110 41 autem
432 1020 86 41 que
481 1020 159 41 predicata
603 1020 98 41 sint
664 1020 86 41 hic
701 1020 147 41 concedenda

237 1041 137 44 secundum
339 1041 217 44 communicationem
522 1041 149 44 ydiomatum
636 1041 69 44 de
671 1041 80 44 deo
716 1041 69 44 et
751 1041 91 44 quae
796 1041 46 44 ca

243 1080 61 39 pi
273 1080 71 39 non
314 1080 101 39 potest
384 1080 51 39 a
405 1080 131 39 creaturis
506 1080 101 39 quando
576 1080 91 39 omnia
637 1080 71 39 que
677 1080 81 39 agit
728 1080 71 39 vel
758 1080 91 39 patitur

240 1109 88 34 pars
295 1109 165 34 essentialis
427 1109 77 34 vel
471 1109 132 34 accidens
569 1109 132 34 creature
668 1109 110 34 potest
745 1109 88 34 ista
789 1109 55 34 cre

241 1137 105 35 atura
311 1137 93 35 dici
370 1137 93 35 pati
428 1137 82 35 vel
475 1137 105 35 agere
545 1137 82 35 non
591 1137 140 35 vlterius
696 1137 175 35 modificando

235 1160 159 38 sermonem
354 1160 106 38 hunc
421 1160 93 38 per
474 1160 106 38 illa
540 1160 159 38 aduerbia
660 1160 106 38 bene
726 1160 93 38 vel
766 1160 80 38 male

242 1190 80 42 per
287 1190 68 42 se
321 1190 80 42 vel
367 1190 80 42 per
412 1190 68 42 ad
447 1190 125 42 mediate
538 1190 80 42 vel
583 1190 148 42 immediate
697 1190 80 42 sic
743 1190 68 42 in
765 1190 80 42 propo

232 1219 97 42 sito
293 1219 146 42 quicquid
402 1219 97 42 egit
463 1219 85 42 vel
511 1219 170 42 patiebatur
645 1219 121 42 natura
718 1219 121 42 assumpta

234 1248 144 32 attribui
342 1248 120 32 potest
426 1248 156 32 supposito
546 1248 156 32 assumenti
666 1248 84 32 per
702 1248 144 32 communica-

234 1273 123 43 tionem
320 1273 160 43 ydiomatum
443 1273 74 43 et
479 1273 111 43 vltra
553 1273 86 43 hoc
602 1273 98 43 sine
664 1273 98 43 tali
725 1273 111 43 medio
787 1273 61 43 vel

232 1304 101 42 tali
296 1304 228 42 communicatione
486 1304 165 42 concretum
612 1304 190 42 humanitatis
751 1304 89 42 assum

234 1331 79 34 pte
279 1331 68 34 et
313 1331 101 34 omnia
380 1331 191 34 essentialiter
538 1331 146 34 superiora
651 1331 68 34 ad
684 1331 101 34 illud
752 1331 79 34 per
786 1331 56 34 so-

232 1358 93 38 lum
285 1358 187 38 pronominem
432 1358 240 38 demonstratiuum
632 1358 160 38 expressa
753 1358 80 38 de
779 1358 67 38 hoc

233 1391 98 38 vide
294 1391 98 38 plus
356 1391 74 38 in
393 1391 184 38 responsione
540 1391 74 38 ad
577 1391 135 38 tertium
663 1391 160 38 principale.

234 1413 60 43 ⁋
258 1413 83 43 Sed
306 1413 119 43 contra
389 1413 95 43 deus
449 1413 83 43 est
496 1413 95 43 homo
556 1413 119 43 igitur
639 1413 83 43 est
675 1413 167 43 animaligitur

235 1446 125 39 corpus
322 1446 150 39 animatum
434 1446 125 39 igitur
522 1446 200 39 diuisibilis.
684 1446 150 39 Preterea
784 1446 50 39 da

234 1472 125 42 mascenus
327 1472 94 42 dicit
390 1472 62 42 oe
421 1472 94 42 plano
483 1472 94 42 sicut
546 1472 125 42 tangetur
639 1472 62 42 in
671 1472 104 42 tertio
743 1472 83 42 quod
785 1472 52 42 dei

235 1498 101 40 filius
306 1498 71 40 qui
346 1498 152 40 eternaliter
468 1498 81 40 fuit
519 1498 132 40 simpicile
620 1498 132 40 hypostas.
721 1498 61 40 ex
742 1498 91 40 tempon-

225 1532 111 37 cepit
299 1532 99 37 esse
360 1532 173 37 hypostasis
496 1532 173 37 composita.
631 1532 62 37 ⁋
656 1532 99 37 Item
718 1532 74 37 si
742 1532 99 37 actio-

224 1555 90 43 nes
275 1555 167 43 passiones
404 1555 128 43 nature
493 1555 154 43 assumpte
608 1555 90 43 per
647 1555 192 43 communicatio-

231 1583 88 38 nem
282 1583 164 38 ydiomatum
408 1583 164 38 competunt
534 1583 101 38 illi
597 1583 164 38 supposito
723 1583 88 38 cum
761 1583 76 38 illa

226 1610 128 39 natura
316 1610 167 39 lassumpta
444 1610 90 39 sit
495 1610 192 39 deponibilis
649 1610 77 39 et
674 1610 167 39 reassumpti-

225 1637 106 41 bilis
296 1637 165 41 causabilis
426 1637 71 41 et
461 1637 201 41 corruptibilis
627 1637 153 41 creabilis
745 1637 71 41 et
768 1637 71 41 adni

225 1664 151 42 hilabilis
342 1664 70 42 et
376 1664 105 42 multa
446 1664 128 42 similia
539 1664 81 42 vbi
585 1664 128 42 notatur
678 1664 105 42 actio
748 1664 70 42 et
771 1664 70 42 pas-

226 1696 79 42 sio
271 1696 113 42 illius
350 1696 113 42 nature
429 1696 136 42 sequitur
531 1696 90 42 quod
587 1696 102 42 omnia
655 1696 79 42 sic
700 1696 124 42 possent
779 1696 57 42 dei

226 1722 103 43 filio
294 1722 92 43 vere
352 1722 138 43 attribui
455 1722 57 43 ⁋
478 1722 92 43 Item
535 1722 80 43 deo
581 1722 69 43 in
615 1722 115 43 triduo
695 1722 115 43 mortem
764 1722 69 43 vere

223 1750 163 42 vniebatur
349 1750 88 42 tam
399 1750 125 42 corpus
487 1750 100 42 quam
550 1750 113 42 anima
625 1750 125 42 igitur
713 1750 88 42 qua
750 1750 88 42 ratio

221 1780 81 42 ne
262 1780 163 42 animatus
384 1780 81 42 et
425 1780 109 42 homo
493 1780 109 42 erat
561 1780 81 42 ab
601 1780 190 42 humanitate
737 1780 95 42 vnita

225 1807 95 43 sibi
284 1807 83 43 ita
332 1807 95 43 tunc
391 1807 59 43 a
415 1807 130 43 corpore
509 1807 95 43 dici
569 1807 130 43 poterat
663 1807 118 43 corpus
734 1807 95 43 sumen-

224 1834 76 42 do
262 1834 178 42 concretiue
402 1834 76 42 ly
440 1834 127 42 corpus
529 1834 89 42 sed
580 1834 102 42 omne
643 1834 127 42 corpus
732 1834 89 42 est
770 1834 64 42 com

227 1866 135 43 positum
325 1866 74 43 et
362 1866 172 43 diuisibile
496 1866 135 43 igitur.
594 1866 61 43 ⁋
619 1866 74 43 Ad
656 1866 123 43 primum
729 1866 98 43 respon

222 1897 95 36 detur
286 1897 85 36 quod
339 1897 148 36 accipiendo
455 1897 106 36 corpus
530 1897 74 36 pro
572 1897 64 36 vt
604 1897 74 36 est
646 1897 64 36 in
667 1897 159 36 praedicamento

220 1916 122 44 subetur
309 1916 67 44 et
342 1916 78 44 est
386 1916 78 44 per
431 1916 67 44 se
464 1916 133 44 superius
564 1916 67 44 ad
597 1916 67 44 ly
630 1916 111 44 animal
708 1916 78 44 hoc
741 1916 89 44 potest

222 1954 131 38 concedi
317 1954 95 38 deus
377 1954 83 38 est
424 1954 119 38 corpus
507 1954 95 38 quia
567 1954 83 38 est
614 1954 166 38 suppositum
733 1954 95 38 sustem

228 1977 88 48 tans
283 1977 155 48 vpostatice
405 1977 188 48 corporeitatem
559 1977 66 48 et
592 1977 77 48 nan
636 1977 132 48 sequitur
736 1977 88 48 quod
780 1977 55 48 sit

224 2004 159 46 diuisibilis
351 2004 74 46 sed
394 2004 127 46 sufficit
489 2004 85 46 quod
542 2004 159 46 corporeitas
668 2004 85 46 sibi
721 2004 95 46 vnita
774 2004 53 46 sit

215 2032 164 45 composita
341 2032 76 45 et
379 2032 202 45 diuisibilis.
543 2032 63 45 ⁋
568 2032 76 45 Ad
606 2032 151 45 secundum
707 2032 126 45 dicendum

225 2065 93 42 quod
284 2065 128 42 aliquid
377 2065 93 42 esse
436 2065 164 42 hypostasim
564 2065 164 42 compositam
693 2065 117 42 potest
763 2065 58 42 di-

219 2093 125 39 pliciter
312 2093 135 39 intelligi
416 2093 73 39 vel
458 2093 83 39 quod
510 2093 73 39 sit
552 2093 125 39 hypostas
645 2093 73 39 vel
687 2093 62 39 ex
708 2093 114 39 plumribus

221 2122 157 50 resultans
342 2122 73 50 et
378 2122 157 50 integrata
499 2122 73 50 et
536 2122 85 50 sic
584 2122 133 50 negatur
681 2122 85 50 hoc
729 2122 73 50 de
753 2122 73 50 dea.

890 283 62 61 ⁋
914 283 149 61 Aliomodo
1026 283 137 61 dicitur
1126 283 174 61 compositum
1263 283 100 61 quod
1325 283 87 61 cum
1375 283 100 61 alio
1425 283 62 61 po-

885 329 111 43 nitur
959 329 74 43 ad
996 329 185 43 integrandum
1144 329 136 43 aliquid
1242 329 99 43 vere
1304 329 99 43 vnum
1366 329 74 43 et
1403 329 86 43 sic
1440 329 49 43 lo

892 359 113 41 quitur
971 359 170 41 dammascenus
1107 359 113 41 dicens
1186 359 79 41 dei
1231 359 113 41 filium
1310 359 68 41 in
1333 359 158 41 incarnatione

891 382 116 40 factum
972 382 93 40 esse
1030 382 127 40 nouiter
1123 382 162 40 hypostasim
1250 382 81 40 est
1297 382 162 40 compositam
1413 382 69 40 quan

884 410 88 46 uis
935 410 139 46 proprie
1036 410 88 46 non
1086 410 126 46 alteri
1174 410 189 46 componatur.
1325 410 63 46 ⁋
1350 410 88 46 Sed
1401 410 113 46 aliud

885 443 87 39 isti
939 443 87 39 puta
994 443 141 39 hunanitas
1102 443 76 39 ita
1146 443 87 39 quod
1200 443 141 39 claudicet
1308 443 76 39 lex
1352 443 119 39 proprie
1428 443 54 39 di-

889 473 81 34 cte
936 473 196 34 compositionis
1097 473 69 34 ex
1131 473 104 34 parte
1200 473 104 34 verbi
1269 473 81 34 non
1315 473 69 34 ex
1350 473 104 34 parte
1407 473 81 34 huna-

886 500 117 41 nitatis
971 500 64 41 in
1003 500 85 41 ipso
1056 500 170 41 personaliter
1194 500 170 41 subsistentur
1332 500 74 41 vbi
1374 500 85 41 nota
1416 500 64 41 quod

883 530 135 39 quandoque
986 530 104 39 aliqua
1059 530 73 39 sic
1101 530 125 39 vniuntur
1194 530 83 39 quod
1246 530 62 39 ex
1277 530 73 39 eis
1319 530 73 39 fit
1360 530 73 39 per
1402 530 62 39 se
1423 530 62 39 vnum

889 559 162 33 compositum
1016 559 58 33 a
1039 559 138 33 quolibet
1143 559 173 33 componendum
1282 559 162 33 distinctum
1409 559 69 33 in
1432 559 46 33 re

880 585 75 35 et
917 585 211 35 denominatione
1091 585 75 35 vt
1128 585 112 35 patet
1203 585 174 35 communiter
1339 585 75 35 in
1364 585 112 35 composi

878 610 71 38 tis
918 610 61 38 ex
949 610 111 38 materia
1030 610 61 38 et
1060 610 91 38 forma
1121 610 61 38 et
1151 610 71 38 sic
1192 610 121 38 Christus
1283 610 71 38 vel
1323 610 101 38 filius
1394 610 71 38 dei
1424 610 51 38 non

875 642 89 37 est
926 642 140 37 aliquod
1028 642 179 37 compositum
1169 642 77 37 ex
1207 642 179 37 humanitate
1347 642 77 37 et
1373 642 102 37 deita-

874 672 82 38 te.
921 672 58 38 ⁋
944 672 128 38 Secundo
1037 672 116 38 aliqua
1119 672 82 38 sic
1166 672 140 38 vniuntur
1270 672 93 38 quod
1329 672 128 38 propter
1410 672 70 38 inti

881 697 136 42 mitatem
979 697 99 42 quam
1041 697 99 42 vnum
1103 697 123 42 alteri
1189 697 123 42 intime
1276 697 123 42 vnitur
1362 697 74 42 et
1387 697 86 42 propi

873 725 119 41 modum
952 725 145 41 vniendi
1058 725 93 41 vel
1111 725 185 41 componendi
1256 725 145 41 alterum
1349 725 132 41 componem

879 750 82 44 dum
926 750 175 44 denominatur
1066 750 70 44 ab
1101 750 117 44 altero
1183 750 93 44 sibi
1241 750 105 44 vnito
1311 750 70 44 et
1346 750 82 44 sic
1392 750 82 44 dei
1427 750 47 44 fi

880 779 105 44 lius
946 779 198 44 denominatur
1104 779 105 44 homo
1170 779 79 44 ab
1209 779 185 44 humanitate
1341 779 132 44 hyposta-

882 806 113 40 sitate
961 806 90 40 sibi
1017 806 102 40 vnita
1085 806 57 40 a
1108 806 79 40 qua
1153 806 102 40 etiam
1221 806 170 40 denominatur
1345 806 136 40 hypostasis

872 839 172 37 composita
1004 839 80 37 et
1044 839 93 37 sic
1097 839 80 37 de
1137 839 159 37 pluribus
1243 839 239 37 denominationibus

879 864 188 38 consimilibus
1032 864 82 38 nec
1079 864 106 38 illud
1150 864 82 38 est
1197 864 106 38 mirum
1268 864 106 38 vnita
1339 864 141 38 subiecto
1433 864 47 38 al

875 891 121 47 bedine
960 891 157 47 subiectum
1081 891 97 47 quod
1141 891 85 47 est
1190 891 121 47 altera
1274 891 97 47 pars
1335 891 133 47 illorum
1419 891 61 47 vni

874 920 113 37 torum
950 920 75 37 de
987 920 200 37 nominationem
1150 920 138 37 recipit
1250 920 75 37 et
1287 920 138 37 vocatur
1375 920 100 37 album.

870 951 62 40 ⁋
894 951 74 40 Ad
931 951 135 40 tertium
1030 951 148 40 dicendum
1141 951 99 40 quod
1202 951 123 40 assumi
1288 951 86 40 vel
1338 951 123 40 deponi
1411 951 62 40 vel

869 979 83 36 deo
917 979 107 36 vniri
988 979 83 36 non
1035 979 118 36 notant
1118 979 142 36 actionem
1224 979 83 36 nec
1272 979 154 36 passionem
1378 979 95 36 nature

867 1010 153 31 assumpte
982 1010 89 31 sed
1033 1010 128 31 potius
1123 1010 166 31 nouitatem
1250 1010 115 31 entis
1327 1010 115 31 vnius
1391 1010 89 31 quasi

867 1037 145 34 compositi
979 1037 168 34 resultantis
1113 1037 112 34 creari
1191 1037 101 34 etiam
1258 1037 78 34 vel
1302 1037 156 34 amnihilari
1414 1037 56 34 non

873 1064 116 39 notant
955 1064 139 39 actionem
1059 1064 81 39 nec
1106 1064 151 39 passionem
1222 1064 128 39 proprie
1314 1064 116 39 dictam
1396 1064 70 39 vt
1419 1064 58 39 ita

868 1089 131 38 loquor
960 1089 92 38 nec
1012 1089 118 38 eodem
1090 1089 105 38 modo
1156 1089 92 38 quo
1208 1089 157 38 loquitur
1326 1089 131 38 auctor
1405 1089 65 38 sex

867 1119 171 40 principiorum.
1008 1119 60 40 d.
1038 1119 80 40 quod
1088 1119 90 40 actio
1148 1119 70 40 est
1189 1119 121 40 secundum
1279 1119 80 40 quam
1329 1119 60 40 in
1359 1119 90 40 istud
1420 1119 80 40 quod

866 1149 177 39 subiicitur
1005 1149 114 39 agere
1081 1149 151 39 dicimur.
1194 1149 63 39 ⁋
1220 1149 76 39 Ad
1258 1149 139 39 quartum
1358 1149 139 39 concedo

865 1181 93 32 quod
924 1181 70 32 in
959 1181 116 32 triduo
1040 1181 128 32 poterat
1133 1181 82 32 dei
1180 1181 116 32 filius
1261 1181 93 32 vere
1320 1181 163 32 denominari
1436 1181 35 32 a

866 1211 120 32 corpore
953 1211 65 32 et
986 1211 76 32 est
1030 1211 65 32 ab
1062 1211 98 32 anima
1128 1211 98 32 vnita
1193 1211 87 32 sibi
1248 1211 109 32 aliqua
1313 1211 164 32 denominatione

868 1232 72 40 que
909 1232 72 40 non
950 1232 72 40 est
991 1232 62 40 in
1022 1232 72 40 vsu
1063 1232 134 40 quecumque
1166 1232 82 40 ista
1217 1232 82 40 esse
1268 1232 123 40 debuerit
1361 1232 62 40 et
1392 1232 82 40 ideo
1433 1232 41 40 de

868 1259 91 41 illa
925 1259 80 41 non
970 1259 137 41 curetur.
1073 1259 57 41 ⁋
1096 1259 91 41 Nota
1153 1259 103 41 etiam
1221 1259 91 41 quod
1278 1259 68 41 in
1312 1259 114 41 triduo
1381 1259 91 41 verbum

863 1286 74 38 hoc
906 1286 74 38 non
948 1286 95 38 esset
1012 1286 64 38 ho
1043 1286 85 38 fuit
1096 1286 95 38 tamen
1160 1286 127 38 Christus
1255 1286 116 38 propter
1340 1286 106 38 animam
1403 1286 64 38 sibi

862 1320 98 33 vnitam
931 1320 88 33 vncta
990 1320 98 33 spitus
1059 1320 108 33 sanctus
1137 1320 118 33 vnctione
1226 1320 59 33 et
1255 1320 88 33 licet
1314 1320 98 33 corpus
1383 1320 88 33 esset
1432 1320 39 33 si

868 1343 60 42 bi
898 1343 101 42 vnitum
968 1343 70 42 ita
1009 1343 80 42 quod
1059 1343 111 42 propter
1139 1343 70 42 hoc
1180 1343 80 42 vere
1230 1343 121 42 dicentur
1320 1343 121 42 Christus
1401 1343 70 42 iacem

860 1373 73 40 in
896 1373 157 40 sepulchio
1017 1373 85 40 non
1066 1373 109 40 tamen
1138 1373 133 40 ratione
1235 1373 145 40 corporis
1332 1373 133 40 dicebatur

865 1405 115 35 Christus
951 1405 76 35 quia
999 1405 105 35 corpori
1076 1405 67 35 non
1114 1405 115 35 conuenit
1200 1405 95 35 vnctio
1266 1405 143 35 spiritualis
1381 1405 67 35 sed
1410 1405 57 35 quia

864 1430 78 37 ille
913 1430 68 37 qui
952 1430 78 37 fuit
1001 1430 117 37 Christus
1089 1430 108 37 ratione
1168 1430 88 37 anime
1226 1430 98 37 habuit
1295 1430 98 37 corpus
1363 1430 78 37 sibi
1402 1430 59 37 vni-

858 1462 84 31 tum
906 1462 120 31 iacens
990 1462 72 31 in
1026 1462 168 31 sepulchio.
1158 1462 60 31 ⁋
1181 1462 96 31 Ideo
1241 1462 156 31 dicebatur
1349 1462 120 31 Christus

857 1489 125 32 iacere
945 1489 201 32 insepulchio.
1108 1489 63 32 ⁋
1133 1489 125 32 Contra
1221 1489 201 32 conclusionem
1371 1489 88 32 secun

864 1514 91 41 dam
916 1514 104 41 deus
981 1514 91 41 est
1033 1514 130 41 primus
1124 1514 117 41 motor
1201 1514 91 41 aut
1253 1514 130 41 igitur
1344 1514 117 41 mouet
1409 1514 52 41 mo

862 1544 67 34 do
895 1544 111 34 nature
973 1544 78 34 aut
1018 1544 111 34 libere
1096 1544 67 34 si
1129 1544 111 34 primum
1207 1544 89 34 tunc
1263 1544 89 34 agit
1318 1544 111 34 falsum
1385 1544 78 34 secun

860 1573 78 37 dum
904 1573 122 37 vltimum
993 1573 78 37 sue
1037 1573 133 37 potentie
1137 1573 111 37 igitur
1215 1573 133 37 antequam
1315 1573 111 37 mouetu
1381 1573 78 37 celum

855 1604 80 33 non
900 1604 114 33 potuit
980 1604 114 33 mouere
1060 1604 80 33 nec
1105 1604 114 33 creare
1185 1604 102 33 ipsum
1253 1604 68 33 et
1287 1604 80 33 per
1321 1604 137 33 consequens

861 1624 98 47 fuit
922 1624 134 47 mutatus
1020 1624 73 47 si
1056 1624 122 47 libere
1142 1624 122 47 moueat
1227 1624 98 47 sint
1288 1624 122 47 igitur
1374 1624 85 47 duo
1410 1624 49 47 mo

865 1652 103 44 bilia.
937 1652 62 44 a.
968 1652 72 44 et.
1009 1652 62 44 b.
1040 1652 113 44 equalia
1123 1652 72 44 per
1164 1652 72 44 duo
1205 1652 103 44 spacia
1277 1652 72 44 sic
1319 1652 83 44 quod
1370 1652 93 44 tamen
1422 1652 41 44 a.

860 1686 161 40 pertransit
986 1686 92 40 vnam
1043 1686 115 40 partem
1124 1686 207 40 proportionalem
1296 1686 80 40 sui
1342 1686 115 40 spaci.
1411 1686 46 40 b.

853 1716 168 39 pertransiet
987 1716 89 39 duas
1043 1716 67 39 de
1077 1716 78 39 suo
1121 1716 67 39 et
1155 1716 78 39 cum
1200 1716 56 39 a
1222 1716 101 39 duas.
1289 1716 67 39 de
1323 1716 78 39 suo
1367 1716 67 39 b.
1390 1716 78 39 quaet

859 1744 95 32 tuor
919 1744 72 32 et
954 1744 83 32 sic
1002 1744 143 32 deinceps
1109 1744 119 32 semper
1193 1744 107 32 duplo
1264 1744 119 32 plures
1348 1744 107 32 donec
1407 1744 48 32 to

859 1769 81 40 tum
906 1769 127 40 spacium
998 1769 150 40 vtrobique
1113 1769 81 40 sit
1159 1769 196 40 pertransitum.
1320 1769 58 40 ⁋
1343 1769 92 40 Tunc
1389 1769 69 40 quae

853 1799 74 37 ro
890 1799 111 37 vtrum
964 1799 74 37 b.
1001 1799 124 37 citius
1088 1799 161 37 pertingit
1212 1799 74 37 ad
1249 1799 149 37 terminum
1360 1799 87 37 sui
1397 1799 62 37 spa

861 1827 72 39 cum
902 1827 72 39 vel
943 1827 83 39 non.
995 1827 62 39 si
1026 1827 72 39 sic
1067 1827 83 39 sit.
1119 1827 62 39 d.
1150 1827 103 39 primum
1222 1827 114 39 instans
1305 1827 62 39 in
1336 1827 72 39 quo
1377 1827 62 39 b.
1398 1827 62 39 per-

858 1853 147 37 transiuit
970 1853 90 37 suum
1027 1853 124 37 spacium
1117 1853 68 37 et
1151 1853 101 37 quero
1218 1853 101 37 vtrum
1286 1853 68 37 in
1320 1853 90 37 illo
1376 1853 79 37 sit
1410 1853 45 37 ve

852 1885 84 38 rum
900 1885 119 38 dicere
983 1885 96 38 quod
1043 1885 72 38 a.
1079 1885 215 38 pertransiuerit
1258 1885 119 38 partes
1330 1885 131 38 proportio

850 1912 102 38 nales
918 1912 148 38 infinitas
1032 1912 114 38 illius
1111 1912 125 38 ordinis
1203 1912 80 38 aut
1248 1912 80 38 non
1294 1912 68 38 si
1328 1912 80 38 sic
1362 1912 91 38 igitur

852 1941 75 37 est
895 1941 64 37 in
927 1941 86 37 fine
981 1941 96 37 sicut
1045 1941 75 37 et.
1088 1941 64 37 b.
1120 1941 64 37 Et
1152 1941 64 37 si
1184 1941 75 37 non
1227 1941 107 37 igitur
1302 1941 96 37 solum
1356 1941 96 37 finitas

849 1967 70 35 et
884 1967 70 35 si
919 1967 81 35 hoc
966 1967 93 35 cum.
1024 1967 70 35 b.
1059 1967 128 35 precise
1152 1967 81 35 per
1198 1967 105 35 casum
1268 1967 151 35 precedat.
1384 1967 58 35 a
1396 1967 58 35 se-

853 1997 119 38 cundum
937 1997 131 38 regulam
1032 1997 119 38 plures
1116 1997 119 38 partes
1199 1997 84 38 pro
1247 1997 179 38 portionales
1378 1997 72 38 quod

855 2023 89 38 patet
914 2023 99 38 falsum
984 2023 69 38 cum
1023 2023 69 38 sit
1063 2023 59 38 in
1092 2023 79 38 fine
1142 2023 109 38 spacii.
1221 2023 49 38 ⁋
1241 2023 59 38 Si
1270 2023 109 38 dicatur
1349 2023 79 38 quod
1389 2023 69 38 situs

845 2054 163 38 pertinget
971 2054 75 38 ad
1009 2054 163 38 terminum.
1134 2054 63 38 ⁋
1159 2054 126 38 Contra
1247 2054 163 38 immediate
1360 2054 88 38 atece

851 2083 81 35 te.
898 2083 58 35 d
921 2083 127 35 instans
1013 2083 69 35 b.
1048 2083 196 35 pertransierat
1209 2083 104 35 duplo
1279 2083 115 35 plures
1348 2083 104 35 illarum

850 2108 130 38 partium
945 2108 71 38 et
980 2108 83 38 per
1027 2108 165 38 consequens
1157 2108 83 38 cum
1204 2108 83 38 ita
1251 2108 118 38 semper
1334 2108 94 38 esse
1381 2108 71 38 debe

845 2140 71 42 at
881 2140 107 42 vsque
952 2140 71 42 ad
987 2140 130 42 vltimum
1082 2140 130 42 instans
1177 2140 71 42 b.
1212 2140 118 42 citius
1295 2140 95 42 erat
1342 2140 107 42 peruen
