1799 2500
313 280 117 51 turum
391 280 78 51 ad
430 280 156 51 terminum
547 280 104 51 quam
612 280 78 51 a.
650 280 65 51 ⁋
676 280 195 51 Respondetur
819 280 104 51 conce-

309 312 102 46 dendo
377 312 91 46 quod
433 312 68 46 b.
467 312 68 46 et
501 312 68 46 a.
535 312 102 46 simul
603 312 181 46 pertingerent
750 312 68 46 ad
784 312 102 46 finem
852 312 68 46 et
875 312 45 46 ne

313 343 108 45 gatur
385 343 120 45 vltima
469 343 193 45 consequentia
626 343 96 45 quia
686 343 108 45 licet
758 343 72 45 in
783 343 132 45 principio

321 370 140 44 velocius
427 370 152 44 moueretur
544 370 105 44 quam.
614 370 70 44 a.
649 370 105 44 tamen
719 370 94 44 post
778 370 117 44 stante
848 370 70 44 casu

315 397 139 50 oportebit
422 397 86 50 quod
476 397 64 50 a.
508 397 128 50 moueatur
604 397 128 50 velocius
700 397 86 50 quam
754 397 64 50 b.
786 397 64 50 do
818 397 75 50 nec
850 397 75 50 prae-

317 426 94 44 cise
376 426 71 44 in
411 426 94 44 fine
470 426 141 44 pertigat
576 426 118 44 ipsum.
659 426 59 44 ⁋
682 426 82 44 Hic
730 426 106 44 etiam
800 426 106 44 valet
859 426 59 44 yma

323 455 134 47 ginatio
420 455 85 47 que
469 455 146 47 tangitur
578 455 73 47 in
615 455 110 47 spera
688 455 73 47 oe
724 455 146 47 partibus
822 455 97 47 equino

322 482 134 43 aetialis
422 482 67 43 et
456 482 134 43 podiaci.
556 482 56 43 ⁋
579 482 112 43 Tertio
657 482 190 43 principaliter
813 482 89 43 deus
858 482 67 43 cre-

322 505 66 46 ans
359 505 94 46 potest
425 505 66 46 non
463 505 75 46 esse
510 505 94 46 igitur
576 505 75 46 deus
624 505 94 46 potest
690 505 66 46 non
727 505 75 46 esse
774 505 132 46 Antecedens
869 505 47 46 per

323 539 99 41 batur
389 539 88 41 quia
444 539 77 41 hec
488 539 77 41 est
532 539 154 41 possibilis
652 539 88 41 deus
707 539 110 41 creans
784 539 77 41 non
828 539 77 41 est
861 539 55 41 igi

318 566 58 47 ⁋
342 566 93 47 Item
399 566 81 47 vel
446 566 93 47 deus
504 566 116 47 creans
585 566 116 47 potest
665 566 81 47 non
712 566 93 47 esse
770 566 81 47 vel
816 566 93 47 deus
862 566 58 47 cre

327 592 68 44 ans
366 592 68 44 non
405 592 97 44 potest
473 592 68 44 non
512 592 78 44 esse
560 592 58 44 si
589 592 97 44 primum
657 592 116 44 intentum
745 592 58 44 si
774 592 116 44 secundum
851 592 78 44 igitur

317 629 100 43 deus
379 629 125 43 creans
466 629 174 43 necessario
603 629 100 43 est.
665 629 62 43 ⁋
690 629 187 43 Respondetur
827 629 100 43 conce-

326 650 93 42 dendo
388 650 83 42 quod
439 650 83 42 deus
491 650 103 42 creans
563 650 72 42 non
604 650 103 42 potest
676 650 72 42 non
718 650 83 42 esse
769 650 72 42 nec
811 650 93 42 valet
862 650 62 42 ista

329 682 185 39 consequentia
480 682 93 39 deus
538 682 116 39 creans
619 682 81 39 non
665 682 81 39 est
712 682 116 39 igitur
793 682 93 39 deus
839 682 93 39 creans

326 706 115 48 potest
406 706 81 48 non
452 706 92 48 esse
510 706 127 48 propter
602 706 184 48 ampliationem
751 706 81 48 que
797 706 81 48 fit
843 706 69 48 in
866 706 69 48 con-

326 735 158 47 sequente.
447 735 61 47 ⁋
472 735 97 47 Item
532 735 85 47 hic
581 735 134 47 negatur
678 735 97 47 ista
739 735 194 47 consequentia
884 735 49 47 de

327 762 69 48 us
362 762 116 48 creans
443 762 81 48 non
489 762 116 48 potest
570 762 81 48 non
617 762 93 48 esse
674 762 116 48 igitur
755 762 93 48 deus
813 762 116 48 creans
883 762 46 48 ne

328 788 130 49 cessario
426 788 76 49 est
469 788 65 49 et
502 788 98 49 datur
567 788 141 49 instantia
675 788 87 49 quia
729 788 76 49 hec
772 788 76 49 est
816 788 98 49 falsa
870 788 65 49 chi-

320 816 85 54 mera
373 816 106 54 potest
448 816 74 54 non
490 816 85 54 esse
543 816 64 54 eo
575 816 85 54 quod
628 816 64 54 si
660 816 96 54 esset
724 816 85 54 vera
777 816 74 54 vel
819 816 106 54 igitur
883 816 53 54 chi

325 849 95 43 mera
384 849 83 43 que
432 849 83 43 est
479 849 83 43 vel
526 849 83 43 que
573 849 118 43 potest
656 849 95 43 esse
715 849 118 43 potest
798 849 83 43 non
833 849 83 43 esse.

331 877 55 45 ⁋
353 877 78 45 Sed
397 877 133 45 vtrumque
497 877 78 45 est
542 877 111 45 falsum
619 877 67 45 eo
653 877 89 45 quod
708 877 78 45 nec
752 877 122 45 chimera
841 877 78 45 est
875 877 55 45 nec

323 903 120 48 potest
407 903 96 48 esse
467 903 120 48 igitur
551 903 84 48 hec
599 903 84 48 est
647 903 96 48 vera
707 903 132 48 chimera
803 903 84 48 non
839 903 96 48 potest

329 931 85 47 non
377 931 97 47 esse
438 931 73 47 et
474 931 85 47 non
523 931 109 47 tamen
595 931 145 47 sequitur
704 931 121 47 igitur
789 931 133 47 chimera
873 931 61 47 ne-

329 958 130 47 cessario
427 958 76 47 est
470 958 65 47 et
502 958 87 47 tunc
556 958 97 47 vltra
621 958 119 47 dicitur
708 958 87 47 quod
762 958 87 47 illa
805 958 130 47 equipollen

334 991 79 43 tia
379 991 158 43 necessarum
503 991 68 43 et
537 991 79 43 non
582 991 158 43 possibilis
706 991 79 43 non
751 991 102 43 solum
819 991 102 43 tenet
876 991 56 43 cum

335 1015 166 47 constantia
466 1015 154 47 subiecti.
584 1015 59 47 ⁋
608 1015 142 47 Sequitur
715 1015 95 47 enim
774 1015 71 47 a.
810 1015 83 47 non
845 1015 95 47 potest

335 1043 70 48 non
375 1043 90 48 esse.
435 1043 70 48 et.
475 1043 60 48 a.
506 1043 70 48 est
546 1043 100 48 igitur
616 1043 151 48 necessario.
736 1043 60 48 a.
766 1043 70 48 est
807 1043 80 48 vnde
857 1043 80 48 ista
897 1043 40 48 ne

328 1071 108 50 gatiua
404 1071 65 50 a.
436 1071 75 50 non
479 1071 108 50 potest
554 1071 75 50 non
597 1071 86 50 esse
651 1071 108 50 potest
726 1071 108 50 habere
802 1071 86 50 tres
845 1071 86 50 causas

335 1101 127 42 veritatis
433 1101 68 42 vel
472 1101 58 42 id
501 1101 68 42 est
540 1101 78 42 quod
588 1101 49 42 a
608 1101 136 42 necessario
715 1101 68 42 est
754 1101 68 42 vel
793 1101 78 42 quia
842 1101 58 42 a.
861 1101 78 42 impos-

339 1129 97 43 sibile
407 1129 68 43 est
446 1129 77 43 esse
494 1129 68 43 vel
533 1129 77 43 quia
581 1129 107 43 aliquid
659 1129 97 43 potest
727 1129 77 43 esse
775 1129 58 43 a.
804 1129 58 43 et
833 1129 77 43 omne
872 1129 58 43 tali

329 1157 166 43 necessario
460 1157 83 43 est
507 1157 95 43 modo
567 1157 107 43 prima
638 1157 107 43 causa
709 1157 154 43 verificat
828 1157 107 43 istam
887 1157 48 43 de

341 1186 69 42 us
376 1186 116 42 creans
457 1186 81 42 non
503 1186 116 42 potest
584 1186 81 42 non
631 1186 93 42 esse
688 1186 127 42 secunda
781 1186 104 42 istam
839 1186 104 42 chimera

334 1214 65 46 non
371 1214 93 46 potest
436 1214 65 46 non
474 1214 75 46 esse
520 1214 93 46 tertia
586 1214 84 46 istam
642 1214 93 46 creans
707 1214 65 46 non
744 1214 93 46 potest
809 1214 65 46 non
847 1214 75 46 esse
884 1214 56 46 dato

340 1241 83 48 quod
392 1241 83 48 deus
443 1241 93 48 nihil
506 1241 93 48 creet
568 1241 52 48 ⁋
589 1241 83 48 Item
641 1241 125 48 secundum
734 1241 73 48 hoc
776 1241 83 48 ista
828 1241 73 48 non
859 1241 83 48 contra

335 1271 123 43 dicunt
421 1271 99 43 deus
483 1271 123 43 creans
569 1271 173 43 necessario
705 1271 86 43 est
754 1271 74 43 et
791 1271 99 43 deus
840 1271 99 43 creans

343 1299 107 45 potest
418 1299 75 45 non
461 1299 85 45 esse
514 1299 75 45 nam
556 1299 85 45 ambo
610 1299 107 45 essent
684 1299 96 45 false
748 1299 75 45 deo
791 1299 96 45 nihil
844 1299 96 45 creante

344 1328 104 42 Secundo
419 1328 76 42 deus
467 1328 95 42 creans
533 1328 95 42 potest
600 1328 104 42 definem
675 1328 76 42 esse
723 1328 95 42 igitur
789 1328 76 42 etc.
827 1328 114 42 Antecedens

342 1354 131 47 probatur
440 1354 142 47 supposito
549 1354 87 47 quod
604 1354 87 47 deus
658 1354 87 47 nunc
713 1354 98 47 primo
778 1354 76 47 non
822 1354 98 47 creet
877 1354 65 47 tunc

344 1384 82 43 sic
391 1384 94 43 deus
450 1384 118 43 creans
533 1384 94 43 nunc
592 1384 82 43 non
639 1384 94 43 est.
698 1384 71 43 et
733 1384 94 43 deus
792 1384 118 43 creans
863 1384 82 43 imme-

347 1409 91 48 diate
407 1409 81 48 ante
458 1409 70 48 hoc
498 1409 81 48 fuit
548 1409 101 48 igitur
619 1409 81 48 deus
669 1409 101 48 creans
740 1409 111 48 desinit
820 1409 81 48 esse
860 1409 81 48 igitur

343 1445 90 38 deus
399 1445 112 38 creans
477 1445 112 38 potest
555 1445 134 38 desinere
656 1445 90 38 esse
712 1445 168 38 respondetur
846 1445 123 38 negando

354 1470 164 42 Antecedens
483 1470 70 42 ad
518 1470 176 42 probationem
658 1470 129 42 negatur
752 1470 187 42 consequentia
892 1470 59 42 nec

345 1496 87 44 iste
399 1496 87 44 sunt
454 1496 152 44 exponentes
573 1496 173 44 consequentis
714 1496 87 44 nisi
768 1496 65 44 in
800 1496 119 44 vtraque
876 1496 65 44 expo

344 1525 109 47 nente
416 1525 72 47 ly
452 1525 96 47 deus
513 1525 121 47 creans
597 1525 133 47 sumatur
694 1525 84 47 pro
742 1525 109 47 eodem
814 1525 72 47 et
851 1525 96 47 tunc
899 1525 48 47 se

342 1552 102 45 cunda
410 1552 102 45 esset
478 1552 102 45 falsa
546 1552 125 45 propter
636 1552 113 45 falsam
715 1552 193 45 implicationem
863 1552 79 45 istam

347 1577 135 47 scilicet
448 1577 90 47 quod
505 1577 90 47 deus
561 1577 79 47 qui
606 1577 79 47 est
652 1577 113 47 creans
731 1577 147 47 immediate
843 1577 90 47 ante
889 1577 56 47 hoc

345 1607 109 46 fuit.
418 1607 61 46 ⁋
442 1607 121 46 Aliter
526 1607 182 46 respondetur
672 1607 85 46 tam
720 1607 73 46 ad
756 1607 194 46 responsionem
902 1607 48 46 se

349 1635 105 47 cundam
422 1635 84 47 quam
474 1635 63 47 ad
506 1635 94 47 istam
568 1635 115 47 tertiam
652 1635 147 47 concedendo
767 1635 84 47 quod
819 1635 84 47 ista
872 1635 73 47 est
903 1635 42 47 bo

349 1663 63 48 na
381 1663 179 48 equipollentia
529 1663 84 48 deus
581 1663 105 48 creans
655 1663 74 48 non
697 1663 105 48 potest
771 1663 74 48 non
813 1663 84 48 esse
866 1663 63 48 et
887 1663 63 48 deus

348 1692 115 43 creans
429 1692 162 43 necessario
556 1692 81 43 est
603 1692 81 43 sed
649 1692 92 43 ista
706 1692 185 43 consequentia
857 1692 81 43 non
891 1692 58 43 va-

351 1724 83 43 let
399 1724 95 43 deus
458 1724 119 43 creans
542 1724 167 43 necessario
673 1724 83 43 est
721 1724 119 43 igitur
804 1724 95 43 deus
852 1724 95 43 creans

357 1748 72 49 est
398 1748 82 49 quia
449 1748 62 49 ly
480 1748 144 49 necessario
593 1748 113 49 ampliat
675 1748 62 49 et
706 1748 82 49 ideo
757 1748 144 49 antecedens
860 1748 92 49 signifi

350 1777 60 46 cat
385 1777 69 46 quod
428 1777 69 46 ille
471 1777 60 46 qui
506 1777 60 46 est
540 1777 86 46 creans
601 1777 60 46 vel
635 1777 60 46 qui
670 1777 86 46 potest
730 1777 69 46 esse
773 1777 69 46 deus
817 1777 86 46 creans
868 1777 78 46 necessa

351 1803 83 48 rio
399 1803 83 48 est
446 1803 71 48 et
481 1803 83 48 hoc
529 1803 83 48 est
576 1803 118 48 verum.
659 1803 59 48 ⁋
683 1803 71 48 Ad
718 1803 166 48 instantiam
848 1803 71 48 de
872 1803 83 48 chime

351 1831 69 49 ra
386 1831 93 49 dico
444 1831 162 49 concedendo
571 1831 104 49 istam
641 1831 127 49 chimera
733 1831 116 49 potest
814 1831 81 49 non
860 1831 93 49 esse
907 1831 46 49 et

353 1863 101 45 istam
420 1863 123 45 chimera
510 1863 78 45 que
555 1863 78 45 est
599 1863 112 45 potest
678 1863 78 45 non
723 1863 90 45 esse
779 1863 78 45 nec
824 1863 67 45 ex
857 1863 90 45 illa
902 1863 45 45 se

350 1889 115 45 quitur
431 1889 92 45 quod
489 1889 127 45 chimera
581 1889 81 45 est
628 1889 81 45 cum
674 1889 92 45 illa
732 1889 81 45 sit
778 1889 139 45 negatiua
870 1889 81 45 cuius

354 1917 159 47 subiectum
476 1917 85 47 non
525 1917 134 47 oportet
622 1917 159 47 supponere
744 1917 85 47 pro
793 1917 134 47 aliquo.
891 1917 61 47 ⁋
903 1917 49 47 Si

353 1945 114 47 militer
436 1945 114 47 concedo
519 1945 94 47 istam
581 1945 114 47 chimera
665 1945 83 47 quae
717 1945 104 47 potest
790 1945 83 47 esse
842 1945 104 47 potest
904 1945 52 47 non

354 1974 76 47 esse
402 1974 57 47 et
431 1974 57 47 ex
459 1974 76 47 illa
507 1974 67 47 non
545 1974 114 47 sequitur
630 1974 76 47 quod
678 1974 105 47 chimera
754 1974 95 47 potest
821 1974 76 47 esse
868 1974 76 47 quia
906 1974 48 47 non

353 2002 132 44 oportet
449 2002 156 44 subiectum
569 2002 96 44 eius
629 2002 84 44 pro
676 2002 120 44 aliquo
760 2002 156 44 supponere
880 2002 72 44 et
904 2002 48 44 ra

353 2030 198 47 tionaturalis
513 2030 74 47 in
550 2030 86 47 qua
600 2030 111 47 debet
674 2030 136 47 fundari
773 2030 124 47 logica
859 2030 86 47 hoc
896 2030 62 47 di-

351 2059 85 46 ctat
404 2059 85 46 quod
457 2059 74 46 non
500 2059 117 46 oportet
585 2059 64 46 si
617 2059 64 46 de
648 2059 106 46 aliquo
723 2059 95 46 debut
786 2059 149 46 verificari
892 2059 64 46 pos-

355 2091 60 44 se
385 2091 70 44 non
425 2091 80 44 esse
475 2091 80 44 quod
525 2091 60 44 de
555 2091 80 44 ipso
605 2091 150 44 verificatur
725 2091 90 44 posse
785 2091 90 44 esse.
845 2091 50 44 ⁋
865 2091 60 44 Ad
885 2091 70 44 aliam

353 2113 126 64 negatur
444 2113 184 64 consequentia
594 2113 92 64 deus
651 2113 115 64 creans
731 2113 126 64 desinit
823 2113 92 64 esse
869 2113 92 64 igitur

940 260 90 55 deus
996 260 113 55 creans
1075 260 113 55 potest
1154 260 135 55 desinere
1256 260 90 55 esse
1312 260 124 55 propter
1391 260 158 55 ampliationem

949 306 78 42 que
993 306 78 42 fit
1038 306 66 42 in
1071 306 233 42 consequenteretiam
1270 306 78 42 non
1314 306 133 42 sequitur
1414 306 89 42 deus
1458 306 89 42 creans

941 331 104 43 desinit
1016 331 75 43 esse
1063 331 94 43 igitur
1129 331 75 43 deus
1176 331 104 43 desinit
1251 331 75 43 esse
1298 331 66 43 nec
1336 331 132 43 consequens
1439 331 66 43 est
1468 331 75 43 incon-

938 356 133 45 ueniens
1035 356 85 45 cum
1083 356 73 45 in
1119 356 145 45 instanti
1228 356 121 45 quando
1313 356 97 45 deus
1374 356 85 45 non
1422 356 109 45 creat
1482 356 61 45 ve-

947 381 69 48 rum
986 381 69 48 sit
1026 381 79 48 quod
1075 381 79 48 deus
1124 381 98 48 creans
1193 381 88 48 nihil
1252 381 69 48 est
1291 381 59 48 eo
1320 381 79 48 quod
1369 381 88 48 nulla
1428 381 108 48 entitas
1497 381 49 48 est

942 416 98 42 tunc
1003 416 86 42 cui
1052 416 98 42 vere
1113 416 159 42 conueniat
1235 416 86 42 hoc
1284 416 171 42 predicatum
1419 416 98 42 deus
1468 416 73 42 cre-

945 442 79 42 ans
990 442 101 42 quare
1057 442 112 42 igitur
1136 442 79 42 non
1181 442 146 42 similiter
1293 442 112 42 potest
1371 442 90 42 ista
1428 442 123 42 concedi
1506 442 45 42 de

954 470 69 40 us
988 470 114 40 creans
1068 470 126 40 desinit
1159 470 103 40 esse.
1228 470 57 40 ⁋
1251 470 69 40 Et
1285 470 160 40 accipiatur
1411 470 137 40 exemplum
1502 470 46 40 de

945 500 104 40 sorte
1015 500 92 40 albo
1072 500 81 40 vel
1119 500 104 40 magis
1188 500 162 40 conueniens
1315 500 69 40 de
1350 500 104 40 sorte
1419 500 104 40 patre
1477 500 69 40 quia

944 528 69 43 in
979 528 139 43 instanti
1083 528 69 43 in
1118 528 81 43 quo
1164 528 116 43 filius
1245 528 93 43 eius
1303 528 104 43 primo
1372 528 81 43 est
1419 528 127 43 mortuus
1500 528 46 43 ve

946 552 67 44 rum
985 552 67 44 est
1023 552 86 44 dicem
1080 552 76 44 quod
1128 552 96 44 sortes
1195 552 86 44 pater
1252 552 105 44 desinit
1329 552 76 44 esse
1376 552 57 44 et
1405 552 86 44 tamen
1462 552 76 44 ipse
1501 552 57 44 tunc

952 583 56 41 i
974 583 102 41 nullo
1042 583 147 41 dubitatur
1155 583 79 41 nec
1200 583 102 41 etiam
1268 583 68 41 ex
1302 583 79 41 hoc
1347 583 135 41 sequitur
1448 583 90 41 quod
1494 583 56 41 sor

950 610 85 42 tes
999 610 134 42 desinit
1096 610 110 42 esse.
1170 610 61 42 ⁋
1194 610 73 42 Ad
1231 610 122 42 primum
1316 610 171 42 principale
1438 610 110 42 negatur

953 639 183 41 consequentia
1101 639 91 41 quia
1158 639 80 41 hoc
1204 639 114 41 fieret
1284 639 80 41 non
1329 639 126 41 propter
1409 639 137 41 mutationem

955 664 78 46 dei
999 664 78 46 sed
1044 664 122 46 propter
1132 664 155 46 positionem
1254 664 89 46 loci
1309 664 78 46 vel
1354 664 100 46 situs
1420 664 78 46 cum
1464 664 78 46 deo
1498 664 55 46 vel

950 695 113 44 dicitur
1032 695 82 44 quod
1083 695 82 44 deus
1135 695 113 44 immense
1217 695 72 44 est
1258 695 92 44 extra
1320 695 92 44 celum
1381 695 134 44 vbicumque
1474 695 82 44 potest

953 724 93 42 esse
1011 724 139 42 aliquid.
1116 724 58 42 ⁋
1139 724 70 42 Ad
1174 724 139 42 secundum
1278 724 127 42 negatur
1371 724 93 42 ista
1417 724 139 42 consequen-

953 751 81 43 tia
1000 751 69 43 de
1034 751 81 43 deo
1080 751 127 43 dicitur
1172 751 127 43 aliquid
1264 751 138 43 secundum
1368 751 138 43 accidens
1460 751 92 43 igitur

952 778 93 44 deus
1010 778 81 44 est
1057 778 150 44 mutabilis
1172 778 69 44 et
1207 778 81 44 hoc
1253 778 116 44 sumpto
1334 778 93 44 ante
1392 778 69 44 ad
1427 778 116 44 sensum
1496 778 58 44 ve-

950 806 77 43 rum
994 806 144 43 concessum
1105 806 55 43 a
1127 806 133 43 magistro
1226 806 66 43 et
1260 806 66 43 ab
1293 806 155 43 augustinus
1414 806 100 43 sicut
1470 806 88 43 ibidem

960 835 136 43 exprimitur.
1069 835 45 43 ⁋
1087 835 54 43 Ad
1114 835 136 43 probationem
1223 835 100 43 dicitur
1296 835 73 43 quod
1341 835 127 43 augustinus
1441 835 64 43 ibi
1468 835 91 43 loquitur

954 871 75 33 de
992 871 163 33 accidente
1118 871 100 33 quod
1180 871 88 33 est
1230 871 113 33 forma
1306 871 151 33 inherens
1406 871 113 33 alicui.

953 885 57 46 ⁋
975 885 68 46 Ad
1009 885 113 46 primam
1088 885 170 46 reductionem
1224 885 68 46 de
1258 885 102 46 nummo
1326 885 124 46 dicitur
1416 885 90 46 quod
1473 885 79 46 ibi
1506 885 57 46 suf

955 923 108 41 ficit
1027 923 155 41 transitus
1146 923 144 41 temporis
1254 923 120 41 stante
1338 923 132 41 statuto
1433 923 108 41 regio
1505 923 84 41 quo

958 947 141 43 ordinatum
1066 947 76 43 est
1110 947 87 43 quod
1164 947 65 43 ad
1196 947 141 43 transitum
1304 947 130 43 temporis
1402 947 108 43 fieret
1467 947 97 43 precium

958 976 93 41 per
1011 976 107 41 idem
1078 976 80 41 ad
1118 976 160 41 secundum
1238 976 93 41 per
1291 976 200 41 reductionem
1438 976 120 41 nouiter

954 1004 105 43 facto
1025 1004 117 43 amico.
1106 1004 59 43 ⁋
1130 1004 140 43 Dicendum
1235 1004 94 43 quod
1294 1004 82 43 ibi
1341 1004 140 43 sufficit
1434 1004 129 43 preordina

953 1032 81 48 tio
1000 1032 116 48 diuina
1081 1032 70 48 et
1116 1032 139 48 statutum
1220 1032 70 48 de
1255 1032 162 48 abiicienda
1382 1032 128 48 tenebra
1475 1032 70 48 et
1498 1032 70 48 ille

959 1060 103 43 cebra
1027 1060 103 43 infra
1096 1060 126 43 limites
1187 1060 137 43 temporis
1290 1060 149 43 prefiniti
1404 1060 80 43 ita
1450 1060 91 43 quod
1495 1060 69 43 tran

961 1091 106 39 situs
1032 1091 118 39 illius
1115 1091 142 39 temporis
1221 1091 95 39 sibi
1280 1091 165 39 prestituti
1410 1091 59 39 a
1434 1091 83 39 deo
1481 1091 83 39 cum
1517 1091 47 39 a-

953 1115 105 47 liis
1018 1115 170 47 tanguntur
1149 1115 79 47 in
1188 1115 170 47 argumento
1319 1115 105 47 puta
1372 1115 196 47 perseuerentia

956 1145 174 42 negligentia
1096 1145 70 42 et
1131 1145 139 42 consensu
1235 1145 209 42 interpretatiuo
1409 1145 81 42 vel
1444 1145 128 42 huiusmodi

956 1175 165 44 sufficiunt
1086 1175 71 44 vt
1121 1175 71 44 de
1157 1175 106 44 amico
1228 1175 83 44 dei
1275 1175 94 44 fiat
1334 1175 83 44 non
1381 1175 118 44 amicus
1464 1175 59 44 ⁋
1487 1175 71 44 Ad
1511 1175 59 44 ter

962 1201 91 44 tium
1019 1201 102 44 patet
1087 1201 148 44 responsio
1201 1201 68 44 ex
1235 1201 114 44 dictis
1315 1201 68 44 in
1349 1201 182 44 prosecutione
1485 1201 80 44 quar-

965 1228 63 46 te
996 1228 167 46 conclusionis
1131 1228 73 46 vbi
1173 1228 83 46 dixi
1225 1228 83 46 quod
1277 1228 94 46 licet
1340 1228 104 46 filius
1413 1228 73 46 dei
1454 1228 115 46 proprie
1527 1228 42 46 et

958 1257 98 45 vere
1019 1257 73 45 et
1056 1257 86 45 non
1104 1257 86 45 per
1153 1257 232 45 communicationem
1349 1257 147 45 ydiomatu
1459 1257 86 45 sit
1496 1257 73 45 homo

961 1287 72 44 et
997 1287 120 44 animal
1081 1287 72 44 et
1117 1287 120 44 corpus
1201 1287 72 44 et
1237 1287 144 44 animatum
1346 1287 108 44 tamen
1418 1287 84 44 per
1454 1287 108 44 communi

959 1315 155 45 cationem
1076 1315 168 45 ydiomatum
1205 1315 117 45 omnes
1283 1315 155 45 actiones
1400 1315 78 45 et
1425 1315 143 45 passiones

964 1341 130 49 proprie
1059 1341 106 49 dicte
1129 1341 71 49 et
1165 1341 142 49 motiones
1271 1341 130 49 locales
1365 1341 94 49 siue
1413 1341 153 49 exprimantur

966 1368 118 47 actiue
1049 1368 94 47 siue
1108 1368 130 47 passiue
1202 1368 83 47 que
1249 1368 153 47 immediate
1367 1368 177 47 competebant
1497 1368 71 47 huna

968 1397 109 43 nitati
1045 1397 120 43 Christi
1132 1397 99 43 etiam
1198 1397 142 43 supposito
1307 1397 109 43 eterno
1384 1397 131 43 absolute
1482 1397 88 43 sine
1526 1397 44 43 vl

965 1428 138 40 teriori
1066 1428 213 40 modificatione
1241 1428 188 40 aduerbiorum
1391 1428 163 40 verissime
1504 1428 75 40 con-

971 1453 160 48 petebant.
1094 1453 62 48 ⁋
1118 1453 74 48 Et
1155 1453 111 48 ratio
1229 1453 111 48 primi
1303 1453 99 48 quia
1365 1453 185 48 communicare
1500 1453 74 48 ydio

967 1481 90 47 mata
1023 1481 79 47 est
1068 1481 158 47 predicatum
1192 1481 79 47 vni
1238 1481 102 47 primo
1305 1481 68 47 et
1339 1481 147 47 immediate
1441 1481 135 47 conueniens

964 1510 121 43 alteri
1049 1510 169 43 secundario
1182 1510 73 43 et
1218 1510 133 43 mediate
1315 1510 157 43 conuenire
1436 1510 109 43 sicut
1496 1510 73 43 dis-

966 1540 128 45 gregare
1060 1540 82 45 vel
1106 1540 117 45 videri
1188 1540 93 45 quod
1246 1540 105 45 primo
1317 1540 140 45 conuenit
1422 1540 140 45 albedini
1527 1540 82 45 in¬

966 1564 129 50 mediate
1060 1564 70 50 et
1095 1564 164 50 secundario
1224 1564 152 50 tribuitur
1341 1564 140 50 subiecto
1446 1564 94 50 eius
1505 1564 70 50 et
1528 1564 47 50 si

975 1595 82 40 cut
1022 1595 94 40 aqua
1081 1595 129 40 dicitur
1175 1595 153 40 calefieri
1293 1595 118 40 quando
1375 1595 106 40 calor
1446 1595 106 40 ipsam
1516 1595 82 40 in¬

967 1623 130 39 formans
1062 1623 166 39 calefacit.
1192 1623 59 39 ⁋
1216 1623 83 39 Sed
1264 1623 83 39 sic
1311 1623 83 39 non
1359 1623 83 39 est
1406 1623 71 39 oe
1430 1623 142 39 predicatis

970 1650 102 43 istis
1038 1650 90 43 homo
1094 1650 147 43 humanatum
1207 1650 68 43 et
1241 1650 147 43 similibus
1354 1650 113 43 dictis
1433 1650 68 43 de
1467 1650 79 43 dei
1501 1650 79 43 filio

973 1681 88 40 quia
1028 1681 88 40 ista
1083 1681 77 40 non
1127 1681 99 40 primo
1193 1681 66 40 et
1226 1681 143 40 immediate
1337 1681 154 40 conueniunt
1458 1681 66 40 in
1480 1681 99 40 Christo

972 1712 116 41 alteri
1054 1712 70 41 et
1088 1712 81 41 per
1135 1712 104 41 illud
1205 1712 104 41 aliud
1274 1712 104 41 filio
1344 1712 81 41 dei
1390 1712 93 41 quia
1448 1712 93 41 tale
1495 1712 81 41 altem

976 1740 80 37 non
1021 1740 103 37 esset
1090 1740 149 37 assignare
1204 1740 91 37 nisi
1261 1740 160 37 humanitate
1387 1740 137 37 assumpsa
1490 1740 69 37 et
1512 1740 69 37 con-

971 1763 82 48 stat
1022 1763 82 48 quod
1073 1763 82 48 ista
1124 1763 72 48 nec
1165 1763 72 48 est
1206 1763 72 48 hoc
1247 1763 72 48 nec
1288 1763 102 48 animal
1359 1763 72 48 nec
1400 1763 123 48 humanata
1492 1763 72 48 nec
1533 1763 72 48 in¬

969 1792 164 41 carnata.
1092 1792 68 41 ⁋
1119 1792 95 41 Sed
1174 1792 123 41 primo
1256 1792 82 41 et
1297 1792 177 41 immediate
1419 1792 164 41 conueniunt

971 1822 82 44 hoc
1018 1822 70 44 in
1053 1822 105 44 filio
1123 1822 82 44 dei
1170 1822 70 44 et
1205 1822 93 44 sunt
1263 1822 93 44 sibi
1322 1822 140 44 ydiomata
1427 1822 70 44 et
1462 1822 105 44 nullo
1521 1822 58 44 mo-

972 1847 74 44 do
1009 1847 123 44 nature
1095 1847 148 44 assumpte
1206 1847 86 44 sed
1255 1847 148 44 actiones
1366 1847 74 44 et
1403 1847 160 44 passiones
1513 1847 62 44 si-

974 1872 67 47 ue
1007 1872 135 47 secundum
1109 1872 101 47 locum
1176 1872 90 47 siue
1232 1872 135 47 secundum
1334 1872 112 47 formam
1412 1872 169 47 humanitatis
1536 1872 45 47 as

976 1902 107 46 sumpte
1051 1902 118 46 taliter
1137 1902 75 46 dei
1180 1902 97 46 filio
1245 1902 161 46 congruebant
1374 1902 86 46 quod
1428 1902 86 46 ista
1481 1902 86 46 sunt
1524 1902 54 46 pri

971 1936 79 38 ma
1010 1936 79 38 et
1050 1936 171 38 immediata
1181 1936 158 38 ydiomata
1299 1936 171 38 predicata
1417 1936 158 38 conuenien-

974 1957 79 45 tia
1019 1957 91 45 illi
1076 1957 113 45 nature
1155 1957 68 45 et
1189 1957 91 45 illa
1246 1957 125 45 mediate
1337 1957 182 45 communicatur
1473 1957 102 45 supposi

978 1985 63 47 to
1009 1985 63 47 in
1040 1985 84 47 ipsa
1093 1985 167 47 personaliter
1229 1985 157 47 subsistente
1354 1985 63 47 et
1386 1985 94 47 istud
1448 1985 73 47 est
1490 1985 73 47 ita
1522 1985 52 47 sim

988 2016 94 40 oste
1047 2016 71 40 et
1082 2016 176 40 impartibile
1223 2016 71 40 et
1259 2016 188 40 incompositum
1411 2016 94 40 modo
1458 2016 118 40 preexpo-

979 2043 92 49 stto
1037 2043 104 49 sicut
1106 2043 173 49 eternaliter
1244 2043 150 49 existebat
1359 2043 104 49 licet
1428 2043 58 49 a
1440 2043 138 49 compositis

972 2073 75 48 et
1009 2073 212 48 diuisibilibus
1183 2073 175 48 concretiue
1321 2073 100 48 vere
1370 2073 175 48 denominetur.

979 2090 60 71 ⁋
1003 2090 132 71 Diceres
1099 2090 108 71 nihil
1171 2090 132 71 moritur
1267 2090 96 71 nisi
1327 2090 168 71 compositum
1459 2090 96 71 quia
1507 2090 72 71 mors
