1797 2500
370 214 76 51 est
414 214 152 51 meritorium
533 214 76 51 quo
577 214 65 51 ad
610 214 65 51 se
642 214 65 51 et
675 214 98 51 tamen
740 214 109 51 nollet
817 214 98 51 ipsum
882 214 87 51 esse
926 214 54 51 sa-

370 260 158 36 tiffactorium
498 260 89 36 talis
558 260 99 36 vtique
627 260 118 36 peccaret
715 260 99 36 igitur
785 260 128 36 similiter
873 260 99 36 respectu

368 289 87 33 sui.
422 289 54 33 â‹
444 289 108 33 Aliter
520 289 108 33 igitur
595 289 141 33 respondeo
704 289 97 33 licet
768 289 76 33 sit
812 289 108 33 multum
877 289 97 33 diffici

367 317 65 33 le
400 317 65 33 et
432 317 87 33 dico
486 317 97 33 primo
551 317 87 33 quod
605 317 87 33 vere
659 317 141 33 penitenti
767 317 97 33 solum
832 317 108 33 restat
897 317 76 33 penam

376 349 124 31 temponal
469 349 62 31 in
500 349 83 31 quam
551 349 83 31 pena
603 349 103 31 eterna
675 349 93 31 prius
737 349 62 31 et
768 349 103 31 debita
841 349 72 31 est
872 349 103 31 commuta-

376 374 79 33 ta.
421 374 68 33 Et
455 374 79 33 per
501 374 79 33 hoc
546 374 148 33 soluuntur
659 374 148 33 argumenta
773 374 102 33 prima
841 374 114 33 quibus
909 374 57 33 pro

372 399 124 35 babatur
462 399 90 35 quod
518 399 146 35 relaxatio
631 399 90 35 pene
687 399 113 35 debite
766 399 79 35 pro
811 399 124 35 mortali
889 399 79 35 esset

373 434 154 32 compensatio
496 434 154 32 sufficiens.
619 434 113 32 Secundo
702 434 82 32 dico
753 434 82 32 quod
804 434 92 32 talis
866 434 82 32 vere
907 434 72 32 peni-

371 459 89 32 tens
426 459 111 32 potest
504 459 122 32 quantum
593 459 78 32 est
638 459 67 32 ad
671 459 156 32 propositum
793 459 144 32 triplices
893 459 78 32 actus

378 486 105 37 bonos
448 486 116 37 facere
530 486 93 37 etc.
588 486 81 37 Dum
634 486 140 37 intendit
739 486 140 37 redimere
844 486 105 37 penam
902 486 70 37 sibi

373 516 115 33 debitam
456 516 115 33 quosdam
539 516 125 33 scilicet
633 516 83 33 pura
685 516 63 33 et
716 516 83 33 sola
769 516 146 33 affectione
873 516 104 33 iusticie

373 545 130 38 quosdam
467 545 94 38 sola
526 545 165 38 affectione
656 545 130 38 commodi
750 545 106 38 prius
821 545 130 38 priuati
903 545 71 38 sibi

368 570 108 36 liciti
444 570 65 36 et
476 570 119 36 tertios
562 570 108 36 mixtos
638 570 76 36 qui
681 570 97 36 simul
746 570 86 36 sint
800 570 162 36 affectiones
918 570 65 36 con-

373 597 82 36 modi
424 597 62 36 et
455 597 123 36 iusticie
547 597 72 36 vel
589 597 154 36 procedentes
712 597 62 36 ex
743 597 113 36 talibus
825 597 62 36 et
856 597 72 36 ita
887 597 92 36 propor-

374 631 173 34 tionabiliter
515 631 65 34 ex
547 631 184 34 procedentibus
698 631 54 34 a
720 631 140 34 prioribus
828 631 65 34 oe
860 631 108 34 primis
925 631 43 34 qo

374 653 88 38 sunt
429 653 88 38 pure
484 653 166 38 charitatiui
617 653 66 38 et
650 653 66 38 ad
683 653 143 38 placendum
793 653 77 38 deo
838 653 121 38 videtur
915 653 66 38 mihi

372 685 99 33 dicedum
444 685 72 33 quod
489 685 90 33 quando
551 685 72 33 sunt
596 685 90 33 omnino
659 685 99 33 similes
731 685 54 33 et
758 685 99 33 equales
829 685 54 33 in
856 685 117 33 penitente
937 685 36 33 et

371 713 137 37 innocente
477 713 148 37 habentibus
593 713 116 37 equales
678 713 116 37 gratias
763 713 85 37 quod
815 713 85 37 tunc
868 713 85 37 sunt
911 713 63 37 equa

372 741 154 38 meritorii
490 741 142 38 respectu
597 741 189 38 beatitudinis
750 741 118 38 eterne
833 741 71 38 vt
857 741 118 38 superius

375 767 79 38 est
420 767 125 38 argutum
511 767 68 38 et
545 767 79 38 cum
590 767 79 38 hoc
635 767 147 38 redimeret
748 767 68 38 in
782 767 147 38 penitente
884 767 91 38 partem

370 800 93 36 pene
429 800 117 36 debite
510 800 82 36 vel
557 800 152 36 aliquando
674 800 105 36 totam
744 800 93 36 quia
802 800 140 36 ieiunans
895 800 82 36 motus

368 827 190 35 principaliter
524 827 78 35 vel
569 827 111 35 potius
647 827 145 35 totaliter
758 827 67 35 ex
791 827 100 35 amore
858 827 78 35 dei
903 827 67 35 ea
925 827 56 35 cum

376 857 73 36 hoc
417 857 147 36 intentione
533 857 63 36 vt
564 857 147 36 expediatur
679 857 52 36 a
700 857 136 36 dilatione
805 857 115 36 fouendi
878 857 105 36 dilectio

372 883 63 39 eo
404 883 84 39 quod
457 883 84 39 sibi
509 883 74 39 sit
551 883 105 39 penale
625 883 63 39 ex
656 883 95 39 nimio
719 883 95 39 amore
782 883 74 39 dei
824 883 105 39 perper
887 883 95 39 seipsum

367 917 121 31 carere
451 917 121 31 ipsius
536 917 169 31 desiderato
669 917 133 31 aspectu
766 917 109 31 talis
838 917 133 31 meretur
923 917 60 31 mi-

365 939 184 41 tigationem
509 939 105 41 pene
575 939 105 41 sibi
640 939 131 41 addite
732 939 105 41 quam
797 939 92 41 pro
850 939 105 41 tali
902 939 79 41 casu

372 971 105 32 optat
442 971 152 32 abreuiari
559 971 198 32 principaliter
722 971 82 32 vel
769 971 152 32 totaliter
886 971 93 32 quia
932 971 47 32 me

372 999 95 32 liorem
438 999 85 32 actum
495 999 66 32 non
533 999 104 32 videtur
609 999 76 32 quis
656 999 85 32 posse
713 999 95 32 habere
780 999 76 32 quae
827 999 85 32 optet
884 999 66 32 vel
913 999 66 32 intem

370 1023 78 38 dat
415 1023 101 38 penam
482 1023 134 38 redimere
582 1023 90 38 quod
638 1023 101 38 talem
705 1023 112 38 igitur
784 1023 101 38 talis
851 1023 78 38 vel
884 1023 90 38 nullus

374 1058 133 31 videtur
471 1058 121 31 dignus
556 1058 97 31 pene
616 1058 109 31 talis
689 1058 194 31 mitigatione.
847 1058 61 31 â‹
871 1058 85 31 Sed
907 1058 73 31 tunc

366 1083 120 35 videtur
454 1083 88 35 quod
508 1083 66 35 de
541 1083 120 35 peccato
629 1083 77 35 suo
673 1083 142 35 lucretur.
782 1083 164 35 Respondetur
902 1083 77 35 primo

359 1110 120 34 negando
446 1110 185 34 consequentiam
598 1110 109 34 perper
675 1110 76 34 hoc
718 1110 87 34 quia
772 1110 131 34 inmocens
870 1110 76 34 non
903 1110 76 34 habet

363 1142 95 33 actum
427 1142 74 33 tot
469 1142 106 33 aliter
543 1142 116 33 similem
628 1142 63 33 eo
660 1142 85 33 quod
713 1142 74 33 non
755 1142 95 33 optat
818 1142 74 33 per
861 1142 85 33 suum
903 1142 74 33 actum

367 1170 145 35 liberari
476 1170 60 35 a
500 1170 97 35 pena
560 1170 85 35 cum
609 1170 109 35 sciat
681 1170 72 35 se
717 1170 85 35 non
766 1170 157 35 obligari.
886 1170 85 35 Sed
923 1170 60 35 con

367 1196 80 35 tra
412 1196 80 35 hoc
458 1196 80 35 est
503 1196 137 35 recedere
606 1196 57 35 a
628 1196 91 35 casu
685 1196 80 35 qui
731 1196 102 35 ponit
799 1196 102 35 actus
867 1196 114 35 omnino
935 1196 46 35 si

367 1227 99 31 miles
433 1227 66 31 in
466 1227 121 31 vtroque
554 1227 66 31 et
587 1227 110 31 igitur
664 1227 121 31 oportet
751 1227 88 31 quod
806 1227 132 31 innocens
905 1227 66 31 in
927 1227 55 31 di-

365 1255 89 32 cto
416 1255 101 32 casu
479 1255 139 32 recedat
580 1255 89 32 vel
631 1255 126 32 timeat
719 1255 76 32 se
757 1255 152 32 obligari
871 1255 76 32 ad
896 1255 89 32 penam

364 1284 103 33 quam
429 1284 116 33 optet
506 1284 103 33 sibi
570 1284 142 33 remitti
674 1284 77 33 vt
712 1284 129 33 citius
802 1284 168 33 pertingat
931 1284 77 33 ad

365 1306 144 37 dilectum
473 1306 108 37 motus
546 1306 108 37 amore
618 1306 132 37 dilecti
714 1306 72 37 et
750 1306 84 37 non
798 1306 108 37 amore
871 1306 84 37 sui
907 1306 72 37 nisi

362 1336 130 41 propter
457 1336 106 41 illum
528 1336 71 41 et
563 1336 94 41 tunc
622 1336 118 41 stabit
705 1336 177 41 difficultas
835 1336 154 41 Respondetur

367 1369 91 34 quod
424 1369 126 34 vterque
515 1369 137 34 dictorum
618 1369 114 34 actuum
698 1369 103 34 valet
767 1369 69 34 ad
801 1369 126 34 premium
881 1369 103 34 eternum

369 1389 69 40 et
403 1389 69 40 ad
438 1389 184 40 mitigationem
587 1389 92 40 pene
645 1389 92 40 quam
702 1389 138 40 operatur
806 1389 69 40 in
840 1389 92 40 illo
898 1389 81 40 qui
932 1389 46 40 in

367 1421 100 32 diget
434 1421 100 32 sicut
500 1421 78 32 sol
545 1421 78 32 rem
589 1421 134 32 habendam
690 1421 122 32 humidam
779 1421 67 32 et
812 1421 134 32 frigidam
901 1421 78 32 cale-

368 1448 111 32 facit
442 1448 74 32 et
479 1448 148 32 desiccat
590 1448 86 32 sed
639 1448 86 32 rem
689 1448 99 32 eque
750 1448 148 32 frigidam
862 1448 86 32 non
899 1448 86 32 tamen

374 1479 136 36 humidam
473 1479 99 36 eque
535 1479 161 36 calefacit
659 1479 87 36 sed
708 1479 87 36 non
758 1479 149 36 desiccat
869 1479 99 36 quia
919 1479 62 36 non

368 1504 143 34 oportet.
475 1504 60 34 â‹
499 1504 83 34 Sed
547 1504 107 34 etiam
618 1504 131 34 similis
714 1504 119 34 tunica
797 1504 83 34 pro
845 1504 119 34 equali
916 1504 60 34 mer

374 1535 102 40 cede
438 1535 102 40 data
502 1535 90 40 vni
554 1535 128 40 tantum
643 1535 115 40 valet
720 1535 128 40 contra
810 1535 128 40 frigus
887 1535 102 40 alteri

381 1564 115 35 vltra
458 1564 90 35 hoc
509 1564 115 35 valet
586 1564 77 35 ad
625 1564 154 35 tegendum
740 1564 128 35 corpus
817 1564 103 35 turpe.

385 1592 65 38 â‹
411 1592 103 38 Item
476 1592 194 38 indulgentia
631 1592 142 38 septime
734 1592 129 38 partis
825 1592 103 38 pene
877 1592 103 38 debite

379 1621 144 34 concessa
487 1621 60 34 a
511 1621 96 34 papa
570 1621 72 34 ex
606 1621 144 34 ihesauro
714 1621 144 34 ecclesie
822 1621 84 34 vel
857 1621 132 34 sufficien

377 1646 75 34 tia
420 1646 107 34 mortis
495 1646 118 34 Christi
581 1646 75 34 vni
623 1646 86 34 plus
677 1646 118 34 valebit
762 1646 64 34 in
794 1646 128 34 centuplo
891 1646 86 34 quam
934 1646 53 34 al-

376 1678 99 32 teri
438 1678 75 32 et
475 1678 112 32 tamen
549 1678 99 32 ille
612 1678 87 32 non
661 1678 149 32 lucratur
773 1678 112 32 illum
847 1678 137 32 valorem
934 1678 50 32 ex

369 1703 142 37 peccato
472 1703 90 37 suo
524 1703 90 37 sed
575 1703 129 37 potius
665 1703 77 37 ex
704 1703 103 37 bono
768 1703 116 37 opere
845 1703 90 37 suo
897 1703 77 37 et
923 1703 64 37 me-

376 1738 94 30 rito
435 1738 117 30 mortis
517 1738 140 30 Christi.
622 1738 59 30 â‹
646 1738 82 30 Sic
692 1738 70 30 in
727 1738 152 30 proposito
845 1738 140 30 penitens
938 1738 47 30 de

379 1763 141 35 peccato
481 1763 89 35 suo
533 1763 141 35 quantum
635 1763 77 35 in
673 1763 77 35 se
712 1763 89 35 est
763 1763 141 35 patitur
852 1763 128 35 iacturam

383 1793 101 30 quia
446 1793 88 30 est
497 1793 126 30 dignus
585 1793 75 30 ad
622 1793 126 30 tempus
710 1793 138 30 priuari
811 1793 88 30 dei
849 1793 138 30 beatifica

381 1817 149 36 fruitione
495 1817 69 36 et
529 1817 69 36 ea
563 1817 103 36 etiam
632 1817 126 36 affligi
723 1817 183 36 sensibiliter
872 1817 91 36 nisi
917 1817 69 36 adiu

375 1843 113 38 uetur
451 1843 188 38 specialiter
601 1843 75 38 et
638 1843 88 38 non
689 1843 150 38 reportat
801 1843 75 38 de
839 1843 100 38 ipso
889 1843 100 38 lucrum

378 1874 83 35 sed
426 1874 71 35 de
461 1874 95 35 bono
521 1874 107 35 facto
592 1874 83 35 suo
640 1874 143 35 lucratur
747 1874 107 35 illud
818 1874 107 35 bonum
890 1874 71 35 ad
914 1874 71 35 quod

368 1903 103 35 alter
436 1903 80 35 non
482 1903 80 35 est
528 1903 161 35 dispositus
655 1903 92 35 quia
712 1903 80 35 non
758 1903 126 35 indiget
850 1903 69 35 et
885 1903 103 35 sicut
942 1903 46 35 di

376 1936 94 30 ctum
435 1936 82 30 est
482 1936 71 30 de
518 1936 94 30 actu
577 1936 141 30 predicto
683 1936 82 30 ita
730 1936 94 30 dici
789 1936 118 30 potest
871 1936 71 30 de
895 1936 94 30 quoli-

377 1960 82 33 bet
424 1960 94 33 actu
483 1960 94 33 bono
542 1960 71 33 ex
577 1960 94 33 sola
636 1960 165 33 affectione
765 1960 141 33 iusticie
860 1960 129 33 prouenien

372 1988 72 33 te
408 1988 109 33 sicut
480 1988 84 33 est
529 1988 145 33 dilectio
637 1988 84 33 dei
686 1988 145 33 gratuita
794 1988 109 33 super
866 1988 109 33 omnia
927 1988 60 33 vel

376 2016 134 41 alterius
476 2016 167 41 cuiuscunque
610 2016 122 41 precise
699 2016 178 41 praescientie
843 2016 122 41 propter
921 2016 67 41 deum

990 213 100 51 Nota
1052 213 112 51 illud
1126 213 100 51 quod
1189 213 137 51 dicitur
1288 213 75 51 in
1325 213 162 51 solutione
1450 213 87 51 non
1500 213 75 51 ex
1524 213 75 51 valo

997 261 71 33 re
1033 261 118 33 actuum
1115 261 71 33 in
1151 261 71 33 se
1186 261 83 33 vel
1233 261 71 33 ex
1269 261 71 33 se
1304 261 83 33 sed
1351 261 71 33 ex
1387 261 118 33 diuina
1457 261 142 33 acceptione

999 292 66 31 et
1032 292 166 31 ordinatione
1165 292 66 31 et
1198 292 144 31 possibile
1309 292 77 31 est
1353 292 77 31 sic
1397 292 88 31 esse
1452 292 144 31 ordinatum
1552 292 55 31 si-

997 313 79 37 cut
1042 313 79 37 hic
1087 313 125 37 dicitur
1178 313 79 37 sed
1223 313 68 37 in
1257 313 147 37 scriptura
1371 313 79 37 non
1416 313 147 37 inuenitur
1518 313 91 37 expres

999 343 89 35 sum.
1055 343 56 35 â‹
1077 343 112 35 Aliter
1155 343 112 35 potest
1233 343 89 35 dici
1289 343 89 35 quod
1345 343 145 35 innocenti
1456 343 112 35 valeat
1523 343 78 35 actus

999 371 108 34 suus
1066 371 122 34 etiam
1147 371 81 34 ad
1188 371 122 34 bonum
1269 371 176 34 temporale
1404 371 108 34 puta
1458 371 149 34 sanitatem

999 402 99 30 etc.
1060 402 99 30 Toco
1122 402 185 30 remissionis
1270 402 99 30 pene
1332 402 74 30 ad
1369 402 99 30 quam
1430 402 160 30 penitenti
1541 402 62 30 va-

996 429 84 32 let
1044 429 107 32 actus
1115 429 107 32 suus.
1187 429 84 32 Sed
1235 429 107 32 prior
1307 429 155 32 responsio
1426 429 84 32 est
1474 429 131 32 certior
1557 429 48 32 a-

995 460 89 34 pud
1046 460 89 34 me.
1097 460 64 34 â‹
1123 460 140 34 Secundi
1225 460 115 34 actus
1302 460 115 34 fiunt
1378 460 77 34 ex
1416 460 153 34 naturali
1518 460 77 34 affe

995 486 130 31 ctione
1086 486 143 31 commodi
1190 486 143 31 priuati
1294 486 156 31 respectu
1410 486 91 31 sui
1462 486 91 31 vel
1501 486 91 31 amico

995 515 88 33 rum
1046 515 75 33 et
1083 515 88 33 non
1133 515 75 33 ex
1171 515 113 33 amore
1246 515 88 33 dei
1296 515 150 33 gratuito
1408 515 113 33 sicut
1471 515 125 33 quilibet

995 545 181 31 naturaliter
1140 545 133 31 appetit
1236 545 109 31 scire
1309 545 84 31 vel
1357 545 109 31 sicut
1429 545 109 31 omnes
1489 545 109 31 homines

999 571 118 38 volunt
1082 571 94 38 esse
1141 571 106 38 beati
1212 571 106 38 idque
1282 571 94 38 vnum
1341 571 189 38 ardentissimo
1495 571 106 38 amore
1554 571 47 38 ap

1002 598 120 35 petunt
1086 598 72 35 et
1122 598 132 35 propter
1218 598 84 35 hoc
1266 598 120 35 cetera
1350 598 120 35 queque
1422 598 132 35 appetunt.

1001 623 60 37 â‹
1025 623 72 37 At
1061 623 109 37 dicit
1134 623 169 37 augustinus
1267 623 121 37 decimo
1351 623 133 37 quintod
1448 623 157 37 trinitate
1557 623 48 37 ca

1000 659 122 32 pitulo
1085 659 134 32 quinto.
1182 659 134 32 constat
1280 659 110 32 autem
1353 659 97 32 quod
1414 659 85 32 non
1462 659 110 32 omnes
1523 659 73 32 appe

1003 686 99 32 tunt
1065 686 87 32 sic
1114 686 198 32 beatitudinem
1275 686 74 32 ex
1312 686 111 32 amore
1386 686 149 32 gratuito
1498 686 87 32 dei
1535 686 74 32 pro-

999 710 97 39 pter
1059 710 73 39 se
1096 710 85 39 nec
1144 710 109 39 omnes
1217 710 97 39 plus
1278 710 97 39 deum
1338 710 145 39 diligunt
1447 710 97 39 quam
1496 710 109 39 seipsos

1006 744 104 30 talis
1076 744 138 30 affectio
1179 744 81 30 est
1226 744 92 30 mere
1283 744 150 30 naturalis
1398 744 69 30 et
1433 744 81 30 per
1468 744 138 30 consequens

998 768 105 32 actus
1068 768 105 32 bonus
1138 768 140 32 elicitus
1243 768 105 32 tales
1313 768 105 32 actus
1383 768 105 32 licet
1453 768 93 32 sint
1511 768 82 32 cum
1546 768 58 32 cha

1001 800 124 30 ritate
1087 800 87 30 non
1137 800 111 30 tamen
1211 800 161 30 procedunt
1335 800 74 30 ex
1372 800 173 30 charitate.
1508 800 74 30 Et
1533 800 74 30 ideo

1003 826 151 33 secundum
1116 826 188 33 intentionem
1267 826 163 33 scripture
1393 826 75 33 et
1430 826 163 33 sanctorum
1543 826 63 33 non

1000 854 104 32 sunt
1065 854 117 32 digni
1143 854 130 32 premio
1234 854 130 32 eterno
1325 854 91 32 sed
1377 854 169 32 meritorii
1494 854 117 32 bonorum

1004 880 177 34 temponalium
1146 880 141 34 scilicet
1252 880 188 34 redemptionis
1405 880 94 34 pene
1464 880 94 34 etc.
1523 880 71 34 si
1546 880 59 34 pro

1005 910 91 35 eis
1057 910 117 35 detur
1135 910 143 35 premium
1238 910 143 35 eternum
1342 910 130 35 quando
1433 910 117 35 fiunt
1497 910 117 35 precise

1004 942 70 31 ex
1039 942 93 31 motu
1097 942 140 31 naturali
1202 942 81 31 hoc
1249 942 93 31 erit
1307 942 70 31 ex
1342 942 93 31 mera
1400 942 81 31 dei
1446 942 116 31 gratia
1528 942 70 31 et
1551 942 58 31 li-

1002 968 191 34 beralitate
1152 968 164 34 probatur
1275 968 95 34 per
1329 968 136 34 beatum
1425 968 177 34 gregorium
1547 968 55 34 in

1002 996 117 32 omelia
1084 996 129 32 communi
1178 996 70 32 de
1213 996 152 32 apostolis
1330 996 140 32 dicentem
1435 996 93 32 Ille
1481 996 129 32 veraciter

1000 1024 147 34 charitatem
1115 1024 94 34 habet
1178 1024 73 34 qui
1220 1024 63 34 et
1251 1024 105 34 amicum
1325 1024 115 34 diligit
1409 1024 63 34 in
1440 1024 73 34 deo
1482 1024 63 34 et
1503 1024 105 34 inimicum

1003 1056 121 33 propter
1091 1056 99 33 deum.
1157 1056 55 33 â‹
1179 1056 110 33 Subdit
1256 1056 77 33 nam
1300 1056 88 33 sunt
1354 1056 77 33 non
1398 1056 99 33 nulli
1464 1056 77 33 qui
1497 1056 110 33 diligunt

1006 1081 140 36 proximos
1111 1081 82 36 per
1158 1081 140 36 affectum
1263 1081 175 36 cognationis
1403 1081 70 36 et
1438 1081 117 36 carnis
1508 1081 93 36 quibus

1005 1106 97 34 tamen
1070 1106 65 34 in
1102 1106 76 34 hac
1146 1106 151 34 dilectione
1264 1106 97 34 sacra
1329 1106 130 34 elonquia
1426 1106 76 34 non
1459 1106 151 34 contradicunt

1004 1136 82 36 sed
1051 1136 106 36 aliud
1122 1136 82 36 est
1168 1136 94 36 quod
1227 1136 117 36 sponte
1309 1136 164 36 impenditur
1438 1136 129 36 negatur
1532 1136 106 36 aliud

1007 1163 97 41 huod
1068 1163 158 41 preceptis
1189 1163 158 41 dominicis
1310 1163 73 41 ex
1347 1163 158 41 charitate
1468 1163 134 41 debetur
1553 1163 61 41 obe

1001 1195 91 33 dire
1057 1195 125 33 nimirum
1148 1195 68 33 et
1182 1195 136 33 proximum
1285 1195 136 33 diligunt
1387 1195 68 33 et
1421 1195 102 33 tamen
1489 1195 91 33 ista
1534 1195 80 33 summa

999 1222 195 34 dilectionis
1155 1222 130 34 premia
1246 1222 91 34 non
1298 1222 195 34 assequuntur
1454 1222 104 34 quia
1506 1222 104 34 amorem

1007 1248 86 32 suum
1061 1248 75 32 non
1104 1248 183 32 spiritualiter
1254 1248 75 32 sed
1297 1248 150 32 carnaliter
1416 1248 140 32 impendunt
1523 1248 75 32 hec
1555 1248 54 32 il-

1007 1277 71 34 le
1043 1277 106 34 Multo
1113 1277 130 34 fortius
1208 1277 142 34 affectio
1314 1277 153 34 naturalis
1432 1277 130 34 commodi
1515 1277 94 34 perper

1000 1311 79 27 non
1045 1311 135 27 repugnat
1146 1311 146 27 preceptis
1259 1311 68 27 de
1293 1311 79 27 qua
1338 1311 68 27 ad
1371 1311 146 27 episosoli
1484 1311 124 27 quinto.
1563 1311 45 27 ne

1000 1332 76 36 mo
1038 1332 126 36 carnem
1127 1332 101 36 suam
1190 1332 126 36 vnquam
1278 1332 101 36 odio
1342 1332 126 36 habuit
1430 1332 101 36 vnde
1481 1332 126 36 sciendum

1000 1361 91 38 quod
1057 1361 68 38 si
1091 1361 103 38 tales
1159 1361 103 38 actus
1228 1361 80 38 non
1273 1361 160 38 referuntur
1398 1361 160 38 aliquomodo
1524 1361 68 38 in
1547 1361 68 38 deum

1006 1391 96 33 tunc
1066 1391 96 33 homo
1125 1391 84 33 sic
1173 1391 107 33 agens
1245 1391 131 33 fruitur
1340 1391 143 33 creatura
1448 1391 119 33 igitur
1519 1391 96 33 peccat

1005 1420 171 32 mortaliter.
1142 1420 69 32 Si
1176 1420 91 32 vero
1233 1420 114 32 refert
1313 1420 80 32 eos
1359 1420 69 32 in
1393 1420 91 32 deum
1450 1420 80 32 non
1484 1420 126 32 explicite

1010 1449 81 36 per
1057 1449 104 36 modum
1126 1449 162 36 charitatis
1254 1449 81 36 sed
1300 1449 151 36 implicite
1416 1449 70 36 et
1439 1449 174 36 vniuersaliter

1007 1478 80 36 per
1052 1478 102 36 modum
1120 1478 136 36 actionis
1223 1478 114 36 nature
1302 1478 80 36 seu
1348 1478 148 36 naturalis
1450 1478 159 36 affectioni

1015 1504 93 36 quem
1074 1504 140 36 sequitur
1178 1504 81 36 ita
1225 1504 93 36 quod
1283 1504 163 36 actualiter
1411 1504 105 36 solum
1469 1504 140 36 considerat

1005 1533 106 34 motum
1076 1533 142 34 carnalem
1182 1533 83 34 seu
1229 1533 153 34 naturalem
1347 1533 106 34 tamen
1418 1533 71 34 si
1442 1533 165 34 interrogatus

1011 1560 121 37 pluries
1099 1560 154 37 resolueret
1220 1560 121 37 seripse
1308 1560 110 37 tandem
1384 1560 165 37 responderet
1516 1560 88 37 quod
1560 1560 55 37 sic

1005 1590 116 31 ageret
1086 1590 127 31 propter
1179 1590 104 31 deum.
1248 1590 69 31 Et
1283 1590 127 31 videtur
1376 1590 93 31 quod
1433 1590 104 31 etiam
1491 1590 116 31 charitas

1008 1615 86 36 ibi
1057 1615 172 36 comparetur
1192 1615 135 36 quanuis
1290 1615 98 36 alii
1351 1615 110 36 motus
1425 1615 135 36 faciant
1523 1615 86 36 hoc
1560 1615 61 36 non

1013 1649 124 30 apparere
1106 1649 72 30 sic
1147 1649 103 30 potest
1219 1649 83 30 esse
1271 1649 62 30 ex
1302 1649 155 30 ordinatione
1425 1649 103 30 diuina
1498 1649 83 30 quod
1539 1649 72 30 illis

1007 1674 131 32 actibus
1103 1674 84 32 non
1150 1674 191 32 correspondet
1306 1674 131 32 premium
1401 1674 131 32 eternum
1497 1674 96 32 quia
1544 1674 60 32 non

1002 1701 170 36 referuntur
1136 1701 73 36 in
1172 1701 109 36 finem
1245 1701 85 36 per
1294 1701 109 36 modum
1367 1701 170 36 charitatis
1501 1701 85 36 sed
1549 1701 85 36 per

1007 1727 105 36 modum
1077 1727 151 36 naturalis
1194 1727 175 36 affectionis
1333 1727 128 36 fortius
1427 1727 70 36 et
1462 1727 151 36 explicite
1566 1727 47 36 mo

1002 1756 121 38 uentis
1087 1756 109 38 tamen
1160 1756 134 38 propter
1257 1756 206 38 conformitatem
1427 1756 109 38 recte
1488 1756 121 38 rationis

1007 1788 65 32 et
1040 1788 151 32 relationis
1158 1788 65 32 in
1190 1788 97 32 finem
1255 1788 118 32 debetur
1341 1788 75 32 eis
1384 1788 118 32 premium
1470 1788 140 32 temponale
1567 1788 43 32 li

1008 1819 78 30 cet
1053 1819 67 30 in
1086 1819 78 30 eis
1131 1819 156 30 venialiter
1254 1819 145 30 peccetur.
1365 1819 56 30 â‹
1388 1819 101 30 Aliis
1455 1819 101 30 tamen
1510 1819 101 30 actibus

1010 1843 81 34 qui
1057 1843 81 34 per
1103 1843 104 34 modum
1172 1843 162 34 charitatis
1299 1843 150 34 vincentis
1415 1843 104 34 motus
1472 1843 139 34 naturalium

1011 1872 186 32 affectionum
1160 1872 112 32 simul
1234 1872 211 32 concurrentium
1408 1872 75 32 ad
1433 1872 174 32 productionem

1010 1902 130 33 talium
1101 1902 130 33 actuum
1193 1902 183 33 referuntur
1336 1902 78 33 in
1375 1902 104 33 deum
1440 1902 143 33 meretur
1532 1902 78 33 homo

1013 1932 125 34 premium
1103 1932 125 34 eternum
1194 1932 102 34 licet
1262 1932 102 34 simul
1330 1932 159 34 venialiter
1455 1932 113 34 peccet
1535 1932 79 34 nec
1569 1932 45 34 se

1010 1956 111 34 quitur
1088 1956 89 34 quod
1143 1956 134 34 existens
1244 1956 67 34 in
1277 1956 122 34 peccato
1366 1956 122 34 mortali
1455 1956 78 34 per
1500 1956 100 34 actus
1555 1956 56 34 agt

1010 1985 164 32 fectionis
1137 1985 164 32 naturalis
1263 1985 139 32 aliquod
1365 1985 164 32 temporale
1478 1985 127 32 mereatur

981 2014 98 45 quia
1042 2014 147 45 existens
1152 2014 74 45 in
1189 2014 159 45 charitate
1312 2014 123 45 gratus
1398 2014 86 45 est
1447 2014 147 45 principi
1545 2014 61 45 qui
