1764 2500
311 281 245 41 supernaturalem
516 281 136 41 primam
611 281 191 41 conferendo
761 281 82 41 et
788 281 136 41 creatura

317 319 83 33 sic
365 319 155 33 acceptata
484 319 107 33 esset
555 319 83 33 deo
603 319 95 33 cara
662 319 71 33 et
698 319 107 33 digna
769 319 95 33 vita
817 319 95 33 eterna

322 349 119 37 igitur
406 349 155 37 assumptum
525 349 107 37 patet
596 349 95 37 quia
656 349 72 37 si
692 349 83 37 non
739 349 95 37 tunc
799 349 83 37 nec
835 349 83 37 istam

317 372 118 35 formam
400 372 212 35 supernaturalem
576 372 118 35 posset
659 372 71 35 ei
694 372 141 35 conferre
800 372 94 35 sine
847 372 71 35 alia

324 403 103 35 forma
392 403 103 35 prima
461 403 69 35 et
496 403 80 35 sic
541 403 69 35 in
576 403 161 35 infinitum.
702 403 57 35 ⁋
725 403 184 35 Consequentia
863 403 57 35 pro

315 430 113 38 batur
391 430 101 38 quia
454 430 101 38 deus
517 430 139 38 confert
618 430 126 38 alicui
706 430 113 38 talem
769 430 151 38 charitatem

322 460 136 33 creatam
420 460 86 33 aut
470 460 99 33 vult
531 460 99 33 sibi
593 460 86 33 eam
642 460 148 33 conferre
753 460 160 33 immediate
864 460 62 33 seu

323 487 100 37 primo
390 487 111 37 absque
468 487 89 37 alio
523 487 89 37 dono
579 487 89 37 sibi
635 487 145 37 preuolito
746 487 78 37 aut
790 487 89 37 non.
846 487 67 37 si
868 487 56 37 sio

324 513 124 38 igitur
411 513 99 38 nunc
473 513 149 38 acceptat
585 513 87 38 eum
634 513 75 38 ad
671 513 112 38 talem
746 513 137 38 habitum
833 513 87 38 eadem

320 542 119 38 posset
404 542 143 38 oratione
511 542 84 38 eum
559 542 155 38 acceptare
678 542 72 38 ad
714 542 107 38 vitam
786 542 131 38 eternam
869 542 60 38 pri

319 570 68 36 mo
353 570 68 36 et
387 570 160 36 immediate.
512 570 57 36 ⁋
535 570 68 36 Si
569 570 91 36 vero
627 570 125 36 dicatur
718 570 91 36 quod
775 570 80 36 non
820 570 91 36 tunc
866 570 57 36 pro

321 604 157 29 cederetur
442 604 72 29 in
478 604 157 29 infinitum
598 604 109 29 sicut
671 604 96 29 fuit
731 604 145 29 illatum.
840 604 60 29 ⁋
852 604 72 29 Item

322 632 87 28 non
371 632 137 28 videtur
471 632 100 28 quin
533 632 112 28 sicut
608 632 75 28 3o
646 632 75 28 et
683 632 162 28 hieremias
808 632 112 28 prius
870 632 50 28 ex

324 653 149 34 istentes
435 653 87 34 non
485 653 124 34 charos
572 653 174 34 acceptauit
709 653 75 34 ad
746 653 174 34 charitatem
870 653 62 34 nul

322 686 74 35 lo
359 686 99 35 alio
421 686 99 35 dono
483 686 161 35 preuolito
606 686 87 35 ita
656 686 111 35 etiam
730 686 87 35 eos
780 686 124 35 potuit
854 686 74 35 acce

323 712 113 35 ptare
399 712 163 35 immediate
524 712 75 35 ad
562 712 138 35 gloriam
662 712 88 35 nam
712 712 113 35 quare
787 712 100 35 non.
850 712 63 35 ⁋
862 712 63 35 Con

324 740 147 35 firmatur
434 740 85 35 nam
482 740 159 35 scriptura
605 740 122 35 clamat
690 740 98 35 quod
751 740 98 35 deus
800 740 122 35 preelegi

323 768 89 33 nos
374 768 102 33 ante
438 768 114 33 mundi
514 768 229 33 constitutionem
704 768 76 33 vt
742 768 140 33 essemus
831 768 102 33 sancti

320 794 97 38 Item
380 794 97 38 quod
441 794 206 38 predestinauit
611 794 85 38 nos
659 794 158 38 conformes
781 794 109 38 fieri
841 794 85 38 ymagi

317 827 88 32 nes
368 827 125 32 filium
455 827 100 32 sui.
518 827 100 32 Item
581 827 75 32 de
618 827 113 32 iacob
694 827 75 32 et
731 827 100 32 esau
794 827 88 32 cum
832 827 100 32 nondum

324 852 126 36 essent
413 852 101 36 etc.
476 852 113 36 quero
551 852 126 36 igitur
639 852 113 36 quare
715 852 101 36 deus
778 852 139 36 preuult
866 852 63 36 da-

324 878 77 36 re
363 878 141 36 gratiam
465 878 102 36 suam
529 878 102 36 isti
593 878 77 36 et
632 878 90 36 non
683 878 102 36 illi
747 878 141 36 omnibus
836 878 90 36 tamen

324 908 106 34 aliis
395 908 224 34 preexistentibus
583 908 129 34 paribus
677 908 71 34 ex
712 908 106 34 parte
783 908 153 34 vtriusque
889 908 47 34 si

327 937 141 36 propter
430 937 128 36 formam
519 937 217 36 preexistentem
698 937 102 36 quam
762 937 102 36 vult
826 937 102 36 sibi
877 937 64 36 da-

325 969 76 32 re
363 969 76 32 et
402 969 89 32 non
453 969 127 32 alteri
542 969 140 32 propter
644 969 102 32 quam
708 969 178 32 prehabitam
835 969 102 32 place-

329 992 86 35 ret
378 992 99 35 sibi
440 992 99 35 dare
502 992 136 35 gratiam
600 992 74 35 et
638 992 99 35 tunc
699 992 148 35 sequitur
798 992 136 35 processus

332 1018 66 35 in
365 1018 143 35 infinitum
475 1018 66 35 vt
508 1018 99 35 supra
574 1018 66 35 si
607 1018 88 35 ideo
663 1018 88 35 quia
718 1018 121 35 nunquam
806 1018 132 35 producat
894 1018 44 35 in

328 1051 74 33 eo
365 1051 136 33 gratiam
464 1051 99 33 vult
526 1051 112 33 primo
600 1051 74 33 et
638 1051 161 33 immediate
761 1051 149 33 conferre
861 1051 74 33 gra-

325 1074 95 40 tiam
385 1074 107 40 prius
456 1074 83 40 non
504 1074 107 40 grato
575 1074 83 40 nec
623 1074 107 40 charo
695 1074 72 40 et
730 1074 83 40 pro
778 1074 131 40 tempore
861 1074 72 40 pre-

326 1102 146 38 stituto
432 1102 93 38 hoc
485 1102 172 38 exequitur
617 1102 132 38 eomodo
710 1102 93 38 per
763 1102 119 38 omnia
829 1102 106 38 posset

319 1136 167 32 immediate
447 1136 115 32 velle
524 1136 154 32 conferre
640 1136 141 32 gloriam
742 1136 115 32 prius
819 1136 90 32 non
858 1136 64 32 ber

323 1160 69 34 to
358 1160 104 34 nullo
428 1160 93 34 alio
486 1160 93 34 dono
543 1160 93 34 sibi
601 1160 151 34 preuolito
717 1160 69 34 et
752 1160 116 34 postea
833 1160 81 34 pro
868 1160 69 34 ten-

319 1190 90 34 pore
375 1190 158 34 prestituto
500 1190 79 34 sic
545 1190 158 34 exequetur.
669 1190 57 34 ⁋
692 1190 90 34 Item
748 1190 102 34 sicut
816 1190 102 34 dicit
872 1190 57 34 do-

322 1215 100 36 ctor
384 1215 150 36 subtilis
497 1215 100 36 quod
559 1215 88 36 est
609 1215 138 36 vltimum
709 1215 75 36 in
747 1215 175 36 executione
872 1215 63 36 est

323 1244 127 38 primum
412 1244 191 38 intentione.
565 1244 64 38 ⁋
590 1244 76 38 Et
628 1244 102 38 ideo
692 1244 165 38 beatitudo
819 1244 89 38 est
857 1244 76 38 pri-

327 1275 84 34 mum
375 1275 132 34 volitum
471 1275 96 34 illi
532 1275 84 34 cui
580 1275 157 34 confertur
700 1275 132 34 gratia.
797 1275 120 34 igitur
869 1275 60 34 non

317 1301 88 35 per
368 1301 138 35 gratiam
468 1301 176 35 acceptatur
606 1301 75 35 ad
644 1301 138 35 gloriam
745 1301 88 35 sed
795 1301 113 35 magis
858 1301 75 35 econ

328 1331 119 33 uerso
407 1331 106 33 quia
473 1331 106 33 deus
539 1331 224 33 predestinauit
724 1331 92 33 eum
777 1331 79 33 ad
803 1331 132 33 gloriam.

330 1361 97 29 ideo
391 1361 134 29 confert
488 1361 97 29 sibi
549 1361 134 29 gratiam
647 1361 73 29 et
683 1361 97 29 ideo
744 1361 85 29 cum
793 1361 122 29 gloria
878 1361 85 29 non

327 1389 170 33 dependeat
457 1389 65 33 a
483 1389 130 33 gratia
575 1389 183 33 informante
718 1389 78 33 in
757 1389 130 33 aliquo
836 1389 104 33 genere

324 1415 103 31 cause
392 1415 92 31 quia
450 1415 69 31 si
484 1415 69 31 in
518 1415 115 31 aliquo
599 1415 80 31 hoc
644 1415 103 31 esset
713 1415 69 31 in
748 1415 115 31 genere
816 1415 115 31 efficien

331 1441 83 32 tis
379 1441 154 32 partialis
497 1441 71 32 et
533 1441 107 32 illam
604 1441 119 32 posset
688 1441 95 32 deus
747 1441 143 32 supplere
854 1441 83 32 non
889 1441 48 32 vi

328 1473 103 31 detur
396 1473 92 31 quod
454 1473 69 31 ad
488 1473 80 31 hoc
534 1473 92 31 quod
591 1473 92 31 deus
648 1473 138 31 conferat
752 1473 80 31 non
797 1473 103 31 beato
855 1473 80 31 beati

327 1497 141 34 tudinem
430 1497 154 34 oporteat
546 1497 167 34 precedere
674 1497 154 34 gratiam.
790 1497 64 34 ⁋
815 1497 103 34 Item
867 1497 64 34 vi-

326 1526 99 32 detur
392 1526 88 32 quod
447 1526 99 32 sicut
514 1526 132 32 contulit
613 1526 99 32 anime
679 1526 121 32 christi
767 1526 121 32 gratiam
856 1526 66 32 et
878 1526 55 32 glo

322 1553 97 37 riam
382 1553 85 37 ita
431 1553 157 37 potuisset
551 1553 109 37 anime
624 1553 85 37 po.
672 1553 85 37 sed
721 1553 72 37 si
745 1553 193 37 preacceptasset

324 1582 91 35 eum
376 1582 155 35 secundum
492 1582 129 35 statum
583 1582 168 35 presentem
712 1582 103 35 ante
764 1582 168 35 sanctitatem

325 1611 101 32 quam
389 1611 127 32 habuit
477 1611 76 32 ad
515 1611 139 32 gloriam
617 1611 114 32 sicut
692 1611 76 32 de
730 1611 114 32 facto
806 1611 114 32 fecit
882 1611 76 32 ad

322 1641 132 34 gratiam
418 1641 96 34 ipse
478 1641 132 34 fuisset
574 1641 96 34 sibi
634 1641 120 34 charus
718 1641 72 34 et
754 1641 144 34 acceptus
862 1641 72 34 ad
886 1641 48 34 be

321 1667 184 34 atitudinem
466 1667 79 34 et
505 1667 119 34 vitam
584 1667 145 34 eternam
690 1667 105 34 quia
756 1667 119 34 semel
821 1667 119 34 fruenti

330 1696 84 32 deo
378 1696 156 32 beatifice
498 1696 84 32 non
546 1696 144 32 aufertur
655 1696 132 32 fruitio
751 1696 84 32 vel
799 1696 120 32 saltem
871 1696 60 32 non

326 1726 135 32 oportet
424 1726 148 32 auferrit
535 1726 197 32 consequentia
695 1726 111 32 facta
769 1726 74 32 in
806 1726 123 32 minori
880 1726 49 32 pa

330 1752 85 33 tet
378 1752 85 33 per
427 1752 206 33 descriptionem
596 1752 109 33 chari
669 1752 73 33 et
705 1752 133 33 accepti
790 1752 145 33 suppositam

329 1779 128 34 igitur
419 1779 103 34 sine
483 1779 103 34 omni
548 1779 103 34 dono
612 1779 141 34 preuio.
715 1779 64 34 ⁋
740 1779 180 34 Contrariam
869 1779 64 34 ta-

330 1811 85 31 men
378 1811 195 31 conclusionem
537 1811 109 31 tenet
610 1811 122 31 petrus
695 1811 73 31 de
731 1811 146 31 aureolie
841 1811 73 31 et
865 1811 73 31 eius

334 1839 183 32 argumentum
478 1839 131 32 soluit
570 1839 105 32 okam
635 1839 92 32 di.
687 1839 157 32 presenti
792 1839 144 32 questione

326 1864 133 37 prima.
419 1864 67 37 ⁋
446 1864 187 37 Argumentum
592 1864 107 37 enim
659 1864 107 37 suum
726 1864 120 37 inter
806 1864 107 37 alia
859 1864 80 37 dif-

333 1896 136 31 ficilius
435 1896 79 31 est
480 1896 68 31 de
514 1896 136 31 transitu
616 1896 68 31 ve
650 1896 204 31 contradictorio
821 1896 68 31 in
843 1896 91 31 contra

332 1921 155 35 dictorium
452 1921 96 35 quia
511 1921 72 35 si
547 1921 96 35 deus
607 1921 144 35 acceptet
715 1921 108 35 istum
787 1921 72 35 et
822 1921 108 35 prius
882 1921 60 35 non

326 1948 169 39 acceptauit
459 1948 121 39 igitur
543 1948 85 39 hic
592 1948 85 39 est
640 1948 157 39 transitus
761 1948 72 39 ve
785 1948 157 39 contradicto

329 1982 88 30 rio
380 1982 76 30 ad
417 1982 239 30 contradictorium
619 1982 76 30 et
657 1982 88 30 per
707 1982 176 30 consequens
845 1982 88 30 est
883 1982 63 30 hic

330 2008 136 35 mutatio
428 2008 123 35 aliqua
515 2008 74 35 et
552 2008 86 35 non
601 2008 74 35 in
638 2008 160 35 volitione
761 2008 86 35 dei
810 2008 123 35 igitur
897 2008 74 35 in

331 2032 104 34 isto
396 2032 78 34 et
435 2032 91 34 sic
487 2032 143 34 habetur
591 2032 169 34 intentum.
722 2032 65 34 ⁋
748 2032 169 34 Respondet
865 2032 78 34 okam

330 2062 87 36 quod
385 2062 109 36 potest
461 2062 87 36 esse
516 2062 142 36 transitus
625 2062 65 36 ve
657 2062 196 36 contradictorio
821 2062 65 36 in
843 2062 98 36 contra-

329 2091 66 35 d
355 2091 157 35 ictorium
473 2091 170 35 aliquando
604 2091 144 35 propter
709 2091 184 35 mutationem
853 2091 79 35 in
879 2091 66 35 al-

325 2122 100 42 tero
388 2122 138 42 extremo
488 2122 113 42 sicut
564 2122 75 42 de
601 2122 113 42 facto
676 2122 138 42 aliquis
777 2122 113 42 primo
852 2122 88 42 non
889 2122 63 42 ac

940 266 117 54 ceptus
1022 266 82 54 deo
1069 266 117 54 postea
1150 266 82 54 sit
1197 266 140 54 acceptus
1302 266 82 54 per
1349 266 128 54 gratiam
1442 266 93 54 sibi
1500 266 70 54 in

945 315 178 32 herentem.
1082 315 69 32 ⁋
1110 315 151 32 Secundo
1220 315 110 32 modo
1288 315 151 32 propter
1384 315 165 32 mutationem

941 342 75 34 in
978 342 99 34 alio
1040 342 99 34 quod
1102 342 87 34 est
1152 342 137 34 neutrum
1251 342 149 34 extremum
1363 342 112 34 sicut
1437 342 99 34 deus
1487 342 62 34 ofi

942 369 122 37 fensus
1027 369 122 37 alicui
1113 369 135 37 propter
1211 369 122 37 preces
1297 369 147 37 alterius
1407 369 122 37 posset
1481 369 73 37 sibi

943 400 152 39 offensam
1058 400 165 39 remittere
1185 400 102 39 ipso
1248 400 89 39 non
1299 400 127 39 mutato
1388 400 89 39 ymo
1426 400 127 39 ignoran-

943 429 73 32 te
979 429 97 32 ipso
1040 429 109 32 iuxta
1113 429 109 32 istum
1185 429 109 32 modum
1258 429 121 32 nummus
1343 429 145 32 postquam
1452 429 85 32 non
1488 429 73 32 erat

943 455 147 36 precium
1049 455 93 36 sit
1103 455 147 36 precium
1210 455 147 36 propter
1317 455 187 36 mutationem
1450 455 107 36 volun-

953 481 112 33 tatis
1027 481 224 33 instituentium.
1213 481 62 33 ⁋
1238 481 124 33 Tertio
1325 481 99 33 modo
1387 481 75 33 ad
1424 481 112 33 solam
1487 481 75 33 tran

942 514 156 33 sitionem
1059 514 156 33 temporis
1176 514 156 33 actualem
1292 514 91 33 vel
1344 514 195 33 potentialem
1487 514 78 33 isto

951 541 103 32 modo
1015 541 141 32 angelus
1118 541 77 32 de
1156 541 90 32 non
1208 541 180 32 conseruato
1349 541 90 32 fit
1387 541 167 32 conseruatus

951 568 79 34 ad
990 568 118 34 solam
1069 568 209 34 transitionem
1239 568 157 34 actualem
1357 568 92 34 vel
1396 568 170 34 potentialem

953 599 150 35 temporis
1065 599 75 35 et
1103 599 88 35 sic
1153 599 113 35 etiam
1228 599 125 35 nummus
1315 599 88 35 fit
1365 599 138 35 precium
1465 599 75 35 in
1490 599 75 35 ali-

955 624 86 33 quo
1004 624 147 33 instanti
1114 624 86 33 vel
1163 624 135 33 tempore
1261 624 110 33 iuxta
1335 624 147 33 statutum
1433 624 98 33 regis.

956 648 56 39 ⁋
978 648 67 39 Et
1011 648 67 39 in
1045 648 122 39 omnibus
1134 648 100 39 istis
1200 648 100 39 modis
1267 648 111 39 posset
1345 648 67 39 oe
1378 648 133 39 potentia
1478 648 78 39 dei
1511 648 56 39 ab-

950 680 129 36 soluta
1040 680 116 36 primo
1117 680 90 36 non
1169 680 154 36 acceptus
1284 680 129 36 postea
1374 680 116 36 fieri
1438 680 129 36 acceptus

946 712 100 32 sine
1009 712 163 32 charitate
1135 712 213 32 supernaturali
1310 712 125 32 infusa
1398 712 100 32 quia
1461 712 100 32 deus
1511 712 50 32 iu

943 736 89 37 xta
994 736 127 37 primum
1083 736 115 37 modum
1160 736 127 37 posset
1249 736 153 37 statuere
1363 736 102 37 quod
1427 736 165 37 quicunque

951 766 102 35 post
1015 766 153 35 peccatum
1129 766 140 35 mortale
1231 766 140 35 doleret
1333 766 76 35 de
1371 766 140 35 peccato
1460 766 102 35 remit-

946 791 132 40 teretur
1042 791 72 40 ei
1078 791 96 40 fine
1139 791 205 40 supernaturali
1307 791 108 40 forma
1379 791 120 40 infusa
1464 791 72 40 et
1488 791 72 40 qui-

950 825 123 34 cunque
1036 825 74 34 ad
1073 825 111 34 annos
1147 825 197 34 discretionis
1307 825 173 34 perueniens
1430 825 136 34 diligeret

948 851 98 34 deum
1009 851 111 34 super
1083 851 111 34 omnia
1157 851 172 34 dilectione
1292 851 148 34 naturali
1403 851 111 34 esset
1477 851 74 34 in
1501 851 62 34 sta

954 881 68 29 tu
988 881 125 29 salutis
1079 881 91 29 quod
1136 881 68 29 si
1170 881 125 29 faceret
1262 881 103 29 talis
1330 881 114 29 fieret
1410 881 68 29 de
1444 881 80 29 non
1478 881 80 29 acce-

957 909 122 33 ptato
1038 909 162 33 acceptus
1159 909 95 33 per
1213 909 122 33 solam
1294 909 189 33 mutationem
1443 909 81 33 ad
1470 909 95 33 actum

952 934 170 37 possibilem
1085 934 73 37 ex
1122 934 109 37 puris
1195 934 182 37 naturalibus
1340 934 73 37 et
1377 934 85 37 ita
1425 934 73 37 ad
1462 934 85 37 hoc
1498 934 61 37 non

953 965 207 32 requireretur
1121 965 155 32 charitas
1237 965 245 32 supernaturalis.
1444 965 65 32 ⁋
1457 965 103 32 Simili

946 992 86 34 ter
995 992 136 34 secundo
1094 992 99 34 modo
1156 992 111 34 fieri
1230 992 123 34 posset
1316 992 74 34 de
1353 992 86 34 non
1402 992 161 34 acceptato
1514 992 49 34 ac

956 1021 141 31 ceptatus
1062 1021 94 31 quia
1120 1021 94 31 deus
1179 1021 117 31 posset
1261 1021 141 31 ordinare
1367 1021 94 31 quod
1425 1021 70 31 si
1460 1021 94 31 quis
1507 1021 59 31 ora

951 1047 87 34 ret
1000 1047 87 34 pro
1050 1047 74 34 eo
1087 1047 136 34 daretur
1186 1047 99 34 sibi
1247 1047 99 34 vita
1309 1047 136 34 eterna.
1408 1047 62 34 ⁋
1433 1047 124 34 Tertio
1507 1047 62 34 mo-

950 1074 75 34 do
987 1074 87 34 hoc
1037 1074 112 34 etiam
1112 1074 125 34 posset
1199 1074 112 34 fieri
1274 1074 87 34 per
1324 1074 112 34 solam
1386 1074 175 34 transitionem

952 1103 164 31 temporis
1075 1103 137 31 quando
1171 1103 219 31 determinatum
1348 1103 137 31 tempus
1444 1103 96 31 vel
1499 1103 96 31 in¬

954 1128 105 35 stans
1024 1128 128 35 caderet
1118 1128 105 35 super
1188 1128 128 35 statuto
1281 1128 152 35 possibili
1398 1128 58 35 a
1421 1128 82 35 deo
1456 1128 117 35 institu-

961 1155 68 39 o
989 1155 135 39 posset
1083 1155 108 39 enim
1151 1155 163 39 statuere
1273 1155 149 39 quoddam
1381 1155 135 39 tempus
1463 1155 108 39 gratie

952 1191 96 33 quod
1012 1191 144 33 quilibet
1120 1191 72 33 ab
1156 1191 60 33 a
1180 1191 144 33 instanti
1287 1191 72 33 et
1323 1191 144 33 deinceps
1431 1191 84 33 non
1467 1191 96 33 ponens

958 1219 92 31 obil
1016 1219 92 31 cere
1074 1219 104 31 esset
1143 1219 138 31 acceptus
1247 1219 69 31 et
1281 1219 115 31 charus
1362 1219 69 31 et
1397 1219 104 31 prius
1466 1219 92 31 non.

951 1241 57 35 ⁋
973 1241 91 35 Item
1030 1241 114 35 aliter
1110 1241 125 35 leuiter
1201 1241 114 35 potest
1281 1241 91 35 dici
1338 1241 91 35 quod
1395 1241 103 35 sicut
1463 1241 91 35 deus
1520 1241 68 35 ab

956 1270 132 36 eterno
1048 1270 211 36 preordinauit
1219 1270 105 36 dare
1285 1270 184 36 charitatem
1430 1270 119 36 anime
1496 1270 66 36 3o.

953 1303 184 32 preexistenti
1102 1303 81 32 non
1148 1303 104 32 chare
1217 1303 92 32 ante
1275 1303 161 32 infusionem
1401 1303 115 32 gratie
1482 1303 81 32 ita
1516 1303 46 32 ta

960 1330 77 33 men
1004 1330 88 33 quod
1059 1330 122 33 nunquam
1148 1330 88 33 deus
1203 1330 122 33 incepit
1292 1330 88 33 sibi
1347 1330 100 33 velle
1413 1330 88 33 dare
1457 1330 111 33 charita-

960 1357 77 31 tem
1004 1357 77 31 nec
1048 1357 110 31 vnquam
1124 1357 77 31 ibi
1168 1357 77 31 fit
1212 1357 143 31 transitus
1322 1357 66 31 ve
1355 1357 197 31 contradictorio
1519 1357 66 31 in

957 1385 230 37 contradictorium
1150 1385 97 37 nisi
1211 1385 121 37 quando
1295 1385 97 37 deus
1356 1385 97 37 sibi
1416 1385 133 37 gratiam
1501 1385 60 37 in-

954 1412 133 30 fundit.
1050 1412 60 30 ⁋
1075 1412 84 30 Ita
1123 1412 157 30 diceretur
1243 1412 72 30 de
1280 1412 96 30 illo
1340 1412 84 30 cui
1388 1412 109 30 prius
1460 1412 84 30 non
1497 1412 72 30 bea-

958 1439 68 35 to
992 1439 102 35 daret
1059 1439 181 35 beatitudinem
1206 1439 90 35 fine
1262 1439 113 35 gratia
1341 1439 113 35 creata
1420 1439 113 35 preuia
1499 1439 90 35 quod

955 1472 93 30 deus
1014 1472 128 30 nunquam
1107 1472 152 30 inciperet
1224 1472 105 30 velle
1294 1472 93 30 sibi
1352 1472 93 30 dare
1399 1472 163 30 beatitudinem

954 1499 73 32 et
990 1499 85 32 ita
1039 1499 85 32 non
1088 1499 122 32 fieret
1173 1499 73 32 de
1210 1499 85 32 non
1259 1499 98 32 caro
1320 1499 110 32 carus
1393 1499 98 32 ante
1442 1499 122 32 beatitu-

954 1523 112 41 dinem
1028 1523 87 41 sed
1078 1523 74 41 de
1115 1523 87 41 non
1164 1523 112 41 beato
1239 1523 124 41 beatus
1325 1523 112 41 sicut
1400 1523 87 41 nec
1449 1523 74 41 in
1474 1523 87 41 primo

953 1555 102 36 casu
1017 1555 76 36 de
1055 1555 89 36 non
1106 1555 191 36 preordinato
1259 1555 76 36 ad
1297 1555 178 36 charitatem
1424 1555 140 36 recipien-

954 1582 84 32 dam
1002 1582 84 32 sed
1050 1582 72 32 de
1085 1582 84 32 non
1133 1582 167 32 recipiente
1265 1582 167 32 recipiens.
1396 1582 60 32 ⁋
1420 1582 119 32 Tertia
1491 1582 72 32 con-

955 1609 114 32 clusio
1034 1609 171 32 principalis
1171 1609 91 32 quod
1229 1609 103 32 actum
1297 1609 171 32 dilectionis
1434 1609 80 32 dei
1480 1609 68 32 et
1503 1609 68 32 pro-

949 1640 103 35 ximi
1013 1640 283 35 circunstantionatum
1258 1640 231 35 circunstantiis
1450 1640 103 35 mere
1502 1640 64 35 na-

954 1666 164 31 turalibus
1081 1666 76 31 ex
1119 1666 114 31 parte
1194 1666 177 31 voluntatis
1334 1666 126 31 libere
1422 1666 88 31 eum
1460 1666 101 31 causan

955 1696 91 31 tis
1007 1696 157 31 secundum
1125 1696 157 31 dictamen
1242 1696 131 31 rectum
1334 1696 196 31 conscientie
1478 1696 91 31 natu-

955 1723 114 37 ralis
1032 1723 127 37 posset
1120 1723 102 37 deus
1184 1723 76 37 oe
1222 1723 152 37 potentia
1336 1723 152 37 absoluta
1438 1723 127 37 accepta-

956 1753 73 29 re
992 1753 134 29 tanquam
1090 1753 171 29 meritorium
1225 1753 98 29 vite
1286 1753 134 29 eterne:
1384 1753 147 29 probatur
1481 1753 86 29 quan-

953 1782 76 31 do
991 1782 101 31 sunt
1054 1782 126 31 plures
1142 1782 113 31 actus
1218 1782 76 31 in
1256 1782 164 31 potestate
1382 1782 151 31 alicuius
1482 1782 76 31 quo-

957 1809 88 35 rum
1008 1809 126 35 neuter
1096 1809 76 35 ex
1134 1809 126 35 natura
1222 1809 88 35 sua
1272 1809 88 35 est
1323 1809 126 35 dignus
1411 1809 101 35 vita
1461 1809 101 35 eterna

957 1835 139 36 vterque
1059 1835 114 36 tamen
1135 1835 89 36 est
1185 1835 114 36 bonus
1261 1835 89 36 qua
1312 1835 139 36 ratione
1413 1835 127 36 potest
1489 1835 76 36 vnus

957 1865 138 30 illorum
1058 1865 100 30 esse
1120 1865 175 30 meritorius
1258 1865 100 30 vite
1321 1865 125 30 eterne
1409 1865 75 30 et
1434 1865 125 30 reliquus

952 1892 70 33 oe
987 1892 141 33 potentia
1093 1892 141 33 absoluta
1199 1892 82 33 sic
1246 1892 82 33 est
1293 1892 70 33 in
1328 1892 153 33 proposito
1446 1892 94 33 deus
1493 1892 70 33 enim

955 1920 131 33 libere
1047 1920 157 33 acceptat
1164 1920 118 33 actum
1243 1920 170 33 diligendi
1374 1920 92 33 cum
1413 1920 144 33 charitate

957 1945 116 37 infusa
1039 1945 116 37 igitur
1120 1945 93 37 pari
1179 1945 128 37 ratione
1272 1945 70 37 si
1307 1945 116 37 vellet
1388 1945 116 37 posset
1458 1945 105 37 accepta

960 1981 75 29 re
998 1981 113 29 actum
1073 1981 163 29 diligendi
1199 1981 100 29 sine
1262 1981 176 29 charitate.
1400 1981 63 29 ⁋
1425 1981 100 29 Item
1475 1981 88 29 actus

956 2008 170 31 diligendi
1087 2008 157 31 elicitus
1204 2008 105 31 ante
1270 2008 183 31 charitatem
1413 2008 144 31 infusam
1505 2008 52 31 et

959 2035 102 35 post
1023 2035 102 35 sunt
1087 2035 141 35 eiusdem
1189 2035 153 35 rationis
1304 2035 128 35 quorum
1394 2035 128 35 neuter
1471 2035 89 35 habet

959 2058 244 37 circunstantiam
1163 2058 136 37 malam.
1258 2058 68 37 ⁋
1285 2058 108 37 Item
1353 2058 122 37 actus
1420 2058 136 37 diligen-

957 2090 77 34 di
996 2090 102 34 deum
1060 2090 115 34 super
1136 2090 115 34 omnia
1213 2090 128 34 libere
1303 2090 154 34 causatus
1418 2090 64 34 a
1431 2090 128 34 volunta-

957 2121 77 44 te
996 2121 116 44 magis
1073 2121 116 44 habet
1150 2121 155 44 rationem
1267 2121 206 44 acceptabilis
1434 2121 77 44 ex
1460 2121 103 44 natura
