1805 2500
156 223 100 48 ideo
219 223 100 48 eius
282 223 100 48 opus
344 223 150 48 acceptat
457 223 75 48 ad
495 223 138 48 premium
595 223 100 48 opus
657 223 100 48 vero
707 223 63 48 con

159 269 115 33 simile
239 269 69 33 in
274 269 115 33 genere
354 269 138 33 alterius
458 269 81 33 qui
504 269 92 33 sibi
561 269 138 33 ingratus
665 269 81 33 est
711 269 81 33 non

163 299 129 30 acceptat
260 299 75 30 ymo
303 299 86 30 stat
356 299 86 30 quod
410 299 129 30 quicquid
507 299 97 30 alter
571 299 97 30 facit
635 299 107 30 stante
700 299 64 30 illa

161 328 202 37 ingratitudine
327 328 107 37 totum
398 328 83 37 deo
446 328 83 37 est
493 328 142 37 ingratum
600 328 130 37 propter
683 328 83 37 ingra

162 356 144 32 titudinem
273 356 156 32 operantis.
395 356 133 32 dicendum
495 356 111 32 igitur
573 356 89 32 quod
629 356 67 32 si
651 356 111 32 penitens

160 385 70 34 et
195 385 141 34 innocens
301 385 129 34 faciant
395 385 106 34 tales
466 385 106 34 actus
536 385 117 34 omnino
618 385 129 34 equales
700 385 59 34 iux

156 411 64 35 ta
188 411 96 35 modum
252 411 159 35 praedicetum
380 411 128 35 scilicet
475 411 85 35 quod
528 411 128 35 innocens
624 411 106 35 timeat
688 411 74 35 penam

160 440 97 32 quam
220 440 109 32 velit
293 440 145 32 redimere
402 440 97 32 tunc
462 440 85 32 fit
511 440 182 32 compensatio
644 440 121 32 innocen-

161 468 64 31 ti
193 468 64 31 in
226 468 107 31 aliquo
301 468 86 31 bono
354 468 139 31 temponali
462 468 97 31 iuxta
526 468 118 31 vltimum
612 468 97 31 modum
665 468 97 31 solutio

158 498 75 35 nis
201 498 96 35 prius
265 498 117 35 positum
350 498 64 35 et
382 498 96 35 iuxta
446 498 96 35 illud
510 498 64 35 vt
542 498 75 35 sis
584 498 128 35 longeuus
680 498 64 35 in
701 498 64 35 ter-

161 525 69 32 ra
196 525 81 32 vel
242 525 139 32 secundum
347 525 127 32 prionem
439 525 104 32 modum
508 525 150 32 penitenti
624 525 104 32 valet
682 525 81 32 actus

154 552 96 37 suus
214 552 72 37 ad
250 552 180 37 remissionem
394 552 96 37 pene
454 552 72 37 et
490 552 84 37 non
538 552 156 37 innocenti
658 552 96 37 quia
706 552 60 37 non

163 582 81 33 est
210 582 105 33 aptus
280 582 81 33 pro
326 582 93 33 tunc
385 582 70 33 ad
419 582 105 33 illum
489 582 151 33 effectum.
606 582 58 33 â‹
629 582 70 33 De
652 582 105 33 actibus

164 609 110 37 tertii
241 609 88 37 modi
296 609 132 37 dicendum
396 609 88 37 quod
451 609 77 37 pro
495 609 88 37 pter
550 609 166 37 affectionem
672 609 88 37 iusti-

160 638 76 28 cie
204 638 87 28 sunt
258 638 98 28 digni
324 638 109 28 premio
400 638 109 28 eterno
477 638 76 28 sed
521 638 66 28 ex
553 638 153 28 affectione
663 638 98 28 commodi

157 665 111 35 premio
235 665 166 35 temporaliet
368 665 67 35 ex
401 665 78 35 hoc
445 665 89 35 sunt
501 665 133 35 meliores
601 665 89 35 quam
656 665 89 35 illi
701 665 55 35 qui

159 691 123 35 ceteris
248 691 123 35 paribus
338 691 101 35 fiunt
405 691 101 35 amore
472 691 78 35 dei
517 691 67 35 et
550 691 134 35 iusticie
651 691 67 35 et
685 691 67 35 ex
707 691 56 35 iam

162 720 119 33 dictis
245 720 107 33 satis
317 720 131 33 apparet
412 720 71 33 ad
447 720 107 33 omnia
518 720 154 33 argumenta
637 720 107 33 prius
697 720 59 33 fa-

168 747 88 35 cta.
223 747 66 35 Ad
256 747 111 35 sextum
334 747 155 35 argumentum
455 747 100 35 prime
522 747 155 35 questionis
632 747 133 35 conceditur

160 779 77 35 quod
208 779 86 35 visio
266 779 67 35 dei
304 779 67 35 est
343 779 86 35 nobis
400 779 134 35 possibilis
506 779 58 35 et
535 779 67 35 non
573 779 115 35 sequitur
659 779 77 35 quod
698 779 67 35 esset

146 804 46 36 i
164 804 111 36 infinite
247 804 157 36 praefectionis
377 804 74 36 quia
423 804 65 36 non
460 804 74 36 quod
506 804 83 36 talis
562 804 65 36 sit
599 804 120 36 proportio
682 804 74 36 nrarum

154 836 159 28 cognitionum
281 836 106 28 qualis
356 836 74 28 est
398 836 127 28 obiector
494 836 96 28 inter
557 836 64 28 se
589 836 96 28 sicut
642 836 117 28 declarabi

144 862 49 37 i
164 862 68 37 tur
203 862 58 37 in
232 862 107 37 proxima
310 862 146 37 quaestione.
427 862 49 37 â‹
446 862 58 37 Ad
475 862 107 37 tertiam
553 862 156 37 probationem.
670 862 88 37 dicitur

143 891 89 28 quod
198 891 100 28 visio
265 891 144 28 infinitor
375 891 155 28 obiectorum
497 891 155 28 cuiuslibet
619 891 144 28 distincte
719 891 44 28 so

143 917 88 39 lius
198 917 77 39 dei
242 917 77 39 nec
285 917 99 39 esset
351 917 153 39 possibilis
471 917 131 39 creature
570 917 109 39 igitur
636 917 131 39 conceditur

144 948 48 36 i
164 948 76 36 quod
211 948 105 36 sitalis
287 948 86 36 esset
345 948 86 36 estet
402 948 114 36 infinite
488 948 153 36 perfectionis
612 948 95 36 elicet
678 948 76 36 deus
716 948 48 36 sit

153 976 143 32 obiectum
260 976 167 32 equiualens
391 976 83 32 ymo
439 976 191 32 preponderans
594 976 107 32 illis
654 976 107 32 obiecti

144 1006 46 33 p
162 1006 119 33 infinitis
253 1006 55 33 si
281 1006 82 33 esset
335 1006 64 33 non
372 1006 82 33 tamen
427 1006 109 33 sequitur
509 1006 73 33 quod
554 1006 82 33 visio
609 1006 64 33 qua
636 1006 119 33 intellectus

143 1032 102 38 noster
214 1032 92 38 videt
276 1032 82 38 deum
327 1032 72 38 sit
368 1032 164 38 perfectionis
501 1032 123 38 infinite
593 1032 82 38 quia
644 1032 92 38 visio
696 1032 61 38 crea

142 1058 54 36 i
164 1058 86 36 ture
218 1058 129 36 respectu
314 1058 75 36 dei
357 1058 65 36 in
390 1058 140 36 infinitum
497 1058 86 36 plus
551 1058 118 36 deficit
637 1058 65 36 ab
658 1058 97 36 adequam

155 1088 92 32 tiua
213 1088 196 32 apprehensione
375 1088 115 32 diuine
455 1088 254 32 comprehensiuitatis
663 1088 92 32 immen-

155 1116 66 35 se
188 1116 88 35 quam
243 1116 121 35 faceret
332 1116 99 35 talis
398 1116 99 35 visio
464 1116 143 35 infinitor
574 1116 99 35 alior
630 1116 132 35 obiectorum

158 1149 156 34 cuiuslibet
281 1149 145 34 distincta
392 1149 67 34 si
425 1149 123 34 daretur
515 1149 56 34 a
526 1149 234 34 comprehensibilitate

161 1176 68 33 et
195 1176 205 33 cognosciuitate
366 1176 114 33 suorum
446 1176 148 33 obiector.
560 1176 57 33 â‹
583 1176 91 33 Ideo
628 1176 126 33 infinitas

167 1200 93 33 llius
229 1200 62 33 in
260 1200 155 33 perfectione
384 1200 72 33 non
425 1200 103 33 infert
498 1200 155 33 infinitatem
611 1200 145 33 perfectionis

160 1231 104 34 illius
233 1231 83 34 quae
285 1231 73 34 est
326 1231 63 34 ex
358 1231 94 34 parte
420 1231 73 34 dei
462 1231 83 34 quia
514 1231 104 34 cetera
587 1231 73 34 non
629 1231 83 34 sunt
671 1231 83 34 paria.

176 1257 55 34 â‹
198 1257 66 34 Ad
231 1257 132 34 secundam
330 1257 165 34 probationem
462 1257 121 34 dicitur
550 1257 88 34 quod
605 1257 132 34 mediante
693 1257 66 34 tali

157 1286 113 33 visione
239 1286 82 33 deus
290 1286 113 33 apparet
372 1286 92 33 illud
434 1286 82 33 quod
485 1286 72 33 est
526 1286 62 33 et
557 1286 62 33 si
588 1286 92 33 clara
649 1286 72 33 dei
680 1286 72 33 visio

155 1318 77 32 non
199 1318 77 32 sit
243 1318 121 32 euidens
332 1318 132 32 iudicium
431 1318 88 32 quod
486 1318 88 32 deus
541 1318 77 32 est
585 1318 143 32 infinitum
685 1318 77 32 bonum

147 1341 80 34 quia
197 1341 70 34 non
237 1341 70 34 est
276 1341 119 34 iudicium
366 1341 70 34 cum
406 1341 70 34 non
446 1341 70 34 sit
485 1341 129 34 composita
585 1341 70 34 vel
625 1341 119 34 diuisiua
704 1341 50 34 sed

145 1367 125 32 simplex
235 1367 193 32 intelligentia
394 1367 102 32 tamen
462 1367 91 32 ipsa
519 1367 113 32 posita
598 1367 113 32 statim
666 1367 91 32 potest

143 1398 118 37 haberi
226 1398 141 37 iudicium
331 1398 141 37 alicuius
437 1398 106 37 actus
508 1398 176 37 intellectus
649 1398 82 37 quo
684 1398 71 37 deus

151 1428 131 35 apparet
246 1428 95 35 esse
306 1428 107 35 bonum
377 1428 155 35 infinitum
496 1428 83 35 ymo
544 1428 119 35 potest
615 1428 143 35 contingere

148 1455 69 33 vt
182 1455 114 33 verius
262 1455 114 33 estimo
342 1455 91 33 quod
399 1455 103 33 eodem
467 1455 91 33 actu
525 1455 137 33 appareat
627 1455 91 33 esse
673 1455 80 33 bonum

146 1482 151 34 infinitum
262 1482 81 34 ita
309 1482 70 34 vt
344 1482 128 34 ipsamet
437 1482 104 34 visio
506 1482 116 34 faciat
587 1482 93 34 suum
634 1482 116 34 obiectum

152 1512 136 39 apparere
254 1512 148 39 infinitum
368 1512 102 39 sicut
436 1512 102 39 visio
504 1512 114 39 baculi
584 1512 102 39 cuius
652 1512 91 39 pars
697 1512 57 39 est

142 1540 75 33 in
179 1540 137 33 aqualet
278 1540 100 33 pars
341 1540 112 33 supra
415 1540 112 33 facit
490 1540 149 33 apparere
602 1540 137 33 baculum
689 1540 62 33 fra

138 1572 93 31 ctum
197 1572 105 31 licet
267 1572 93 31 ipsa
325 1572 163 31 corporalis
453 1572 105 31 visio
524 1572 82 31 non
570 1572 82 31 sit
617 1572 140 31 iudicium
710 1572 47 31 de

138 1598 84 30 hoc
186 1598 72 30 et
222 1598 84 30 ita
271 1598 72 30 de
307 1598 157 30 similibus
427 1598 96 30 quia
488 1598 145 30 alioquin
596 1598 121 30 stante
669 1598 84 30 clara

144 1625 76 33 dei
188 1625 119 33 visione
274 1625 109 33 posset
350 1625 163 33 intellectui
481 1625 76 33 sic
524 1625 119 33 videnti
611 1625 98 33 sicut
665 1625 98 33 tetigit

141 1656 182 35 argumentum
284 1656 182 35 principale
427 1656 91 35 non
480 1656 156 35 impedito
597 1656 91 35 sed
649 1656 104 35 suis
701 1656 52 35 na

142 1687 165 29 turalibus
270 1687 153 29 vlterius
384 1687 140 29 relicto
486 1687 115 29 aliud
562 1687 64 29 a
588 1687 89 29 deo
626 1687 127 29 apparere

145 1712 116 32 melius
226 1712 69 32 et
261 1712 185 32 diligibilius
412 1712 93 32 quod
469 1712 81 32 non
516 1712 104 32 credo
585 1712 93 32 quia
643 1712 93 32 tunc
689 1712 58 32 cla

146 1738 70 36 re
181 1738 117 36 videns
263 1738 94 36 deum
322 1738 117 36 posset
404 1738 211 36 rationabiliter
579 1738 70 36 et
615 1738 117 36 licite
685 1738 70 36 plus

139 1766 78 30 deo
183 1766 100 30 aliud
250 1766 56 30 a
272 1766 78 30 deo
317 1766 134 30 diligere
417 1766 89 30 quia
473 1766 111 30 licite
551 1766 111 30 potest
629 1766 100 30 illud
684 1766 67 30 plus

138 1793 125 36 diligi
226 1793 100 36 quod
289 1793 163 36 iudicatur
414 1793 226 36 rationabiliter
603 1793 125 36 melius
678 1793 75 36 esse

145 1824 86 37 deo
194 1824 123 37 saltem
280 1824 86 37 dum
330 1824 99 37 modo
391 1824 86 37 ibi
441 1824 86 37 non
490 1824 86 37 sit
539 1824 111 37 error
613 1824 74 37 ex
638 1824 111 37 peccato

135 1852 177 35 proueniens
274 1852 152 35 preterea
388 1852 126 35 aliter
476 1852 88 35 non
527 1852 139 35 apparet
628 1852 126 35 beatis
704 1852 51 35 om

145 1886 108 30 nibus
217 1886 96 30 eque
277 1886 108 30 bonus
348 1886 72 30 et
384 1886 96 30 eque
444 1886 144 30 amabilis
552 1886 120 30 contra
623 1886 132 30 magisterm

143 1909 120 36 versus
227 1909 108 36 finem
299 1909 120 36 quarti
382 1909 120 36 libri.
466 1909 108 36 Forte
538 1909 96 36 enim
598 1909 155 36 diceretur
705 1909 48 36 li

139 1940 85 27 cet
188 1940 98 27 deus
249 1940 146 27 mediante
358 1940 110 27 clara
432 1940 85 27 sui
481 1940 134 27 visione
578 1940 159 27 nituitiue
688 1940 61 27 ap-

144 1963 136 38 pareret
242 1963 111 38 clare
317 1963 136 38 videnti
415 1963 124 38 tantus
502 1963 136 38 quantus
601 1963 99 38 est.
650 1963 99 38 Contra

145 1993 93 34 ista
204 1993 175 34 abstractiua
344 1993 82 34 aut
391 1993 82 34 est
437 1993 129 34 ipsamet
531 1993 105 34 visio
601 1993 82 34 aut
648 1993 93 34 alia
695 1993 58 34 co-

137 2020 126 49 gnitio
226 2020 164 49 posterior
352 2020 189 49 naturaliter
503 2020 76 49 si
541 2020 126 49 primum
629 2020 139 49 videtur
718 2020 50 49 mi

788 229 126 51 rabile
877 229 101 51 quod
940 229 114 51 eodem
1016 229 101 51 actu
1079 229 190 51 cognoscatur
1231 229 152 51 obiectum
1332 229 63 51 bea

792 273 118 37 tificum
878 273 140 37 intuitiue
986 273 64 37 et
1018 273 161 37 abstractive
1147 273 64 37 et
1179 273 97 37 tamen
1233 273 150 37 imperfectius

787 302 144 38 intuitiue
898 302 77 38 cum
942 302 100 38 nulla
1008 302 133 38 cognitio
1108 302 77 38 sit
1152 302 144 38 beatifica
1262 302 88 38 nisi
1318 302 66 38 ex
1340 302 55 38 hoc

789 333 86 28 quod
843 333 86 28 ipsa
897 333 75 28 est
940 333 97 28 clara
1004 333 75 28 dei
1047 333 107 28 visio.
1122 333 64 28 Si
1155 333 129 28 secundum
1251 333 75 28 vel
1294 333 75 28 est
1327 333 64 28 sim-

788 359 94 36 plex
847 359 82 36 dei
894 359 199 36 intelligentia
1058 359 82 36 vel
1105 359 164 36 compositio
1234 359 70 36 et
1269 359 129 36 diuisio
1351 359 47 36 si

782 389 132 36 primum
874 389 106 36 tunc
940 389 79 36 de
980 389 132 36 natura
1072 389 92 36 sua
1125 389 211 36 imperfectius
1283 389 106 36 repre-

787 415 121 31 ientat
872 415 145 31 obiectum
981 415 97 31 quam
1041 415 158 31 intuitiua
1163 415 206 31 correspondens
1320 415 73 31 natu

785 444 128 33 raliter
878 444 93 33 sibi
937 444 174 33 penitentia.
1076 444 58 33 â‹
1099 444 93 33 Item
1157 444 70 33 si
1192 444 116 33 aliqua
1274 444 105 33 ratio
1332 444 58 33 pro

789 471 117 32 baret
867 471 104 32 deum
932 471 91 32 non
983 471 155 32 apparere
1100 471 117 32 bonum
1178 471 168 32 infinitum
1294 471 91 32 visio

787 500 69 34 ne
822 500 104 34 clara
891 500 150 34 iutuitiua
1006 500 92 34 eque
1064 500 138 34 probaret
1167 500 92 34 quod
1225 500 81 34 non
1259 500 127 34 abstracti

784 529 77 35 ua.
828 529 66 35 Si
861 529 88 35 vero
916 529 121 35 dicitur
1003 529 88 35 quod
1058 529 88 35 ista
1113 529 164 35 abstractiua
1244 529 143 35 posterior
1343 529 44 35 na

783 558 145 31 turaliter
895 558 123 31 visione
984 558 78 31 sit
1029 558 157 31 compositio
1152 558 78 31 vel
1197 558 123 31 diuisio
1286 558 90 31 siue
1331 558 56 31 iu-

783 582 121 34 dicium
868 582 85 34 vel
916 582 97 34 ergo
977 582 85 34 est
1025 582 133 34 euidens
1122 582 169 34 exterminis
1255 582 85 34 vel
1303 582 85 34 non
1340 582 48 34 si

783 611 118 35 primum
866 611 83 35 hoc
913 611 106 35 esset
984 611 83 35 per
1031 611 165 35 adiutorium
1161 611 142 35 visionis
1256 611 130 35 intuitiue

784 642 87 34 quod
838 642 108 34 falsum
914 642 76 34 est
957 642 87 34 quia
1011 642 97 34 sicut
1076 642 97 34 dicit
1141 642 87 34 ista
1195 642 141 34 responsio
1303 642 76 34 per
1336 642 54 34 vi-

785 666 132 35 sionem
877 666 184 35 intuitiuam
1022 666 105 35 deus
1087 666 118 35 solum
1166 666 145 35 apparet
1272 666 118 35 bonum
1337 666 53 35 fi

781 695 119 33 nitum
860 695 133 33 igitur
953 695 93 33 per
1006 695 93 33 eam
1059 695 93 33 non
1112 695 146 33 iuuatur
1219 695 159 33 cognitio
1325 695 66 33 qua

784 725 104 28 deus
849 725 169 28 iudicatur
979 725 104 28 esse
1044 725 117 28 bonum
1121 725 169 28 infinitum
1251 725 91 28 ymo
1290 725 104 28 potius

779 749 123 32 iuuatur
868 749 134 32 iudicium
969 749 145 32 oppositum
1080 749 67 32 si
1114 749 89 32 ista
1170 749 168 32 abstractiua
1304 749 78 32 non
1337 749 56 32 est

778 780 97 36 nota
838 780 73 36 ex
875 780 145 36 terminis
984 780 85 36 sed
1032 780 133 36 habetur
1129 780 85 36 per
1177 780 157 36 discursum
1286 780 109 36 sumptum

781 809 139 29 aliunde
882 809 76 29 ex
920 809 113 29 clara
996 809 139 29 visione
1097 809 126 29 tantum
1185 809 101 29 tunc
1248 809 101 29 ante
1298 809 101 29 comple

784 837 118 28 mentum
867 837 107 28 talis
938 837 166 28 discursiue
1068 837 225 28 inuestigationis
1246 837 142 28 voluntarie

793 863 60 29 et
823 863 180 29 rationabiliter
973 863 60 29 et
1003 863 100 29 licite
1073 863 110 29 poterit
1154 863 100 29 creatu
1224 863 60 29 ra
1254 863 110 29 aliquam
1324 863 60 29 plus

786 891 98 31 diligi
855 891 59 31 et
884 891 137 31 appretiari
992 891 79 31 quam
1041 891 79 31 deus
1091 891 88 31 clare
1149 891 88 31 visus
1208 891 59 31 et
1238 891 137 31 consequens
1336 891 49 31 est

780 916 183 41 inconueniens
928 916 183 41 consequentia
1077 916 103 41 tenet
1145 916 69 41 vt
1179 916 114 41 praeus
1259 916 69 41 in
1282 916 103 41 argumen

778 948 81 34 to.
825 948 92 34 Tunc
882 948 104 34 vltra
952 948 127 34 dicitur
1044 948 69 34 ad
1079 948 81 34 hoc
1125 948 92 34 quod
1183 948 139 34 tangitur
1287 948 69 34 in
1310 948 81 34 argu-

783 975 76 35 meto
831 975 105 35 negando
907 975 76 35 quod
955 975 76 35 deus
1002 975 67 35 sit
1040 975 190 35 comprehensibilis
1202 975 57 35 ab
1231 975 133 35 intellectu
1326 975 57 35 crea

778 1006 61 31 to
808 1006 82 31 quia
859 1006 92 31 nulla
920 1006 122 31 creatura
1012 1006 122 31 cognitio
1104 1006 71 31 est
1145 1006 71 31 vel
1185 1006 82 31 esse
1236 1006 102 31 potest
1297 1006 82 31 itaper

783 1031 99 32 fecta
849 1031 77 32 dei
893 1031 132 32 cognitio
992 1031 99 32 sicut
1058 1031 88 32 deus
1114 1031 77 32 est
1158 1031 187 32 cognoscibilis
1312 1031 66 32 et
1334 1031 44 32 si

782 1061 88 30 cut
833 1061 138 30 ipsemet
933 1061 88 30 est
983 1061 88 30 sua
1033 1061 150 30 cognitio
1145 1061 150 30 creatura
1258 1061 113 30 tamen
1320 1061 63 30 com

793 1090 178 27 prehensibilis
939 1090 63 27 ab
970 1090 147 27 intellectu
1086 1090 105 27 creato
1159 1090 84 27 quia
1211 1090 73 27 ita
1253 1090 126 27 perfecte
1347 1090 63 27 ab

782 1116 124 35 huiusmodi
878 1116 133 35 intellectu
982 1116 67 35 est
1020 1116 171 35 intelligibilis
1163 1116 86 35 sicut
1220 1116 76 35 ipia
1267 1116 67 35 est
1305 1116 67 35 ens
1334 1116 57 35 vene

788 1143 99 37 licet
854 1143 99 37 musca
920 1143 132 37 infinite
1018 1143 77 37 fit
1062 1143 186 37 cognoscibilis
1216 1143 55 37 a
1238 1143 77 37 deo
1281 1143 77 37 pro
1325 1143 66 37 vt
1347 1143 44 37 ly

779 1170 121 31 ifinite
867 1170 99 31 notat
933 1170 175 31 magnitudinem
1075 1170 164 31 cognitionis
1207 1170 77 31 vel
1240 1170 153 31 perfectionem

783 1200 82 33 modi
834 1200 154 33 cognoscendi
957 1200 92 33 tamen
1019 1200 82 33 ipsa
1070 1200 92 33 solum
1132 1200 103 33 finite
1204 1200 72 33 est
1235 1200 154 33 cognoscibilus

782 1230 63 29 et
814 1230 116 29 precise
898 1230 105 29 tantum
972 1230 116 29 quantum
1056 1230 84 29 ipsa
1109 1230 74 29 est
1151 1230 74 29 ens
1193 1230 95 29 etiam
1256 1230 53 29 a
1277 1230 74 29 deo
1319 1230 74 29 pro
1351 1230 42 29 vt

781 1255 74 34 ly
818 1255 123 34 finite
904 1255 86 34 vel
953 1255 74 34 ly
990 1255 123 34 tantum
1076 1255 172 34 determinat
1211 1255 111 34 ipsum
1272 1255 123 34 cognitum

773 1283 88 34 Sed
824 1283 126 34 contra
912 1283 126 34 dictam
1000 1283 176 34 solutionem
1139 1283 88 34 sol
1189 1283 164 34 totaliter
1303 1283 88 34 visus

784 1313 113 30 apparet
866 1313 92 30 minor
927 1313 82 30 quam
979 1313 72 30 est
1020 1313 103 30 igitur
1092 1313 72 30 sic
1133 1313 103 30 potest
1204 1313 82 30 esse
1256 1313 62 30 de
1286 1313 72 30 deo
1317 1313 72 30 clare

781 1342 111 30 viso.
855 1342 99 30 Item
916 1342 111 30 sicut
990 1342 148 30 obiectum
1101 1342 247 30 improportionatum
1299 1342 86 30 visui

780 1367 95 36 puta
840 1367 83 36 lux
887 1367 107 36 solis
958 1367 83 36 non
1006 1367 143 36 perfecte
1113 1367 131 36 videtur
1196 1367 190 36 proportionatum

778 1400 72 32 aut
819 1400 124 32 perfecte
912 1400 113 32 videtur
994 1400 72 32 sic
1035 1400 93 32 licet
1097 1400 124 32 creatura
1189 1400 113 32 aliquam
1261 1400 124 32 itellectui

776 1425 211 34 proportionata
950 1425 149 34 appareat
1062 1425 124 34 quanta
1149 1425 75 34 et
1186 1425 124 34 qualis
1273 1425 87 34 est
1310 1425 75 34 deus

779 1455 102 34 tamen
846 1455 79 34 qui
892 1455 124 34 ifinite
982 1455 226 34 improportionatus
1174 1455 113 34 alicui
1241 1455 147 34 intellectui

782 1482 54 33 i
804 1482 140 33 infinitum
911 1482 118 33 apparet
998 1482 97 33 minor
1062 1482 140 33 intuitiue
1170 1482 86 33 quam
1224 1482 86 33 est.
1277 1482 54 33 â‹
1299 1482 86 33 Item
1342 1482 43 33 si

783 1511 154 33 luminosum
902 1511 154 33 infinitum
1020 1511 142 33 distaret
1126 1511 142 33 infinite
1233 1511 71 33 ab
1268 1511 107 33 oculo
1328 1511 47 33 ap

779 1536 103 39 paret
847 1536 92 39 sibi
905 1536 126 39 finitum
996 1536 115 39 igitur
1077 1536 92 39 pari
1134 1536 126 39 ratione
1226 1536 149 39 possibile
1329 1536 57 39 est

784 1570 87 32 quod
838 1570 130 32 obiectum
936 1570 141 32 infinitum
1044 1570 141 32 intensiue
1153 1570 130 32 appareat
1250 1570 119 32 finitum
1326 1570 54 32 in-

778 1594 149 36 tensiue.
889 1594 62 36 â‹
914 1594 99 36 Item
976 1594 161 36 semicecus
1100 1594 137 36 iudicat
1200 1594 137 36 colorem
1299 1594 87 36 vel
1336 1594 50 36 lu

774 1624 84 35 cem
822 1624 157 35 intuitiue
943 1624 96 35 sibi
1003 1624 169 35 apparentem
1136 1624 181 35 remissiorem
1280 1624 96 35 quam
1329 1624 60 35 est

775 1649 81 32 vel
822 1649 92 32 quam
879 1649 127 32 iudicet
971 1649 92 32 bene
1029 1649 115 32 videns
1110 1649 81 32 sed
1156 1649 127 32 acuties
1236 1649 150 32 intellectus

777 1682 103 34 creati
849 1682 62 34 in
880 1682 134 34 infinitum
983 1682 103 34 distat
1056 1682 52 34 a
1076 1682 72 34 deo
1117 1682 124 34 respectu
1210 1682 155 34 intellectus
1324 1682 62 34 dini

778 1708 113 34 igitur
857 1708 170 34 intellectus
993 1708 125 34 creatus
1083 1708 79 34 non
1129 1708 147 34 iudicabit
1242 1708 102 34 illud
1310 1708 91 34 quod
1355 1708 34 34 a

782 1736 82 36 solo
833 1736 82 36 visu
884 1736 174 36 intellectuali
1027 1736 123 36 infinite
1119 1736 112 36 acutiei
1201 1736 72 36 est
1232 1736 153 36 comprenensibi

782 1763 62 32 le
813 1763 93 32 tante
875 1763 166 32 perfectionis
1010 1763 83 32 esse
1062 1763 62 32 in
1093 1763 83 32 tali
1145 1763 145 32 intuitione
1259 1763 104 32 quante
1322 1763 62 32 est.

778 1793 169 38 Respondetur
913 1793 68 38 ad
947 1793 102 38 prima
1015 1793 90 38 tria
1071 1793 124 38 dicitur
1161 1793 90 38 quod
1218 1793 90 38 siue
1263 1793 124 38 luminosum

780 1819 124 37 ponatur
870 1819 90 37 esse
926 1819 124 37 finitum
1016 1819 90 37 siue
1072 1819 146 37 infinitum
1185 1819 79 37 non
1230 1819 135 37 quelibet
1320 1819 67 37 pars

775 1853 95 32 eius
835 1853 83 32 est
882 1853 191 32 sufficienter
1037 1853 131 32 presens
1133 1853 107 32 oculo
1204 1853 155 32 corporali
1311 1853 72 32 tota

777 1878 109 32 autem
849 1878 84 32 dei
898 1878 169 32 immensitas
1030 1878 84 32 est
1078 1878 241 32 sufficientissime
1271 1878 109 32 presens

771 1908 97 29 oculo
836 1908 118 29 mentali
922 1908 97 29 beati
986 1908 75 29 per
1029 1908 150 29 essentiam.
1147 1908 54 29 â‹
1168 1908 86 29 Ideo
1222 1908 75 29 non
1265 1908 75 29 est
1297 1908 86 29 simile

774 1934 77 37 hic
818 1934 66 37 et
851 1934 77 37 ibi
895 1934 77 37 sed
938 1934 77 37 per
982 1934 285 37 improportionabilitatem
1235 1934 88 37 bene
1278 1934 110 37 probatur

772 1967 88 35 quod
827 1967 88 35 deus
882 1967 77 35 non
926 1967 110 35 potest
1003 1967 187 35 comprehensiue
1156 1967 110 35 videri
1233 1967 66 35 ab
1255 1967 132 35 intellectu

778 1992 113 32 creato
857 1992 68 32 et
891 1992 79 32 sic
936 1992 124 32 apparet
1026 1992 102 32 minus
1094 1992 102 32 bonum
1162 1992 169 32 intellectui
1286 1992 90 32 creato

774 2018 95 48 quam
833 2018 142 48 increato
940 2018 83 48 pro
987 2018 71 48 vt
1023 2018 71 48 ly
1058 2018 107 48 minus
1129 2018 166 48 determinat
1260 2018 71 48 ly
1283 2018 107 48 apparet
