1797 2500
384 238 70 50 et
419 238 82 50 non
466 238 70 50 li
501 238 117 50 bonum.
583 238 70 50 Et
618 238 105 50 eodem
688 238 93 50 modo
746 238 93 50 dici
804 238 117 50 potest
886 238 70 50 ad
909 238 82 50 illud

387 276 63 42 de
418 276 125 42 semiceco
512 276 73 42 vel
554 276 115 42 dicitur
637 276 84 42 quod
689 276 63 42 in
721 276 125 42 semicecm
815 276 73 42 est
846 276 146 42 indispositio

388 313 117 35 organi
470 313 82 35 sed
517 313 82 35 hec
564 313 105 35 causa
634 313 82 35 non
680 313 105 35 habet
750 313 105 35 locum
820 313 70 35 in
844 313 140 35 proposito.

385 335 116 41 Contra
466 335 104 41 dicta
536 335 139 41 arguitur
640 335 92 41 quia
698 335 104 41 talis
767 335 104 41 clara
836 335 104 41 visio
906 335 81 41 dei
940 335 58 41 vel

392 367 77 33 est
436 367 88 33 ipse
491 367 88 33 deus
545 367 77 33 vel
589 367 99 33 visio
655 367 109 33 creata
731 367 77 33 non
775 367 109 33 primum
852 367 88 33 quia
906 367 66 33 in
928 367 66 33 con-

386 396 113 30 silio
462 396 151 30 vienensi
575 396 75 30 de
612 396 163 30 hereticis
738 396 151 30 Capitulo
851 396 75 30 ad
876 396 113 30 nostrum

386 423 59 32 i
410 423 166 32 Clementiva
540 423 142 32 damnatur
647 423 118 32 opinio
730 423 118 32 dicens
812 423 95 32 quod
872 423 107 32 anima
931 423 59 32 non

387 448 125 39 idiget
474 448 125 39 lumine
561 448 125 39 glorie
648 448 112 39 ipsam
723 448 150 39 eleuante
835 448 75 39 ad
873 448 100 39 deum
923 448 62 39 vi-

385 481 129 32 dendum
476 481 78 32 et
514 481 78 32 eo
553 481 168 32 deatifice
683 481 155 32 fruendum
799 481 91 32 sed
851 481 91 32 nec
890 481 103 32 opinio

382 508 83 35 ibi
429 508 165 35 condemnata
559 508 83 35 nec
606 508 118 35 aliqua
689 508 94 35 alia
748 508 118 35 vnquam
831 508 118 35 posuit
913 508 71 35 vt
937 508 59 35 vi-

384 531 96 38 detur
448 531 86 38 quod
502 531 96 38 anima
566 531 107 38 possit
641 531 86 38 deum
695 531 107 38 videre
769 531 64 38 et
801 531 64 38 eo
834 531 139 38 beatifice
930 531 64 38 frui

384 561 91 36 fine
440 561 113 36 lumine
520 561 113 36 glorie
599 561 91 36 quod
656 561 79 36 est
701 561 91 36 deus
758 561 113 36 igitur
837 561 159 36 decretalis
951 561 45 36 il

383 592 71 35 ia
419 592 142 35 diffinit
525 592 106 35 lumen
596 592 118 35 glorie
679 592 106 35 aliud
750 592 71 35 ab
785 592 106 35 anima
856 592 71 35 et
891 592 83 35 peo
927 592 59 35 re-

386 616 118 39 quiri
465 616 79 39 ad
504 616 157 39 videndun
622 616 105 39 deum
687 616 79 39 et
727 616 157 39 fruendum
845 616 79 39 eo
884 616 92 39 sed
923 616 66 39 nul

385 648 82 35 lum
432 648 105 35 aliud
502 648 105 35 lumen
573 648 164 35 requiritur
701 648 164 35 necessario
830 648 94 35 nisi
889 648 105 35 visio
947 648 47 35 et

385 676 121 33 dilectio
476 676 101 33 igitur
547 676 71 33 non
587 676 101 33 potest
658 676 81 33 dici
709 676 121 33 secundum
800 676 132 33 videlicet
901 676 81 33 quod
941 676 51 33 ta-

384 700 76 37 lis
428 700 98 37 visio
493 700 76 37 sit
537 700 109 37 creata
613 700 87 37 quia
667 700 65 37 si
700 700 76 37 sic
744 700 76 37 cum
787 700 131 37 creature
874 700 120 37 videantur

393 730 54 34 i
415 730 96 34 verbo
479 730 54 34 a
500 730 107 34 beatis
575 730 64 34 et
607 730 75 34 non
650 730 96 34 solum
715 730 96 34 sicut
779 730 64 34 in
811 730 107 34 lumine
886 730 75 34 nec
918 730 75 34 prae-

382 754 93 42 cise
440 754 105 42 sicut
510 754 70 42 in
545 754 128 42 ymagine
638 754 105 42 sicut
708 754 139 42 probauit
812 754 116 42 socius
893 754 93 42 ille
940 754 58 42 con

385 784 88 40 tra
436 784 163 40 magistrum
561 784 213 40 sententiamrum
737 784 75 40 et
775 784 113 40 secum
850 784 100 40 idem
900 784 88 40 teneo

385 814 127 37 oportet
478 814 92 37 quod
535 814 81 37 hoc
581 814 81 37 sit
627 814 104 37 eodem
697 814 92 37 actu
754 814 150 37 cognitiuo
869 814 81 37 quo
915 814 104 37 cogno

385 841 79 37 uit
430 841 113 37 verbum
509 841 68 37 et
543 841 147 37 creaturam
656 841 68 37 et
690 841 79 37 hoc
735 841 79 37 est
780 841 90 37 sibi
837 841 124 37 concedo
927 841 90 37 quod

403 861 98 47 eodem
469 861 87 47 actu
523 861 109 47 creato
600 861 109 47 potest
676 861 98 47 anima
742 861 98 47 beata
807 861 109 47 videre
884 861 109 47 verbum
949 861 44 47 et

398 898 166 36 creatumram
529 898 71 36 in
564 898 119 36 verbo.
671 898 83 36 Sed
719 898 119 36 contra
802 898 83 36 hoc
849 898 119 36 arguit
921 898 71 36 iste

395 929 115 34 socius
476 929 69 34 et
510 929 104 34 primo
579 929 81 34 sic
625 929 92 34 quia
683 929 81 34 vel
729 929 81 34 per
775 929 104 34 talem
844 929 104 34 actum
902 929 92 34 beatus

384 950 58 41 i
408 950 116 41 potest
489 950 116 41 videre
570 950 104 41 aliam
640 950 81 41 rem
686 950 128 41 creatam
779 950 81 41 vel
825 950 151 41 creabilem
929 950 70 41 quam

417 986 143 30 incumque
525 986 155 30 distincte
644 986 84 30 vel
692 986 72 30 ad
727 986 143 30 videndum
835 986 107 30 aliam
907 986 84 30 rem
954 986 72 30 ab

383 1014 58 33 i
407 1014 104 33 illis
476 1014 92 33 quas
533 1014 92 33 nunc
591 1014 104 33 videt
660 1014 161 33 requiritur
787 1014 104 33 alius
856 1014 115 33 actus.
936 1014 81 33 non

406 1042 106 32 primum
481 1042 85 32 quia
534 1042 85 32 tunc
587 1042 85 32 ille
640 1042 96 32 actus
704 1042 96 32 esset
767 1042 127 32 cognitio
852 1042 149 32 perfectionis

406 1059 103 44 finite
478 1059 62 44 eo
509 1059 83 44 quod
560 1059 83 44 ipse
612 1059 83 44 idem
664 1059 103 44 nunero
736 1059 103 44 potest
808 1059 83 44 esse
860 1059 134 44 distincta
952 1059 52 44 co-

384 1093 121 40 gnitio
468 1093 84 40 dei
517 1093 72 40 et
553 1093 169 40 cuiuslibet
685 1093 205 40 cognoscibili.
854 1093 72 40 Si
878 1093 121 40 secundum

384 1126 52 35 t
404 1126 73 35 cum
446 1126 94 35 talis
508 1126 94 35 actus
571 1126 73 35 sit
612 1126 94 35 visio
675 1126 73 35 vel
716 1126 104 35 igitur
789 1126 146 35 adueniente
903 1126 114 35 secundo

385 1153 193 35 corrumpitur
540 1153 116 35 prior
617 1153 90 35 vel
668 1153 142 35 remanet
771 1153 77 35 si
810 1153 129 35 primum
900 1153 103 35 tunc
952 1153 51 35 a-

385 1177 85 37 ctus
438 1177 85 37 ille
492 1177 74 37 non
534 1177 117 37 fuisset
619 1177 149 37 beatificus
736 1177 85 37 quia
789 1177 127 37 secundum
874 1177 127 37 augustinum

386 1209 96 33 xiii.
450 1209 64 33 de
482 1209 139 33 trinitate
589 1209 85 33 cap.
642 1209 85 33 vii.
696 1209 64 33 de
727 1209 117 33 magnis.
813 1209 64 33 et
845 1209 96 33 xvii.
909 1209 64 33 de
930 1209 64 33 per-

383 1232 90 39 iuis
439 1232 112 39 nullus
517 1232 101 39 actus
585 1232 146 39 deficiens
697 1232 67 39 et
731 1232 79 39 non
776 1232 112 39 semper
854 1232 79 39 per
888 1232 112 39 mansurus

395 1261 73 35 est
437 1261 135 35 beatitudo
541 1261 62 35 et
572 1261 94 35 indem
634 1261 94 35 vult.
697 1261 83 35 2xi.
748 1261 62 35 de
780 1261 125 35 Cnuitate
873 1261 73 35 dei
915 1261 73 35 ca.
946 1261 52 35 xil

405 1292 125 32 Preterea
499 1292 73 32 ibi
541 1292 73 32 non
583 1292 73 32 est
625 1292 94 32 talis
688 1292 136 32 successio
792 1292 104 32 actuum
865 1292 63 32 vt
897 1292 94 32 patet
949 1292 52 32 per

394 1317 140 35 augustinus
504 1317 100 35 decimo
574 1317 100 35 quinto
644 1317 60 35 de
674 1317 130 35 trinitate
774 1317 70 35 ca.
814 1317 80 35 2vi.
864 1317 60 35 et
894 1317 80 35 est.
934 1317 60 35 2vi.

387 1345 70 36 de
422 1345 117 36 magnis
505 1345 82 36 vbi
552 1345 106 36 dicit
622 1345 94 36 quod
681 1345 82 36 non
728 1345 106 36 erunt
798 1345 82 36 ibi
845 1345 153 36 volibiles
951 1345 47 36 co

394 1375 152 43 gitatioes
511 1375 82 43 nre
558 1375 70 43 ab
593 1375 105 43 aliis
664 1375 70 43 in
699 1375 105 43 alias
769 1375 117 43 euntes
851 1375 70 43 et
874 1375 129 43 redeuntes

385 1396 89 41 sed
436 1396 114 41 omnem
512 1396 165 41 scientiam
639 1396 139 41 nostram
740 1396 89 41 vno
791 1396 114 41 simul
867 1396 139 41 aspectu
955 1396 51 41 vi

384 1431 151 34 debimus
494 1431 82 34 et
535 1431 96 34 non
590 1431 137 34 potest
686 1431 110 34 dare
754 1431 164 34 secundum
878 1431 110 34 quia
932 1431 69 34 cum

389 1459 127 34 vterque
482 1459 81 34 sit
528 1459 104 34 visio
597 1459 104 34 verbi
666 1459 150 34 cresceret
781 1459 150 34 beatifica
885 1459 115 34 cognitio

390 1488 59 32 et
420 1488 69 32 per
459 1488 138 32 consequens
567 1488 128 32 beatitudo
666 1488 79 32 quod
715 1488 69 32 non
755 1488 108 32 videtur
834 1488 99 32 dandum
902 1488 59 32 et
922 1488 79 32 iterum

382 1515 88 34 ibi
433 1515 125 34 ponere
520 1515 88 34 tot
570 1515 213 34 similitudines
746 1515 113 34 simul
821 1515 75 34 in
846 1515 150 34 intellectu

387 1546 89 33 cum
438 1546 127 33 melius
527 1546 140 33 saluari
629 1546 127 33 possit
719 1546 89 33 per
770 1546 102 33 vnam
833 1546 166 33 increatam
948 1546 51 33 vi

384 1561 110 46 detur
457 1561 171 46 superfiuum
592 1561 159 46 similiter
714 1561 110 46 sicut
787 1561 159 46 aliquando
897 1561 98 46 haberm

392 1600 113 32 plures
471 1600 181 32 congnitiones
618 1600 158 32 beatificas
742 1600 68 32 et
776 1600 147 32 quandoque
878 1600 124 32 pauciores

387 1623 153 40 sichaberet
508 1623 143 40 quandoque
617 1623 110 40 plures
694 1623 186 40 delectationes
848 1623 66 40 et
880 1623 143 40 quandoque

383 1678 70 39 si
418 1678 105 39 visio
489 1678 105 39 verbi
559 1678 105 39 esset
629 1678 105 39 actus
699 1678 164 39 distinctus
828 1678 58 39 a
851 1678 105 39 verbo
921 1678 94 39 tunc
968 1678 35 39 a

384 1712 94 35 nima
443 1712 130 35 Christi
537 1712 82 35 non
585 1712 118 35 posset
667 1712 118 35 habere
750 1712 82 35 tam
797 1712 153 35 perfectam
903 1712 94 35 notici

383 1740 76 35 am
421 1740 76 35 de
459 1740 126 35 aliqua
547 1740 151 35 creatura
661 1740 76 35 in
699 1740 126 35 genere
787 1740 139 35 proprio
888 1740 113 35 sicut
951 1740 50 35 a-

385 1769 89 35 nima
441 1769 89 35 lini
497 1769 145 35 supposito
608 1769 89 35 quod
664 1769 89 35 sint
720 1769 123 35 equales
809 1769 67 35 in
832 1769 168 35 natumranlibus

392 1799 141 32 consequentia
507 1799 106 32 probatur
587 1799 71 32 quia
631 1799 53 32 vt
657 1799 80 32 patet
710 1799 62 32 per
746 1799 124 32 magistrum.
843 1799 71 32 iii.
878 1799 124 32 sententiarum

390 1826 94 33 anima
452 1826 115 33 Christi
536 1826 94 33 habet
598 1826 157 33 clarissimam
724 1826 73 33 dei
765 1826 125 33 visionem
859 1826 94 33 cuius
922 1826 73 33 est
953 1826 42 33 ca

384 1850 80 40 pax
429 1850 80 40 sed
475 1850 80 40 cum
521 1850 183 40 intensissima
669 1850 160 40 cognitione
795 1850 80 40 non
840 1850 91 40 stat
897 1850 68 40 in
920 1850 80 40 eadem

403 1882 132 34 potentia
502 1882 88 34 alia
557 1882 132 34 cognitio
656 1882 176 34 intensissima
798 1882 88 34 quia
853 1882 88 34 pari
897 1882 99 34 ratione

384 1900 108 45 staret
460 1900 108 45 tertia
535 1900 65 45 et
567 1900 118 45 quarta.
653 1900 65 45 et
686 1900 75 45 sic
729 1900 86 45 fine
783 1900 118 45 stantum
869 1900 108 45 Iterum
933 1900 65 45 quia

384 1942 154 30 experimur
502 1942 95 30 quod
562 1942 106 30 venea
632 1942 142 30 cognitio
739 1942 106 30 circa
810 1942 142 30 obiectum
904 1942 95 30 multum

387 1967 143 35 plancens
495 1967 143 35 remittit
602 1967 179 35 cognitionem
745 1967 84 35 que
793 1967 84 35 est
841 1967 107 35 circa
912 1967 107 35 aliud

386 1987 77 40 vel
430 1987 77 40 eam
474 1987 144 40 totaliter
585 1987 155 40 suspendit.
729 1987 88 40 Item
784 1987 155 40 augustinus
895 1987 100 40 septimo

387 2022 93 47 super
448 2022 113 47 genesim
531 2022 62 47 ad
562 2022 93 47 ltram
624 2022 72 47 ca.
665 2022 72 47 2v.
706 2022 93 47 dicit
768 2022 82 47 quod
819 2022 124 47 potentie
912 2022 93 47 anime
974 2022 62 47 in

995 235 129 55 actibus
1089 235 94 55 suis
1147 235 105 55 mutuo
1217 235 70 55 se
1253 235 152 55 impediunt
1369 235 117 55 igitur
1451 235 58 55 a
1475 235 140 55 fortiori
1568 235 47 55 a-

995 277 97 39 ctus
1055 277 145 39 intensus
1164 277 133 39 eiusdem
1261 277 145 39 potentie
1370 277 133 39 impedit
1455 277 157 39 intensionem

1003 310 128 32 alterius
1099 310 75 32 cum
1142 310 85 32 ipso
1195 310 107 32 igitur
1270 310 96 32 anima
1334 310 117 32 Christi
1419 310 107 32 habens
1483 310 128 32 intensiuam

1002 336 187 35 beatitudinem
1154 336 105 35 cuius
1224 336 82 35 est
1271 336 105 35 capax
1341 336 70 35 si
1376 336 128 35 habebit
1457 336 152 35 cognitionem

1002 359 125 36 creature
1095 359 62 36 in
1127 359 104 36 genere
1199 359 115 36 proprio
1283 359 73 36 ita
1324 359 135 36 perfectam
1429 359 94 36 sicut
1491 359 83 36 ipsa
1533 359 83 36 potest

1001 395 85 31 hare
1054 395 95 31 anima
1118 395 85 31 lini
1171 395 85 31 sibi
1224 395 74 31 per
1266 395 95 31 omnia
1329 395 116 31 equalis
1414 395 63 31 in
1446 395 159 31 naturalibus
1562 395 53 31 cum

992 419 127 41 remissa
1085 419 81 41 sua
1131 419 161 41 beatitudie
1258 419 150 41 oportebit
1373 419 127 41 remitit
1454 419 161 41 beatitudinem

1001 451 100 33 anime
1067 451 122 33 Christi
1156 451 89 33 quod
1212 451 78 33 est
1256 451 189 33 inconueniens.
1411 451 111 33 Tertio
1478 451 133 33 augustinus

1002 472 102 38 super
1070 472 125 38 genesim
1160 472 113 38 octauo
1240 472 68 38 ad
1274 472 102 38 ltram
1342 472 79 38 ca.
1387 472 91 38 xii.
1444 472 68 38 de
1478 472 125 38 magenis
1557 472 57 38 vel

998 506 128 34 xxxtiiii
1094 506 64 34 oe
1126 506 106 34 paruis
1200 506 138 34 ostendens
1307 506 117 34 quomodo
1392 506 159 34 diuersimode
1509 506 106 34 loquitur

1002 532 80 33 deus
1052 532 140 33 creatitris
1162 532 90 33 super
1222 532 90 33 illud
1282 532 110 33 genesis
1363 532 110 33 secundo
1443 532 130 33 quacumque
1543 532 70 33 die
1573 532 40 33 co

1002 559 124 34 mederitis
1098 559 77 34 etc.
1146 559 57 34 si
1175 559 86 34 modum
1232 559 96 34 inquit
1299 559 124 34 quaerimus
1395 559 105 34 quomodo
1471 559 105 34 locutus
1548 559 67 34 sit
1577 559 38 34 de

1005 587 68 35 us
1039 587 159 35 certissime
1163 587 113 35 tenere
1243 587 125 35 debemus
1334 587 91 35 deum
1390 587 79 35 aut
1436 587 79 35 per
1470 587 147 35 substantiam

996 618 87 33 suam
1050 618 98 33 loqui
1116 618 76 33 aut
1159 618 76 33 per
1202 618 141 33 subiectam
1311 618 87 33 sibi
1365 618 119 33 creatum
1452 618 76 33 ram
1496 618 76 33 sed
1539 618 65 33 si
1561 618 54 33 per

1000 647 186 28 substantiam
1148 647 99 28 suar
1210 647 99 28 nisi
1272 647 74 28 ad
1309 647 148 28 creandas
1420 647 111 28 omnes
1482 647 136 28 creaturas

1001 672 186 35 spirituales
1149 672 124 35 nostre
1236 672 111 35 atque
1310 672 223 35 intellectuales
1496 672 87 35 non
1533 672 87 35 solum

1004 701 150 37 creandas
1116 701 87 37 sed
1166 701 112 37 etiam
1241 701 200 37 illuminandas
1403 701 87 37 cum
1453 701 100 37 ille
1503 701 112 37 possint

1001 728 116 34 capere
1083 728 162 34 locutionem
1210 728 93 34 eius
1268 728 116 34 qualis
1349 728 81 34 est
1396 728 70 34 in
1430 728 104 34 verbo
1500 728 93 34 eius
1546 728 70 34 quod

998 753 59 36 i
1022 753 154 36 principio
1141 753 95 36 apud
1200 753 95 36 deum
1260 753 119 36 eratur
1343 753 71 36 et
1378 753 95 36 deus
1438 753 95 36 erat
1497 753 119 36 verbum
1568 753 48 36 et

1007 785 98 37 post
1068 785 123 37 igitur
1154 785 74 37 si
1191 785 98 37 adam
1252 785 98 37 tunc
1313 785 98 37 erat
1375 785 123 37 posset
1461 785 123 37 capere
1534 785 86 37 istam

1001 811 156 39 locutionem
1124 811 78 39 dei
1168 811 89 39 quam
1224 811 134 39 mentibus
1325 811 145 39 angelicis
1436 811 112 39 prebet
1515 811 78 39 per
1548 811 67 39 suam

1002 840 136 35 substantiam
1111 840 64 35 hec
1147 840 73 35 ille
1192 840 54 35 ex
1220 840 64 35 hoc
1256 840 82 35 patet
1310 840 127 35 propositum
1410 840 109 35 scilicet
1492 840 73 35 quod
1537 840 64 35 dei
1565 840 54 35 sub-

1009 870 120 33 stantia
1096 870 76 33 sit
1140 870 120 33 angelis
1228 870 142 33 cognitio.
1337 870 109 33 Quarto
1413 870 66 33 si
1446 870 120 33 aliquid
1523 870 87 33 obsta-

1002 893 75 38 ret
1045 893 75 38 hoc
1088 893 107 38 maxime
1162 893 85 38 siue
1216 893 139 38 potissime
1322 893 117 38 videtur
1408 893 85 38 quod
1461 893 75 38 non
1504 893 107 38 posset
1568 893 53 38 sal

1008 923 78 35 uari
1057 923 78 35 tunc
1106 923 78 35 quod
1154 923 78 35 vnus
1203 923 97 35 beatus
1271 923 107 35 clarius
1349 923 127 35 videretut
1447 923 78 35 quam
1495 923 97 35 alius.
1554 923 68 35 falsi

1011 955 79 32 tas
1056 955 135 32 probatur
1157 955 90 32 quia
1213 955 90 32 eque
1270 955 146 32 faciliter
1382 955 158 32 saluabitur
1506 955 79 32 hoc
1540 955 79 32 sicut

1010 982 106 37 siritus
1087 982 125 37 sanctusit
1183 982 115 37 charitas
1270 982 86 37 anime
1327 982 58 37 vt
1356 982 86 37 dicit
1414 982 115 37 magister
1500 982 58 37 in
1529 982 58 37 eo
1558 982 58 37 et
1577 982 48 37 tam

1014 1009 89 34 venus
1073 1009 69 34 est
1113 1009 109 34 charior
1192 1009 69 34 deo
1232 1009 79 34 quam
1281 1009 89 34 alius
1340 1009 99 34 igitur
1409 1009 79 34 etc.
1479 1009 79 34 Deus
1528 1009 69 34 est
1558 1009 59 34 sun-

1005 1037 76 36 me
1043 1037 139 36 presens
1145 1037 215 36 intellectibus
1322 1037 127 36 beatis
1410 1037 89 36 per
1461 1037 152 36 illapsum
1562 1037 51 36 et

1011 1068 88 30 ipse
1066 1068 77 30 est
1110 1068 132 30 cognitio
1209 1068 99 30 quare
1275 1068 77 30 non
1320 1068 121 30 poterit
1408 1068 77 30 ita
1452 1068 88 30 bene
1507 1068 88 30 esse
1551 1068 66 30 tali

1017 1095 144 32 itellectui
1130 1095 113 32 creatio
1213 1095 83 32 esse
1264 1095 124 32 cognitio
1357 1095 93 32 sicut
1419 1095 83 32 vnus
1471 1095 93 32 actus
1522 1095 93 32 creatus

1012 1119 81 37 qui
1059 1119 81 37 non
1105 1119 104 37 esset
1174 1119 127 37 intimus
1267 1119 69 37 ei
1301 1119 139 37 presens.
1428 1119 104 37 Sexto
1498 1119 104 37 quare
1555 1119 58 37 non

1011 1151 119 37 poterit
1097 1151 75 37 ita
1141 1151 86 37 bene
1195 1151 108 37 praoni
1270 1151 119 37 dnerbum
1356 1151 129 37 supplere
1453 1151 97 37 vicem
1507 1151 108 37 alicuius

1015 1178 111 37 creati
1092 1178 100 37 sicut
1159 1178 100 37 vicem
1225 1178 122 37 speciei
1313 1178 77 37 nec
1358 1178 88 37 itam
1413 1178 133 37 perfecte
1501 1178 122 37 represen-

1009 1207 122 34 tabit.
1119 1207 134 34 Septimo
1217 1207 98 34 tunc
1278 1207 122 34 beatus
1363 1207 86 34 per
1412 1207 110 34 talem
1486 1207 110 34 actum
1547 1207 73 34 pos-

1015 1236 82 32 set
1062 1236 129 32 aliquid
1156 1236 129 32 nouiter
1250 1236 164 32 cognoscere
1379 1236 70 32 in
1415 1236 117 32 verbo.
1497 1236 70 32 et
1532 1236 82 32 ita
1567 1236 59 32 pos

1016 1258 80 37 set
1061 1258 148 37 proficere
1175 1258 68 37 in
1209 1258 159 37 cognitione
1334 1258 171 37 creaturarum
1471 1258 68 37 eo
1505 1258 91 37 quod
1562 1258 80 37 non

1014 1291 168 35 cognoscit
1143 1291 116 35 simul
1221 1291 91 35 per
1273 1291 116 35 talem
1350 1291 116 35 actum
1428 1291 116 35 omnia
1493 1291 129 35 cognosci

1016 1317 109 35 bilia
1089 1317 145 35 falsitas
1197 1317 145 35 probatur
1306 1317 97 35 quia
1367 1317 97 35 tunc
1427 1317 121 35 posset
1500 1317 121 35 profice-

1013 1337 61 45 re
1043 1337 61 45 in
1074 1337 92 45 amore
1135 1337 72 45 dei
1176 1337 61 45 et
1207 1337 72 45 per
1248 1337 143 45 consequens
1360 1337 61 45 in
1391 1337 153 45 beatitudine
1514 1337 82 45 quia
1554 1337 72 45 quan-

1011 1376 74 34 to
1048 1376 99 34 deus
1109 1376 99 34 plus
1171 1376 111 34 facit
1245 1376 86 34 pro
1295 1376 123 34 aliquo
1381 1376 111 34 tanto
1455 1376 99 34 plus
1505 1376 123 34 tenentur

1013 1400 68 37 eum
1052 1400 117 37 diligere
1140 1400 58 37 id
1169 1400 68 37 est
1208 1400 117 37 falsitas
1295 1400 88 37 patet
1354 1400 126 37 perbeatum
1451 1400 146 37 augustinum.
1558 1400 68 37 iiis.

1016 1432 181 32 confessionum
1163 1432 136 32 capitulo
1265 1432 113 32 octauo
1345 1432 79 32 vbi
1390 1432 125 32 loquens
1481 1432 68 32 de
1503 1432 125 32 scientiis

1014 1459 174 33 secularibus
1153 1459 104 33 dicit
1246 1459 127 33 Infelix
1338 1459 93 33 homo
1396 1459 93 33 deus
1454 1459 81 33 qui
1500 1459 93 33 scit
1547 1459 69 33 ista

1008 1485 103 35 omnia
1076 1485 69 35 te
1111 1485 103 35 autem
1180 1485 115 35 nescit
1260 1485 80 35 qui
1306 1485 92 35 vero
1363 1485 69 35 te
1398 1485 69 35 et
1432 1485 92 35 ista
1490 1485 103 35 nouit
1559 1485 80 35 non

1013 1516 127 35 propter
1106 1516 92 35 ista
1163 1516 127 35 beatior
1255 1516 81 35 sed
1301 1516 127 35 propter
1394 1516 69 35 te
1428 1516 104 35 solum
1497 1516 115 35 beatus
1566 1516 58 35 est

1013 1533 130 45 Octauo.
1108 1533 119 45 2xiii.
1191 1533 71 45 de
1227 1533 166 45 trinitatem
1357 1533 142 45 capitulo
1464 1533 130 45 septimo
1559 1533 71 45 de
1583 1533 47 45 ma

1004 1573 95 35 gnis
1064 1573 83 35 vel
1111 1573 107 35 xiii.
1183 1573 60 35 e
1206 1573 119 35 paruis
1290 1573 131 35 loquens
1385 1573 71 35 de
1421 1573 167 35 felicitate
1540 1573 83 35 dicit

1012 1592 61 39 et
1042 1592 81 39 quod
1093 1592 71 39 est
1133 1592 101 39 omnino
1204 1592 152 39 beatissimum
1326 1592 71 39 ita
1366 1592 101 39 semper
1437 1592 91 39 forte
1498 1592 101 39 certum
1558 1592 61 39 erit

1016 1629 99 32 igitur
1085 1629 99 32 beatus
1154 1629 69 32 per
1194 1629 79 32 suum
1243 1629 89 32 actum
1303 1629 109 32 quantum
1382 1629 69 32 est
1421 1629 59 32 de
1451 1629 109 32 ratione
1530 1629 89 32 actus
1579 1629 40 32 co

1008 1645 126 45 gnoscit
1099 1645 92 45 suam
1157 1645 172 45 securitatem
1295 1645 115 45 igitur
1375 1645 69 45 de
1409 1645 126 45 ratione
1501 1645 103 45 actus
1559 1645 57 45 bea

1012 1688 104 30 tifici
1085 1688 73 30 est
1126 1688 84 30 quod
1179 1688 73 30 per
1220 1688 94 30 ipsum
1283 1688 157 30 cognoscitur
1408 1688 115 30 aliquid
1492 1688 94 30 aliud
1554 1688 52 30 a
1565 1688 52 30 deo

1006 1710 68 33 et
1040 1710 79 33 qua
1085 1710 136 33 rantione
1187 1710 91 33 vnum
1244 1710 91 33 pari
1300 1710 125 33 ratione
1391 1710 147 33 quodlibet
1493 1710 136 33 cognoscibi

1013 1738 57 34 le
1042 1738 57 34 et
1071 1738 67 34 per
1109 1738 134 34 consequens
1214 1738 67 34 est
1253 1738 153 34 perfectionis
1377 1738 57 34 in
1406 1738 96 34 finite
1473 1738 96 34 igitur
1540 1738 67 34 est
1569 1738 57 34 deus

1005 1760 105 40 Nono
1070 1760 144 40 aliquod
1175 1760 209 40 cognoscibile
1345 1760 91 40 non
1397 1760 144 40 poetest
1488 1760 131 40 cognosci

1004 1796 63 32 in
1036 1796 95 32 verbo
1099 1796 116 32 visione
1184 1796 137 32 beatifica
1289 1796 63 32 et
1321 1796 74 32 non
1363 1796 74 32 est
1405 1796 95 32 maior
1468 1796 105 32 ration
1542 1796 63 32 de
1563 1796 53 32 vno

1010 1823 75 36 quam
1056 1823 56 36 de
1085 1823 75 36 alio
1131 1823 94 36 igitur
1197 1823 75 36 etc.
1244 1823 131 36 Antecedens
1347 1823 112 36 probatur
1431 1823 75 36 quia
1478 1823 66 36 non
1515 1823 75 36 stat
1552 1823 66 36 simul

1004 1852 137 32 aliquem
1103 1852 125 32 habere
1191 1852 150 32 visionem
1303 1852 175 32 beatificam
1440 1852 75 32 et
1465 1852 150 32 cognoscere

1010 1881 74 32 se
1047 1881 87 32 non
1096 1881 99 32 esse
1158 1881 124 32 beatum
1245 1881 124 32 igitur
1332 1881 99 32 etc.
1394 1881 149 32 Preterea
1493 1881 124 32 anselmus

1005 1910 73 31 de
1041 1910 122 31 libero
1127 1910 86 31 ar.
1176 1910 98 31 cap.
1237 1910 98 31 vii.
1298 1910 159 31 Quodlibet
1420 1910 196 31 cognoscibile
1567 1910 49 31 co

1001 1930 176 44 gnoscitur
1137 1930 95 44 sua
1191 1930 149 44 propria
1299 1930 203 44 cognitione.
1488 1930 81 44 Ad
1515 1930 108 44 primum

999 1962 173 40 conceditur
1134 1962 99 40 quam
1196 1962 111 40 praer
1270 1962 123 40 eundem
1356 1962 111 40 actum
1430 1962 136 40 creatum
1516 1962 99 40 potest

1007 1991 149 35 cognosci
1119 1991 124 35 verbum
1206 1991 75 35 et
1243 1991 124 35 aliqua
1330 1991 149 35 creatura
1442 1991 87 35 vel
1492 1991 112 35 multe
1554 1991 62 35 non

982 2022 116 41 tamen
1060 2022 142 41 oportet
1163 2022 104 41 quod
1228 2022 116 41 omnes
1306 2022 168 41 distincte
1435 2022 91 41 nec
1487 2022 116 41 etiam
1551 2022 65 41 per
