1792 2500
248 229 129 54 lumini.
342 229 59 54 ⁋
366 229 70 54 Ad
401 229 129 54 quartum
495 229 129 54 dicitur
588 229 94 54 quod
647 229 82 54 ibi
694 229 129 54 capitur
776 229 94 54 contra

248 278 122 35 rietas
333 278 109 35 valde
406 278 109 35 large
479 278 146 35 secundum
588 278 85 35 hoc
637 278 97 35 quod
698 278 146 35 repugnet
795 278 73 35 idem

252 304 118 41 simul
330 304 105 41 esse
396 304 118 41 magis
474 304 118 41 album
553 304 79 41 et
592 304 118 41 nimus
671 304 118 41 album
749 304 79 41 et
775 304 92 41 talis

252 336 202 34 repugnantia
413 336 121 34 etiam
494 336 175 34 reperitur
628 336 81 34 in
668 336 188 34 quantitate
803 336 67 34 ma-

249 364 99 33 iore
311 364 74 33 et
348 364 124 33 minore
435 364 87 33 vbi
484 364 112 33 tamen
559 364 87 33 est
608 364 99 33 vera
658 364 186 33 contrarietas.

247 397 62 33 ⁋
271 397 74 33 Ad
309 397 136 33 quintum
408 397 136 33 dicitur
507 397 99 33 quod
569 397 87 33 non
618 397 136 33 oportet
717 397 124 33 semper
792 397 74 33 spem

245 422 201 40 perfectiorem
409 422 101 40 esse
472 422 201 40 simpliciorem
635 422 75 40 vt
673 422 113 40 patet
735 422 126 40 comparam

247 450 77 35 do
286 450 142 35 hominem
389 450 77 35 ad
427 450 103 35 igne
492 450 90 35 vel
543 450 142 35 terram.
646 450 64 35 ⁋
672 450 77 35 Ad
711 450 129 35 sextum
788 450 77 35 con-

242 477 97 39 cedo
303 477 97 39 quod
363 477 97 39 deus
424 477 97 39 bene
485 477 122 39 potest
570 477 122 39 augere
655 477 146 39 visionem
753 477 109 39 beatifi

250 509 78 35 cam
295 509 67 35 et
328 509 89 35 quod
384 509 89 35 ipsa
440 509 78 35 est
485 509 168 35 diuisibilis
619 509 67 35 in
652 509 145 35 infinitas
753 509 112 35 visiones

243 530 89 39 dei
294 530 89 39 nec
345 530 89 39 est
396 530 204 39 inconueniens
562 530 76 39 ad
600 530 89 39 eam
651 530 115 39 posse
727 530 102 39 esse
778 530 89 39 motum

250 564 65 38 ⁋
276 564 78 38 Et
315 564 91 38 per
367 564 91 38 hoc
420 564 117 38 patet
498 564 78 38 ad
537 564 157 38 septimum
654 564 104 38 quia
706 564 157 38 conceditur

254 596 87 36 quod
309 596 98 36 visio
374 596 153 36 corporalis
494 596 76 36 est
538 596 164 36 diuisibilis
669 596 76 36 vel
712 596 76 36 per
756 596 98 36 motum
810 596 55 36 ocu

243 625 74 34 li
280 625 86 34 vel
329 625 86 34 per
378 625 185 34 successiuam
526 625 210 34 dispositionem
699 625 99 34 medi
760 625 86 34 vel
797 625 62 34 per

244 652 176 35 amotionem
380 652 163 35 impediti
502 652 95 35 vel
556 652 95 35 per
610 652 203 35 successiuam
760 652 108 35 augmen

243 680 155 33 tationem
359 680 155 33 alicuius
475 680 168 33 requisiti
604 680 77 33 ad
643 680 206 33 perfectionem
798 680 64 33 vi-

243 706 124 37 sionem
329 706 149 37 habendam
441 706 74 37 et
478 706 87 37 sic
528 706 74 37 de
565 706 161 37 similibus
689 706 124 37 causis
776 706 62 37 ⁋
789 706 74 37 Item

243 736 130 37 species
338 736 71 37 in
373 736 106 37 medio
444 736 83 37 non
491 736 83 37 est
538 736 201 37 indiuisibilis
704 736 83 37 nec
739 736 130 37 extensiue

247 770 92 33 nec
299 770 184 33 intensiue.
444 770 66 33 ⁋
470 770 79 33 Ad
509 770 144 33 octauum
614 770 144 33 negatur
706 770 157 33 antecedens

246 794 87 36 vna
295 794 87 36 cum
345 794 174 36 probatione
482 794 137 36 oportet
581 794 99 36 enim
643 794 99 36 quod
705 794 99 36 illa
768 794 87 36 que
805 794 62 36 con

251 826 121 30 ueniunt
339 826 66 30 in
372 826 132 30 conceptu
472 826 143 30 specifico
582 826 177 30 substantiali
726 826 66 30 et
748 826 110 30 absoluto

248 851 123 38 speciei
337 851 190 38 specialissime
493 851 89 38 sint
549 851 145 38 simillima
661 851 78 38 vel
695 851 168 38 essentialiter

252 883 92 32 vel
304 883 79 32 ex
344 883 170 32 similibus
475 883 184 32 composita.
619 883 66 32 ⁋
645 883 79 32 Ad
684 883 118 32 nonum
750 883 118 32 respon-

250 909 81 33 det
297 909 93 33 okam
355 909 93 33 quod
413 909 93 33 ille
471 909 128 33 arguens
564 909 93 33 male
621 909 186 33 intelligeret
761 909 104 33 articu-

251 940 85 31 lum
299 940 97 31 quia
360 940 158 31 articulus
482 940 85 31 est
530 940 121 31 contra
615 940 109 31 illos
688 940 85 31 qui
724 940 134 31 posuerunt

253 970 92 31 vnam
310 970 115 31 animam
390 970 80 31 non
436 970 103 31 posse
505 970 92 31 esse
563 970 161 31 nobiliorem
689 970 92 31 alia
746 970 92 31 nisi
792 970 69 31 pro-

247 992 103 47 pter
311 992 141 47 maiorem
414 992 206 47 perfectionem
581 992 154 47 corporum
697 992 90 47 vel
748 992 103 47 nisi
800 992 64 47 es-

245 1026 107 35 sent
312 1026 188 35 diuersarum
459 1026 174 35 specierum
594 1026 107 35 quod
661 1026 121 35 esset
728 1026 134 35 erroneum

244 1055 97 30 quia
305 1055 109 30 anima
378 1055 134 30 Christi
475 1055 122 30 quando
560 1055 97 30 erat
621 1055 146 30 separata
730 1055 97 30 erat
779 1055 85 30 nobi-

253 1079 98 40 lior
314 1079 110 40 anima
387 1079 98 40 iude
448 1079 73 40 et
485 1079 110 40 tamen
558 1079 86 40 non
607 1079 98 40 fuit
668 1079 110 40 vnita
730 1079 134 40 nobiliori

249 1110 131 34 corpori
345 1110 84 34 nec
392 1110 96 34 fuit
452 1110 143 34 alterius
559 1110 131 34 speciei
655 1110 84 34 sed
703 1110 84 34 non
739 1110 119 34 sequitur

252 1140 80 34 est
297 1140 136 34 nobilior
399 1140 114 34 igitur
479 1140 80 34 est
524 1140 80 34 sic
570 1140 136 34 nobilior
672 1140 80 34 sed
717 1140 80 34 est
751 1140 114 34 fallacia

247 1166 208 33 consequentis
416 1166 156 33 sequitur
533 1166 104 33 enim
599 1166 182 33 econuerso.
742 1166 65 33 ⁋
768 1166 78 33 Ad
794 1166 65 33 cu-

251 1194 85 35 ius
299 1194 182 35 intellectum
445 1194 146 35 notandum
555 1194 97 35 quod
616 1194 85 35 hec
664 1194 97 35 sunt
725 1194 109 35 verba
786 1194 85 35 arti-

252 1219 86 39 culi
306 1219 97 39 sicut
371 1219 108 39 iacent
447 1219 130 39 capitulo
544 1219 108 39 octauo
620 1219 119 39 articu.
706 1219 65 39 23
738 1219 86 39 quod
782 1219 86 39 incon-

251 1250 134 34 ueniens
348 1250 85 34 est
397 1250 122 34 ponere
483 1250 110 34 alios
556 1250 183 34 intellectus
702 1250 171 34 nobiliores
824 1250 37 34 a

246 1280 97 38 liis
306 1280 97 38 quia
367 1280 85 38 cum
416 1280 97 38 ista
476 1280 170 38 diuersitas
609 1280 85 38 non
658 1280 121 38 possit
743 1280 97 38 esse
791 1280 73 38 apte

241 1310 147 34 corporum
351 1310 135 34 oportet
449 1310 98 34 quod
510 1310 86 34 sit
560 1310 61 34 a
584 1310 110 34 parte
645 1310 221 34 intelligentiarum

253 1338 71 35 et
289 1338 82 35 sic
336 1338 106 35 anime
406 1338 130 35 nobiles
501 1338 71 35 et
536 1338 153 35 innobiles
654 1338 165 35 necessario
772 1338 94 35 essent

245 1364 171 36 diuersarum
379 1364 159 36 specierum
501 1364 110 36 sicut
575 1364 208 36 intelligentie
746 1364 110 36 error
807 1364 61 36 sic

247 1392 96 36 anima
312 1392 118 36 Christi
397 1392 75 36 non
440 1392 96 36 esset
505 1392 129 36 nobilior
601 1392 96 36 anima
665 1392 86 36 iude
719 1392 75 36 hec
762 1392 86 36 ille
815 1392 54 36 ⁋
826 1392 43 36 Ex

243 1428 120 26 quibus
327 1428 120 26 verbis
412 1428 108 26 patet
484 1428 84 26 vbi
532 1428 96 26 bene
592 1428 108 26 dicit
664 1428 96 26 okam
725 1428 96 26 quod
785 1428 72 26 in
809 1428 60 26 ar-

241 1449 146 38 gumento
347 1449 93 38 est
400 1449 159 38 fallacia
519 1449 212 38 consequentis
692 1449 93 38 vbi
731 1449 133 38 aduerten

240 1479 81 34 dum
287 1479 81 34 est
333 1479 92 34 quod
390 1479 69 34 si
425 1479 150 34 teneretur
540 1479 150 34 sententia
655 1479 138 34 communis
748 1479 115 34 doctorum

242 1509 77 30 et
281 1509 154 30 multorum
396 1509 141 30 aliorum
499 1509 90 30 que
550 1509 192 30 permittitur
704 1509 115 30 licet
768 1509 90 30 falsa

244 1535 139 34 scilicet
349 1535 93 34 quod
406 1535 173 34 intellectus
545 1535 81 34 sit
591 1535 139 34 accidens
696 1535 104 34 anime
753 1535 116 34 intelle-

241 1570 104 27 ctiue
311 1570 139 27 realiter
415 1570 69 27 ab
450 1570 93 27 ipsa
507 1570 162 27 distinctum
635 1570 93 27 tunc
693 1570 104 27 patet
762 1570 93 27 quod
808 1570 58 27 sub

245 1595 133 35 stantiis
345 1595 133 35 animarum
444 1595 166 35 exesentibus
577 1595 210 35 substantialiter
743 1595 122 35 equalibus

244 1625 114 35 posset
324 1625 103 35 sicut
392 1625 137 35 placeret
495 1625 80 35 deo
541 1625 160 35 perfectior
667 1625 172 35 intellectus
792 1625 69 35 fie-

245 1650 63 32 ri
277 1650 63 32 in
309 1650 74 32 vna
351 1650 84 32 quam
404 1650 63 32 in
436 1650 84 32 alia
488 1650 74 32 nec
531 1650 137 32 oporteret
636 1650 63 32 ad
668 1650 74 32 hoc
710 1650 84 32 quod
763 1650 84 32 vnus
805 1650 53 32 in-

248 1675 151 34 tellectus
365 1675 105 34 esset
435 1675 140 34 nobilior
539 1675 93 34 alio
597 1675 93 34 quod
656 1675 81 34 vna
702 1675 105 34 anima
760 1675 105 34 intelle

244 1704 104 38 ctiua
314 1704 104 38 esset
383 1704 127 38 diuerse
475 1704 127 38 speciei
567 1704 196 38 substantialis
728 1704 69 38 ab
762 1704 92 38 alia
808 1704 58 38 vel

247 1733 79 35 vna
292 1733 135 35 nobilior
393 1733 90 35 alia
449 1733 101 35 sicut
517 1733 79 35 non
562 1733 124 35 oportet
651 1733 90 35 quod
696 1733 169 35 intellectibus

245 1763 160 36 equalibus
368 1763 99 36 sint
430 1763 197 36 beatitudines
590 1763 136 36 equales
688 1763 74 36 vt
725 1763 111 36 patet
799 1763 86 36 per

244 1798 112 30 alium
318 1798 162 30 articulum
443 1798 200 30 condemnantem
605 1798 87 30 hoc
655 1798 100 30 quod
717 1798 112 30 pares
792 1798 75 30 in
817 1798 50 30 na

249 1824 162 34 turalibus
373 1824 87 34 non
423 1824 137 34 possunt
523 1824 100 34 esse
585 1824 137 34 impares
685 1824 75 34 in
710 1824 150 34 beatitudi-

243 1852 117 32 nibus
321 1852 91 32 sed
373 1852 157 32 habentes
491 1852 143 32 meliora
595 1852 170 32 naturalia
726 1852 130 32 semper
804 1852 52 32 ha

251 1880 97 33 bent
312 1880 146 33 meliorem
421 1880 195 33 beatitudinem
580 1880 97 33 quod
641 1880 85 33 est
689 1880 110 33 error
763 1880 85 33 ita
799 1880 61 33 est

252 1908 138 32 diceretur
359 1908 85 32 quod
412 1908 64 32 si
444 1908 96 32 anima
507 1908 117 32 Christi
592 1908 117 32 haberet
677 1908 149 32 nobiliorem
784 1908 74 32 intel

246 1936 117 35 lectum
328 1936 93 35 quam
387 1936 105 35 anima
457 1936 93 35 iude
515 1936 140 35 nobilior
620 1936 105 35 esset
690 1936 93 35 ipsa
749 1936 70 35 et
772 1936 82 35 tamen

242 1967 82 32 non
289 1967 129 32 propter
383 1967 82 32 hoc
430 1967 106 32 esset
501 1967 141 32 alterius
607 1967 129 32 speciei
701 1967 82 32 nec
736 1967 118 32 excedens

250 1994 86 36 eam
299 1994 244 36 substantialiter.
506 1994 61 36 ⁋
531 1994 98 36 Alio
592 1994 98 36 modo
653 1994 122 36 posset
727 1994 134 36 intelligi

247 2017 162 39 articulus
371 2017 75 39 oe
409 2017 174 39 nobilitate
546 2017 125 39 maiori
633 2017 87 39 per
683 2017 100 39 dona
732 2017 125 39 virtutes

246 2051 72 33 et
282 2051 156 33 scientias
402 2051 72 33 et
438 2051 168 33 fruitionem
569 2051 72 33 et
605 2051 108 33 multa
677 2051 96 33 alia
737 2051 84 33 que
773 2051 84 33 tamen

247 2081 83 33 non
295 2081 72 33 se
331 2081 119 33 tenent
414 2081 72 33 ex
450 2081 107 33 parte
521 2081 143 33 corporis
629 2081 83 33 nec
676 2081 72 33 ex
712 2081 83 33 hoc
748 2081 119 33 sequitur

248 2107 82 45 quod
299 2107 72 45 vna
340 2107 72 45 sit
381 2107 194 45 substantialiter
544 2107 143 45 perfectior
657 2107 82 45 alia
708 2107 82 45 quia
759 2107 72 45 hec
789 2107 72 45 illa

887 237 85 46 tio
935 237 85 46 est
984 237 85 46 per
1032 237 109 46 alium
1104 237 157 46 articulum
1225 237 85 46 iam
1274 237 157 46 allegatum
1382 237 109 46 conden-

889 277 87 35 nata
943 277 119 35 tertius
1030 277 163 35 intellectus
1160 277 108 35 posset
1236 277 87 35 poni
1290 277 87 35 quod
1344 277 98 35 anima
1398 277 98 35 Christi

885 310 72 29 tam
926 310 62 29 in
957 310 145 29 substantia
1071 310 83 29 quam
1123 310 62 29 in
1154 310 124 29 potentia
1247 310 93 29 esset
1309 310 124 29 nobilior
1402 310 93 29 anima
1454 310 41 29 iu

881 335 68 37 de
915 335 90 37 quia
971 335 169 37 nobilitatur
1106 335 68 37 et
1140 335 158 37 sublimatur
1264 335 102 37 etiam
1332 335 68 37 in
1355 335 135 37 substantia

890 367 126 33 resistat
985 367 158 33 hypostatice
1111 367 105 33 diuina
1185 367 147 33 substantia
1301 367 116 33 filiali
1385 367 74 33 nec
1416 367 74 33 tamen

891 390 120 38 equitur
978 390 87 38 quod
1033 390 87 38 ipsa
1087 390 76 38 sit
1131 390 185 38 essentialiter
1284 390 164 38 perfectior.
1415 390 55 38 ⁋
1426 390 65 38 Quar

892 424 68 29 to
926 424 113 29 posset
1005 424 147 29 intelligi
1117 424 113 29 melior
1196 424 68 29 ex
1230 424 79 29 hoc
1275 424 90 29 quod
1332 424 124 29 haberet
1411 424 90 29 plures

887 451 129 35 gradus
977 451 142 35 eiusdem
1080 451 142 35 speciei
1183 451 77 35 et
1222 451 116 35 esset
1299 451 90 35 per
1338 451 154 35 consequens

891 479 174 35 compositio
1027 479 99 35 alia
1089 479 87 35 per
1139 479 112 35 modum
1213 479 87 35 quo
1263 479 87 35 vna
1313 479 174 35 causalitas
1449 479 75 35 in

880 509 82 34 sua
927 509 117 34 specie
1009 509 82 34 est
1056 509 164 34 perfectior
1185 509 82 34 est
1232 509 141 34 nobilior
1337 509 105 34 alia.
1407 509 59 34 ⁋
1431 509 94 34 Quin

887 537 69 29 to
921 537 92 29 modo
979 537 92 29 quod
1036 537 81 29 vna
1082 537 104 29 esset
1151 537 219 29 substantialiter
1335 537 161 29 perfectior
1450 537 46 29 a-

883 565 83 34 lia
931 565 71 34 et
966 565 107 34 tamen
1038 565 95 34 eque
1097 565 179 34 simpliciter
1240 565 83 34 vel
1288 565 167 34 simplicior
1419 565 71 34 et
1442 565 60 34 si-

884 592 75 31 ne
922 592 113 31 dubio
997 592 113 31 iuxta
1072 592 163 31 argumenta
1198 592 100 31 okam
1260 592 75 31 et
1298 592 113 31 scoti
1373 592 88 31 non
1410 592 88 31 video

888 622 92 36 quin
945 622 69 36 eo
979 622 92 36 ipso
1037 622 115 36 essent
1117 622 138 36 alterius
1220 622 126 36 speciei
1312 622 103 36 sicut
1381 622 92 36 ipsi
1427 622 69 36 argu

885 652 98 29 unt.
946 652 135 29 Treuius
1044 652 98 29 mihi
1105 652 135 29 apparet
1203 652 98 29 quod
1264 652 147 29 excessus
1362 652 135 29 nobilita-

885 678 80 32 tis
930 678 80 32 quo
976 678 103 32 anima
1044 678 126 32 Christi
1136 678 126 32 excedit
1227 678 114 32 animam
1307 678 91 32 iude
1364 678 137 32 secundum
1455 678 46 32 ar

886 711 134 33 ticulum
983 711 85 33 est
1032 711 73 33 in
1068 711 134 33 actibus
1166 711 109 33 anime
1239 711 73 33 in
1275 711 85 33 his
1324 711 85 33 vel
1372 711 122 33 aliquo
1445 711 49 33 eo

880 738 86 32 rum
929 738 86 32 que
978 738 196 32 contingenter
1137 738 86 32 vel
1186 738 221 32 accidentaliter
1370 738 98 32 sibi
1419 738 74 32 con-

887 765 157 33 ueniunt
1001 765 143 33 aliquo
1101 765 129 33 trium
1187 765 129 33 primo
1272 765 157 33 modorum
1387 765 86 33 et
1415 765 86 33 quia

889 791 122 37 primus
974 791 85 37 non
1023 791 85 37 est
1071 791 97 37 apud
1132 791 73 37 me
1169 791 109 37 verus
1242 791 109 37 licet
1315 791 85 37 sit
1363 791 122 37 opinio
1436 791 61 37 pro

886 817 150 41 babilis
996 817 109 41 Ideo
1064 817 164 41 secundus
1187 817 96 41 vel
1241 817 150 41 tertius
1351 817 123 41 modus
1419 817 82 41 mihi

886 850 202 33 verisimilior
1051 850 139 33 apparet
1152 850 101 33 vnde
1215 850 114 33 adhuc
1291 850 139 33 tenetur
1379 850 114 33 parisi-

889 880 73 31 us
925 880 61 31 a
949 880 121 31 multis
1034 880 157 31 reputatis
1155 880 97 31 quod
1216 880 109 31 anima
1288 880 85 31 non
1337 880 85 31 est
1373 880 121 31 secundum

891 908 170 31 ubstantiam
1025 908 146 31 nobilior
1134 908 85 31 aut
1183 908 170 31 ignobilior
1317 908 158 31 quacumque
1426 908 73 31 alia

885 937 96 36 anima
949 937 170 36 intellectiua
1088 937 64 36 et
1120 937 75 36 hic
1162 937 96 36 plane
1226 937 106 36 tenet.
1300 937 128 36 Magister
1396 937 106 36 sypim.
1460 937 32 36 d

893 964 132 38 naronis
989 964 108 38 libro
1060 964 132 38 tertio.
1156 964 72 38 q.
1192 964 60 38 4
1216 964 108 38 tamen
1288 964 96 38 quia
1348 964 108 38 infra
1407 964 96 38 eandem

882 995 100 28 spem
945 995 88 28 non
995 995 125 28 posset
1083 995 100 28 esse
1146 995 113 28 maius
1221 995 75 28 et
1259 995 113 28 minus
1334 995 100 28 nisi
1397 995 88 28 per
1434 995 63 28 gra

885 1021 79 33 dus
930 1021 125 33 eiusdem
1021 1021 79 33 rei
1066 1021 102 33 sicut
1134 1021 181 33 exemplificat
1281 1021 68 33 de
1315 1021 147 33 charitate
1417 1021 79 33 tamen

891 1050 94 35 quia
950 1050 141 35 excessus
1055 1050 70 35 in
1091 1050 129 35 talibus
1184 1050 164 35 indiuiduis
1302 1050 199 35 substantialibus

883 1075 63 40 et
915 1075 158 40 simplicibus
1042 1075 74 40 non
1084 1075 74 40 est
1126 1075 84 40 nisi
1179 1075 74 40 per
1221 1075 148 40 posteriora
1337 1075 63 40 se
1368 1075 74 40 cum
1411 1075 63 40 in
1432 1075 63 40 omni

886 1103 84 34 bus
934 1103 84 34 que
982 1103 96 34 sunt
1042 1103 72 34 de
1078 1103 144 34 essentia
1186 1103 96 34 sint
1245 1103 132 34 equalia
1341 1103 72 34 et
1377 1103 108 34 paria
1437 1103 60 34 po-

891 1136 132 35 teriora
987 1136 84 35 aut
1035 1136 167 35 aliquomodo
1166 1136 96 35 sunt
1226 1136 72 35 ei
1262 1136 191 35 accidentalia
1405 1136 96 35 igitur

889 1163 67 34 in
922 1163 213 34 substantialibus
1101 1163 145 34 nullomodo
1213 1163 134 34 excedunt
1314 1163 78 34 hec
1359 1163 101 34 ille.
1426 1163 56 34 ⁋
1437 1163 56 34 Hec

882 1193 118 34 media
960 1193 79 34 in
1000 1193 144 34 virtute
1104 1193 170 34 posuerunt
1235 1193 105 34 okam
1301 1193 79 34 et
1340 1193 92 34 sco
1392 1193 79 34 vt
1418 1193 79 34 habi

882 1224 81 31 tum
929 1224 81 31 est
975 1224 81 31 nec
1021 1224 104 31 valet
1090 1224 116 31 inquit
1171 1224 116 31 fugere
1252 1224 69 31 ad
1287 1224 173 31 intensionem
1426 1224 69 31 et
1449 1224 46 31 re

879 1248 178 37 missionem
1017 1248 151 37 graduum
1126 1248 124 37 infra
1209 1248 137 37 eandem
1305 1248 110 37 spem
1373 1248 110 37 quia
1428 1248 69 37 ani

877 1277 73 32 ma
913 1277 196 32 intellectiua
1072 1277 86 32 non
1121 1277 110 32 habet
1195 1277 73 32 in
1231 1277 73 32 se
1268 1277 110 32 tales
1341 1277 122 32 gradus
1414 1277 86 32 reali

882 1308 94 34 ter
935 1308 202 34 differentes
1097 1308 81 34 ex
1137 1308 135 34 quarum
1232 1308 162 34 pluribus
1339 1308 162 34 componatur

882 1337 170 40 perfectior
1016 1337 97 40 quam
1076 1337 109 40 minus
1149 1337 146 40 perfecta
1259 1337 109 40 primo
1332 1337 97 40 quia
1393 1337 97 40 tunc
1441 1337 49 40 es

883 1362 79 34 set
928 1362 168 34 diuisibilis
1062 1362 67 34 in
1096 1362 146 34 infinitum
1208 1362 101 34 sicut
1276 1362 146 34 continuum
1388 1362 90 34 quia
1444 1362 79 34 qui

877 1393 114 32 libet
953 1393 126 32 gradus
1042 1393 88 32 est
1092 1393 139 32 eiusdem
1193 1393 152 32 rationis
1307 1393 88 32 cum
1357 1393 101 32 tota
1408 1393 88 32 forma

885 1418 86 38 sed
934 1418 86 38 res
983 1418 135 38 eiusdem
1081 1418 147 38 rationis
1192 1418 123 38 habent
1278 1418 123 38 easdem
1364 1418 86 38 per
1413 1418 74 38 se
1438 1418 61 38 pas

877 1450 121 33 siones
962 1450 121 33 igitur
1047 1450 109 33 sicut
1119 1450 97 33 tota
1180 1450 109 33 forma
1253 1450 133 33 ponitur
1337 1450 158 33 diuisibilis

882 1476 76 37 in
920 1476 127 37 gradus
1010 1476 76 37 et
1048 1476 89 37 ita
1099 1476 153 37 quilibet
1214 1476 127 37 gradus
1303 1476 140 37 vltimus
1405 1476 89 37 est
1443 1476 51 37 di

882 1507 169 35 uisibilis.
1015 1507 60 35 ⁋
1039 1507 96 35 Item
1099 1507 96 35 tunc
1159 1507 145 35 quilibet
1268 1507 121 35 gradus
1352 1507 109 35 anime
1413 1507 84 35 esset

878 1530 128 39 anima
963 1530 114 39 quia
1034 1530 85 39 in
1077 1530 199 39 homogeneis
1234 1530 114 39 omne
1305 1530 199 39 predicatum
1447 1530 57 39 es

886 1563 144 34 sentiale
994 1563 168 34 conueniens
1126 1563 96 34 toti
1186 1563 144 34 conuenit
1295 1563 72 34 et
1331 1563 108 34 parti
1403 1563 72 34 et
1427 1563 60 34 per

878 1590 174 37 consequens
1014 1590 100 37 quot
1077 1590 124 37 gradus
1164 1590 100 37 sunt
1226 1590 75 37 in
1263 1590 87 37 vna
1313 1590 112 37 anima
1388 1590 87 37 tot
1425 1590 75 37 sunt

883 1626 115 33 partes
964 1626 69 33 in
999 1626 104 33 ipsa.
1068 1626 58 33 ⁋
1091 1626 115 33 Tertio
1172 1626 138 33 sequitur
1276 1626 92 33 quod
1333 1626 69 33 ex
1368 1626 127 33 omnibus
1449 1626 46 33 a-

883 1653 133 29 nimabus
980 1653 121 29 posset
1064 1653 109 29 fieri
1137 1653 85 29 vna
1185 1653 109 29 anima
1257 1653 97 29 quia
1318 1653 157 29 quecumque
1427 1653 72 29 sunt

879 1681 115 33 vnius
956 1681 153 33 rationis
1071 1681 77 33 si
1109 1681 179 33 vnibilitas
1249 1681 153 33 conuenit
1352 1681 140 33 quibusdam

880 1709 115 31 eorum
957 1709 166 31 conuenire
1084 1709 115 31 debet
1161 1709 77 31 et
1199 1709 153 31 omnibus.
1314 1709 77 31 Et
1353 1709 102 31 ideo
1404 1709 89 31 sicut

885 1735 151 36 quattuor
999 1735 126 36 gradus
1087 1735 113 36 vnius
1162 1735 113 36 anime
1238 1735 101 36 sunt
1300 1735 113 36 inter
1376 1735 75 36 se
1401 1735 88 36 vnibi

889 1763 74 34 es
926 1763 86 34 ita
975 1763 99 34 sunt
1037 1763 148 34 vnibiles
1148 1763 86 34 cum
1197 1763 111 34 aliis
1271 1763 148 34 quattuor
1370 1763 123 34 gradibus

880 1796 150 32 alterius
992 1796 112 32 anime
1066 1796 100 32 sibi
1129 1796 162 32 similibus
1253 1796 87 32 ymo
1303 1796 187 32 simpliciter
1440 1796 50 32 om

885 1822 91 32 nes
937 1822 169 32 adinuicem
1067 1822 156 32 vnibiles
1184 1822 117 32 erunt
1262 1822 117 32 sicut
1340 1822 117 32 omnes
1418 1822 104 32 aque

881 1849 89 36 vel
932 1849 115 36 omnes
1009 1849 191 36 charitates.
1162 1849 64 36 ⁋
1187 1849 127 36 Quarto
1276 1849 153 36 sequitur
1391 1849 102 36 quod
1442 1849 51 36 ex

885 1881 88 33 vna
936 1881 113 33 anima
1011 1881 188 33 innumerales
1161 1881 113 33 anime
1236 1881 113 33 fieri
1312 1881 150 33 poterunt
1412 1881 75 33 quia

889 1908 133 35 quilibet
989 1908 111 35 gradus
1067 1908 100 35 natus
1133 1908 78 35 est
1178 1908 67 35 ab
1211 1908 89 35 alio
1267 1908 133 35 separari
1367 1908 100 35 sicut
1422 1908 67 35 sine

882 1937 74 31 eo
919 1937 136 31 produci
1017 1937 86 31 cum
1067 1937 148 31 realiter
1178 1937 160 31 differant
1301 1937 86 31 nec
1350 1937 136 31 habeant
1437 1937 49 31 or

878 1964 114 35 dinem
954 1964 189 35 essentialem
1105 1964 76 35 et
1143 1964 88 35 sic
1194 1964 76 35 de
1232 1964 151 35 gradibus
1345 1964 139 35 graduum
1434 1964 50 35 in

880 1991 186 34 infinitum.
1026 1991 67 34 ⁋
1053 1991 133 34 Quinto
1146 1991 160 34 sequitur
1266 1991 106 34 quod
1332 1991 120 34 anima
1399 1991 93 34 esset

879 2021 198 36 inducibilis
1037 2021 92 36 per
1090 2021 119 36 motum
1169 2021 106 36 quia
1235 2021 119 36 tales
1314 2021 132 36 gradus
1394 2021 92 36 sicut

886 2047 131 36 possunt
982 2047 107 36 simul
1053 2047 84 36 ita
1101 2047 107 36 etiam
1173 2047 143 36 poterunt
1280 2047 167 36 successiue
1399 2047 96 36 produ-

885 2076 73 35 ci
921 2076 85 35 hec
970 2076 97 35 ille
1030 2076 73 35 in
1067 2076 158 35 sententia
1188 2076 85 35 hec
1236 2076 109 35 omnia
1309 2076 121 35 citius
1382 2076 109 35 concede

878 2105 67 50 rem
917 2105 77 50 quam
965 2105 77 50 quod
1013 2105 134 50 perfectior
1118 2105 86 50 forma
1176 2105 115 50 secundum
1262 2105 144 50 substantiam
1377 2105 86 50 esset
1425 2105 67 50 equae
