1815 2500
226 263 115 44 dicunt
306 263 92 44 quod
363 263 103 44 motus
432 263 92 44 bone
490 263 138 44 actionis
593 263 161 44 existentis
719 263 69 44 in
742 263 92 44 pecca-

227 302 64 30 to
259 302 116 30 mortali
344 302 138 30 quandoque
450 302 74 30 per
492 302 127 30 aduentum
587 302 127 30 eomnture
672 302 159 30 augmentabilis

230 332 141 34 quandoque
339 332 76 34 per
382 332 120 34 aductum
469 332 109 34 gratie
545 332 98 34 prime
611 332 152 34 sacramento
730 332 65 34 vt
752 332 76 34 quamn

217 358 67 34 do
250 358 79 34 sit
295 358 146 34 contritio
408 358 67 34 in
442 358 180 34 penitentibus
588 358 79 34 sit
633 358 169 34 meritorius.
768 358 56 34 ⁋
779 358 56 34 Con

220 388 87 31 tra
269 388 112 31 illud
344 388 100 31 stat
406 388 187 31 difficultas
556 388 162 31 argumenti
668 388 162 31 principalis

226 417 96 35 quia
286 417 96 35 tunc
345 417 84 35 qui
393 417 96 35 quod
453 417 155 35 mereretur
572 417 84 35 per
620 417 96 35 suam
680 417 131 35 maximam
763 417 72 35 cha-

222 443 134 36 ritatem
319 443 85 36 pro
368 443 146 36 instanti
478 443 85 36 quo
526 443 134 36 nouiter
624 443 134 36 meretur
709 443 122 36 Falsitas

215 473 147 33 probatur
325 473 98 33 quia
386 473 74 33 si
423 473 135 33 nouiter
521 473 159 33 mereretur
644 473 86 33 per
693 473 110 33 illam
754 473 74 33 ipse

218 505 137 27 nouiter
317 505 161 27 mereretur
441 505 112 27 illam
516 505 124 27 augeri
603 505 124 27 igitur
689 505 137 27 nouiter
776 505 50 27 au

215 528 113 33 getur
291 528 101 33 illa
354 528 101 33 data
416 528 151 33 charitas
530 528 88 33 non
580 528 101 33 erat
643 528 88 33 sua
693 528 126 33 maxima
768 528 63 33 cha

213 557 113 34 ritas
288 557 100 34 quam
350 557 113 34 habet
425 557 200 34 consequentia
588 557 150 34 probatur
700 557 100 34 quia
750 557 75 34 maxi

215 585 78 33 ma
254 585 91 33 sua
306 585 156 33 charitas
423 585 182 33 componitur
566 585 78 33 ex
605 585 104 33 illa
670 585 91 33 que
709 585 117 33 prefuit

219 617 105 36 vsque
289 617 93 36 nunc
347 617 70 36 et
382 617 70 36 ex
417 617 93 36 illa
475 617 81 36 que
522 617 93 36 nunc
580 617 105 36 primo
650 617 128 36 aduenit
743 617 70 36 et
766 617 58 36 per

217 640 144 38 vtramque
325 640 108 38 harum
396 640 96 38 nunc
456 640 132 38 nouiter
552 640 132 38 meretur
648 640 96 38 quia
707 640 96 38 ista
755 640 72 38 quae

214 672 130 35 prefuit
309 672 166 35 principiat
439 672 107 35 actum
511 672 95 35 suum
570 672 71 35 et
606 672 83 35 dat
653 672 95 35 sibi
700 672 119 35 partiali

215 699 80 35 ter
260 699 91 35 quod
317 699 80 35 sit
363 699 160 35 meritorius
488 699 68 35 et
522 699 80 35 que
568 699 91 35 nunc
625 699 103 35 primo
693 699 125 35 aduenit
773 699 57 35 dat

217 727 80 35 sibi
267 727 80 35 quod
317 727 70 35 sit
356 727 90 35 magis
416 727 139 35 meritorius
526 727 80 35 quam
575 727 90 35 esset
635 727 60 35 si
665 727 90 35 esset
725 727 80 35 sine
764 727 60 35 illa

216 758 82 28 quia
267 758 62 28 si
298 758 72 28 non
339 758 82 28 tunc
390 758 72 28 non
432 758 92 28 esset
493 758 103 28 aliqua
565 758 92 28 ratio
627 758 82 28 quod
678 758 103 28 vnquam
740 758 82 28 chari-

208 786 90 34 tas
259 786 128 34 reddat
349 786 115 34 actum
426 786 179 34 meritorium
566 786 102 34 quem
630 786 90 34 non
669 786 153 34 principiat

210 816 92 29 quod
267 816 80 29 est
313 816 115 29 contra
393 816 115 29 dicta.
473 816 57 29 ⁋
496 816 161 29 Consimilis
623 816 172 29 difficultas
749 816 80 29 occur

212 843 79 37 rit
257 843 157 37 ponentibus
380 843 90 37 quod
437 843 101 37 omnis
504 843 101 37 actus
571 843 157 37 meritorius
695 843 135 37 procedit
785 843 45 37 se

207 871 125 32 cundum
295 871 100 32 esse
358 871 63 32 a
383 871 163 32 charitate
508 871 100 32 quia
571 871 150 32 voluntas
683 871 75 32 ex
708 871 113 32 charita

212 899 78 35 te
251 899 170 35 prehabita
382 899 157 35 eliciens
499 899 117 35 actum
577 899 183 35 meritorium
708 899 117 35 meretur

206 929 167 36 augmentum
335 929 90 36 sue
386 929 180 36 charitatis
528 929 90 36 per
579 929 116 36 istum
657 929 116 36 actum
734 929 77 36 et
760 929 64 36 cha

213 956 110 35 ritas
286 956 171 35 augmentata
421 956 73 35 si
458 956 86 35 est
507 956 147 35 naturale
617 956 208 35 comprincipium
776 956 49 35 a-

213 984 97 37 ctus
274 984 158 37 meritorii
396 984 110 37 auget
469 984 110 37 istum
542 984 110 37 actum
615 984 73 37 et
651 984 97 37 iste
700 984 122 37 secundus

206 1014 106 30 actus
277 1014 153 30 reaugebit
394 1014 165 30 charitatem
524 1014 71 30 et
559 1014 82 30 sic
606 1014 94 30 sine
665 1014 94 30 fine
723 1014 59 30 ⁋
747 1014 82 30 Sed
782 1014 47 30 de

205 1041 90 32 ista
261 1041 180 32 difficultate
407 1041 124 32 dicatur
497 1041 101 32 sicut
564 1041 101 32 supra
632 1041 79 32 di.
677 1041 56 32 3
699 1041 67 32 in
722 1041 101 32 materia

208 1070 78 34 de
247 1070 143 34 ymagine
351 1070 78 34 de
390 1070 117 34 mutua
468 1070 182 34 causatione
611 1070 117 34 actus
689 1070 78 34 ab
715 1070 104 34 habitu

217 1099 70 31 et
252 1099 139 31 econtra.
356 1099 58 31 ⁋
380 1099 81 31 Sed
426 1099 70 31 oe
461 1099 104 31 prima
530 1099 185 31 difficultate
681 1099 81 31 est
716 1099 104 31 tertius

204 1127 117 27 modus
282 1127 181 27 ymaginandi
424 1127 117 27 primo
502 1127 104 27 quod
567 1127 117 27 actus
645 1127 143 27 apponit
735 1127 91 27 habi-

207 1154 76 40 tui
251 1154 65 40 et
283 1154 120 40 econtra
370 1154 76 40 ita
414 1154 87 40 quod
468 1154 141 40 vtrobique
577 1154 141 40 concurrit
686 1154 109 40 duplex
751 1154 65 40 cau-

203 1180 78 41 sa
242 1180 168 41 promotiua
371 1180 104 41 quia
436 1180 117 41 actus
514 1180 91 41 est
566 1180 181 41 meritorius
708 1180 91 41 tam
747 1180 78 41 quia

210 1212 148 33 processit
324 1212 57 33 a
347 1212 148 33 charitate
461 1212 91 33 quam
518 1212 91 33 quia
575 1212 80 33 est
621 1212 103 33 actus
689 1212 103 33 bonus
758 1212 68 33 ex
780 1212 46 33 ge

203 1241 102 37 nere
267 1241 140 37 persone
368 1241 127 37 chare.
457 1241 165 37 Similiter
584 1241 140 37 habitus
685 1241 140 37 crescit
774 1241 51 37 ex

207 1269 98 32 illo
268 1269 135 32 duplici
366 1269 123 32 valore
452 1269 110 32 actus
526 1269 147 32 scilicet
636 1269 98 32 quia
697 1269 110 32 actus
759 1269 61 32 per

206 1299 105 34 quem
271 1299 144 34 meretur
376 1299 131 34 augeri
468 1299 157 34 charitas
585 1299 170 34 procedita
703 1299 118 34 charita

209 1323 66 35 te
242 1323 66 35 et
275 1323 99 35 etiam
341 1323 66 35 ex
374 1323 77 35 hoc
418 1323 88 35 quod
473 1323 77 35 est
517 1323 99 35 actus
583 1323 99 35 bonus
649 1323 66 35 ex
682 1323 110 35 genere
748 1323 66 35 per-

212 1351 83 39 sone
263 1351 124 39 habentis
357 1351 145 39 charitatem
471 1351 62 39 et
502 1351 73 39 sic
543 1351 62 39 ex
575 1351 114 39 vtraque
657 1351 93 39 parte
720 1351 83 39 sine
761 1351 52 39 ter

207 1380 97 38 mino
267 1380 145 38 continue
377 1380 109 38 tamen
449 1380 182 38 discurrendo
595 1380 73 38 et
631 1380 109 38 tamen
704 1380 133 38 vterque

204 1411 165 34 processus
331 1411 76 34 ad
369 1411 140 34 finitum
471 1411 165 34 sistitur.
598 1411 64 34 ⁋
623 1411 152 34 Secundus
725 1411 89 34 modus

201 1441 92 34 quod
259 1441 139 34 charitas
363 1441 81 34 que
409 1441 92 34 nunc
467 1441 150 34 accrescit
583 1441 69 34 ex
618 1441 116 34 merito
698 1441 92 34 nouo
745 1441 69 34 nunc

199 1469 115 35 primo
276 1469 128 35 posito
365 1469 90 35 non
417 1469 141 35 apponit
519 1469 141 35 aliquid
621 1469 115 35 actus
698 1469 90 35 sed
736 1469 77 35 red-

203 1498 84 35 dit
251 1498 108 35 actum
323 1498 84 35 qui
370 1498 84 35 non
418 1498 72 35 ab
454 1498 72 35 ea
490 1498 84 35 sed
538 1498 60 35 a
562 1498 191 35 preexistente
705 1498 108 35 charita

201 1520 69 44 te
235 1520 138 44 procedit
338 1520 103 44 magis
407 1520 161 44 meritorium
534 1520 92 44 quam
591 1520 103 44 esset
660 1520 92 44 sine
718 1520 92 44 ista
764 1520 57 44 por

198 1549 111 37 tione
272 1549 172 37 charitatis
407 1549 123 37 addita
493 1549 111 37 tamen
567 1549 86 37 non
616 1549 135 37 oportet
702 1549 111 37 econtra

203 1576 88 43 quod
258 1576 77 43 per
302 1576 77 43 hoc
346 1576 88 43 quod
401 1576 99 43 actus
467 1576 99 43 talis
534 1576 132 43 redditur
633 1576 88 43 isto
688 1576 88 43 modo
732 1576 77 43 magis

200 1609 168 34 meritorius
332 1609 132 34 crescat
428 1609 96 34 illa
488 1609 144 34 charitas
596 1609 96 34 quia
656 1609 96 34 tunc
716 1609 84 34 cum
752 1609 60 34 to-

197 1640 77 32 tum
241 1640 132 32 penderet
340 1640 66 32 ex
373 1640 99 32 ipsa.
439 1640 88 32 ipsa
494 1640 132 32 praecise
593 1640 77 32 per
637 1640 121 32 seipsam
714 1640 99 32 cresce-

201 1665 84 41 ret
249 1665 96 41 sine
309 1665 96 41 fine
370 1665 96 41 quod
430 1665 84 41 non
478 1665 132 41 videtur
574 1665 193 41 rationabile.
731 1665 60 41 ⁋
755 1665 84 41 Sed

201 1692 125 38 contra
288 1692 75 38 si
325 1692 112 38 actus
400 1692 150 38 redditur
512 1692 112 38 magis
587 1692 174 38 meritorius
711 1692 100 38 igitur

204 1718 91 37 sibi
261 1718 183 37 correspondet
409 1718 103 37 maius
477 1718 126 37 premium
569 1718 160 37 essentiale
694 1718 68 37 in
717 1718 80 37 celo.

208 1747 60 41 ⁋
232 1747 84 41 Sed
280 1747 120 41 quanto
364 1747 120 41 alicui
449 1747 193 41 correspondet
605 1747 108 41 maius
678 1747 132 41 premium
762 1747 48 41 in

204 1777 111 35 patria
282 1777 100 35 tanto
349 1777 100 35 habet
415 1777 122 35 maiorem
504 1777 122 35 gratiam
593 1777 67 35 in
627 1777 78 35 via
671 1777 134 35 secundum
760 1777 45 35 au

201 1808 140 33 gustinum
307 1808 117 33 igitur
389 1808 234 33 proportionaliter
588 1808 105 33 sicut
658 1808 129 33 propter
740 1808 70 33 hanc

195 1835 162 34 portionem
319 1835 174 34 charitatis
456 1835 137 34 additam
555 1835 112 34 actus
630 1835 87 34 sit
680 1835 112 34 magis
742 1835 62 34 mer

195 1866 117 34 torius
277 1866 82 34 ita
324 1866 105 34 etiam
393 1866 128 34 crescit
487 1866 140 34 praemium
592 1866 128 34 debitum
685 1866 93 34 huic
731 1866 82 34 actui

202 1894 98 41 etita
268 1894 98 41 etiam
333 1894 175 41 consequenter
475 1894 120 41 crescit
563 1894 109 41 gratia
639 1894 76 41 seu
683 1894 131 41 charitas
770 1894 44 41 et

202 1917 84 41 ita
250 1917 96 41 fine
310 1917 96 41 fine
369 1917 108 41 mutuo
441 1917 155 41 adinuicem
561 1917 191 41 reflectendo.
716 1917 60 41 ⁋
740 1917 72 41 Et
764 1917 48 41 ex

198 1947 86 38 vna
247 1947 110 38 parte
320 1947 73 38 in
357 1947 147 38 cremento
467 1947 134 38 valoris
565 1947 110 38 actus
638 1947 73 38 in
675 1947 134 38 ratione
760 1947 49 38 me

197 1978 84 38 riti
249 1978 84 38 sine
301 1978 73 38 hoc
343 1978 84 38 quod
396 1978 84 38 iste
448 1978 94 38 actus
511 1978 63 38 in
542 1978 126 38 entitate
637 1978 126 38 quicquam
721 1978 94 38 crescat

202 2007 69 37 et
236 2007 69 37 ex
271 2007 92 37 alia
328 2007 104 37 parte
397 2007 161 37 incremento
524 2007 161 37 charitatis
650 2007 138 37 secundum
742 2007 69 37 esse

196 2033 100 42 quod
258 2033 112 42 tamen
333 2033 87 42 non
383 2033 137 42 videtur
483 2033 187 42 rationabile
632 2033 175 42 Dictigitur
757 2033 50 42 po

201 2060 91 40 test
257 2060 113 40 tertio
337 2060 91 40 modo
393 2060 91 40 quod
450 2060 102 40 talis
518 2060 113 40 portio
598 2060 159 40 charitatis
722 2060 79 40 non
756 2060 57 40 red

197 2087 76 43 dit
240 2087 97 43 illum
305 2087 97 43 actum
370 2087 97 43 magis
435 2087 152 43 meritorium
554 2087 87 43 quam
608 2087 119 43 fuisset
695 2087 87 43 sine
749 2087 54 43 i
760 2087 54 43 psa

192 2109 71 62 pe
228 2109 177 62 precedentem
370 2109 71 62 et
405 2109 95 62 ista
464 2109 83 62 via
511 2109 95 62 plus
571 2109 95 62 mihi
630 2109 118 62 placet
712 2109 83 62 vne
748 2109 59 62 di

848 264 64 51 co
880 264 86 51 quod
934 264 118 51 nunquam
1019 264 107 51 portio
1094 264 150 51 charitatis
1212 264 75 51 que
1255 264 75 51 est
1298 264 128 51 effectus
1383 264 75 51 quasi

851 307 84 41 per
899 307 96 41 viam
959 307 121 41 meriti
1044 307 145 41 alicuius
1152 307 109 41 actus
1225 307 157 41 meritorii
1345 307 121 41 reddit
1418 307 48 41 su

849 338 74 34 um
886 338 111 34 actum
960 338 87 34 seu
1010 338 99 34 suam
1071 338 124 34 causam
1158 338 173 34 meritoriam
1294 338 111 34 magis
1356 338 99 34 merito

848 363 82 40 riam
899 363 82 40 quam
950 363 92 40 esset
1012 363 82 40 sine
1064 363 92 40 illa.
1125 363 51 40 ⁋
1146 363 62 40 Et
1177 363 62 40 si
1207 363 92 40 dicas
1269 363 82 40 ista
1320 363 103 40 portio
1382 363 72 40 chari

847 392 112 40 tatis
921 392 112 40 actum
995 392 112 40 bonum
1070 392 74 40 ex
1107 392 124 40 genere
1194 392 161 40 totaliter
1305 392 149 40 disparatum

851 419 146 36 redderet
960 419 170 36 meritorium
1094 419 121 36 igitur
1179 419 109 36 multo
1252 419 134 36 fortius
1337 419 97 36 istum.

846 444 137 45 Dicendum
948 444 91 45 quod
1005 444 80 45 non
1050 444 80 45 est
1096 444 114 45 simile
1176 444 91 45 quia
1232 444 68 45 si
1267 444 68 45 in
1301 444 148 45 proposito
1403 444 57 45 hoc

845 477 137 34 daretur
944 477 100 34 idem
1007 477 112 34 esset
1082 477 112 34 causa
1157 477 137 34 precise
1256 477 87 34 sue
1294 477 162 34 augmentatio

854 502 77 40 nis
898 502 66 40 vt
931 502 143 40 italoquar
1040 502 88 40 sine
1095 502 88 40 omni
1150 502 88 40 alio
1205 502 110 40 creato
1282 502 143 40 adiutorio
1391 502 66 40 et
1413 502 44 40 si

841 533 82 40 ne
882 533 165 40 portione
1006 533 137 40 vltima
1102 533 124 40 danda
1184 533 124 40 Circa
1267 533 110 40 quod
1322 533 137 40 notandum

853 561 90 41 quod
909 561 146 41 aliquando
1021 561 112 41 gratia
1100 561 101 41 facit
1167 561 67 41 ad
1201 561 146 41 crementum
1313 561 112 41 gratie
1380 561 79 41 huius

842 591 91 41 autem
903 591 71 41 est
943 591 91 41 omnis
1004 591 102 41 gratia
1075 591 61 41 ex
1106 591 71 41 qua
1146 591 122 41 secundum
1238 591 81 41 esse
1289 591 122 41 cansetur
1370 591 81 41 proce-

841 620 80 40 dit
886 620 103 40 actus
955 620 160 40 meritorius
1081 620 69 40 et
1115 620 103 40 etiam
1184 620 103 40 omnis
1253 620 92 40 illa
1310 620 80 40 que
1356 620 103 40 facit
1413 620 46 40 a-

851 647 92 38 ctum
909 647 127 38 aliquem
1001 647 161 38 meritorium
1128 647 104 38 licet
1197 647 69 38 ex
1232 647 69 38 ea
1267 647 81 38 non
1313 647 138 38 procedat
1405 647 46 38 se

850 678 108 31 cundum
926 678 98 31 esse.
991 678 54 31 ⁋
1013 678 87 31 Alia
1067 678 98 31 autem
1132 678 108 31 gratia
1208 678 76 31 seu
1251 678 108 31 portio
1327 678 108 31 gratie
1403 678 76 31 non

838 698 105 46 facit
908 698 116 46 deberi
990 698 128 46 premium
1083 698 81 46 sed
1129 698 151 46 confertur
1246 698 116 46 potius
1327 698 128 46 tamquam
1408 698 47 46 si

849 733 97 38 gnum
910 733 85 38 vel
958 733 146 38 effectus
1068 733 73 38 vt
1105 733 85 38 ita
1153 733 122 38 loquar
1239 733 122 38 premii
1324 733 134 38 nouiter
1409 733 49 38 de

850 763 82 36 biti
901 763 61 36 et
931 763 82 36 ista
982 763 71 36 est
1023 763 102 36 vltima
1095 763 102 36 portio
1166 763 102 36 gratie
1238 763 122 36 pliciter
1330 763 92 36 actum
1381 763 71 36 meri-

844 789 126 38 torium
933 789 101 38 nunc
996 789 164 38 accresces
1122 789 88 38 que
1172 789 113 38 adhuc
1247 789 88 38 non
1298 789 113 38 facit
1361 789 88 38 actum

848 816 131 40 aliquem
943 816 95 40 esse
1003 816 83 40 nec
1050 816 107 40 adhuc
1122 816 107 40 facit
1193 816 131 40 aliquem
1288 816 107 40 actum
1360 816 95 40 esse
1407 816 48 40 me

848 847 150 39 ritorium
960 847 88 39 sed
1010 847 100 39 nunc
1073 847 163 39 efficitur
1198 847 75 39 et
1235 847 100 39 nunc
1298 847 138 39 aliquis
1385 847 75 39 mere

840 875 85 38 tur
889 875 110 38 illam
962 875 110 38 sicut
1035 875 110 38 nouum
1108 875 134 38 premium
1206 875 73 38 vt
1243 875 134 38 seruiat
1340 875 73 38 ad
1365 875 85 38 futu-

844 903 76 35 ra
882 903 127 35 premia
972 903 127 35 illius
1061 903 153 35 persone.
1175 903 64 35 ⁋
1201 903 76 35 Si
1239 903 115 35 dicas
1315 903 115 35 quare
1379 903 76 35 nunc

840 933 87 34 non
889 933 99 34 agit
951 933 161 34 portionem
1076 933 112 34 nouam
1150 933 112 34 actus
1225 933 99 34 dici
1287 933 87 34 pot
1336 933 99 34 quia
1386 933 62 34 non

842 963 113 38 placet
921 963 79 38 deo
966 963 90 38 illi
1023 963 147 38 charitati
1136 963 136 38 opposite
1237 963 147 38 cooperari
1350 963 79 38 pro
1384 963 68 38 isto

846 992 142 31 instanti
953 992 83 31 sed
1000 992 95 31 alia
1059 992 71 31 et
1095 992 83 31 ita
1142 992 178 31 suspenditur
1285 992 71 31 ab
1308 992 107 31 agendo.

850 1003 62 51 ⁋
874 1003 148 51 Secundum
985 1003 123 51 dubium
1072 1003 111 51 vtrum
1146 1003 148 51 charitas
1257 1003 123 51 vnquam
1343 1003 99 51 nata
1392 1003 62 51 sit

837 1042 166 30 inclinare
965 1042 141 30 aliquem
1067 1042 115 30 actum
1144 1042 77 30 ad
1183 1042 102 30 plus
1247 1042 154 30 dolendum
1362 1042 77 30 de
1387 1042 77 30 ali-

837 1072 84 41 quo
885 1072 108 41 facto
957 1072 84 41 quo
1005 1072 96 41 scit
1065 1072 72 41 se
1101 1072 84 41 nec
1149 1072 168 41 mortaliter
1280 1072 84 41 nec
1316 1072 144 41 venialitur

847 1102 125 36 peccasse
940 1102 83 36 quam
992 1102 62 36 de
1023 1102 94 36 facto
1086 1102 73 36 suo
1127 1102 73 36 quo
1169 1102 83 36 scit
1221 1102 62 36 se
1252 1102 125 36 peccasse
1346 1102 94 36 licet
1398 1102 52 36 ve-

842 1133 133 35 nialiter
942 1133 67 35 et
975 1133 122 35 videtur
1064 1133 89 35 quod
1119 1133 78 35 non
1164 1133 89 35 quia
1219 1133 78 35 pro
1263 1133 144 35 infinitis
1363 1133 89 35 mundis

844 1157 90 40 non
896 1157 141 40 deberet
998 1157 103 40 quis
1063 1157 167 40 offendere
1191 1157 103 40 deum
1255 1157 90 40 sed
1307 1157 90 40 per
1345 1157 116 40 quodli-

838 1183 87 42 bet
887 1183 149 42 peccatum
999 1183 87 42 tam
1049 1183 137 42 veniale
1148 1183 99 42 quam
1210 1183 137 42 mortale
1297 1183 162 42 offenditur.

842 1215 102 35 deus
906 1215 115 35 sicut
982 1215 115 35 patet
1059 1215 89 35 per
1110 1215 153 35 anselmum
1225 1215 76 35 de
1263 1215 166 35 leuissimo
1378 1215 76 35 appe

841 1241 92 37 titu
899 1241 104 37 facto
969 1241 116 37 contra
1049 1241 81 37 dei
1096 1241 162 37 voluntatem
1223 1241 104 37 primo
1292 1241 81 37 cur
1338 1241 92 37 deus
1385 1241 69 37 homo

843 1270 86 40 ca.
892 1270 74 40 2.
929 1270 86 40 et.
978 1270 61 40 2
1002 1270 86 40 li.
1052 1270 86 40 ca.
1101 1270 74 40 14
1138 1270 61 40 ⁋
1162 1270 74 40 Ad
1199 1270 160 40 orpositum
1322 1270 111 40 arguo
1383 1270 74 40 quia

842 1298 66 43 si
875 1298 66 43 in
908 1298 100 43 plena
975 1298 100 43 furia
1041 1298 122 43 hominem
1129 1298 155 43 occidisset
1251 1298 77 43 cum
1295 1298 122 43 rediret
1384 1298 66 43 ad
1406 1298 44 43 sa

836 1329 86 36 nam
885 1329 123 36 mentem
971 1329 135 36 deberet
1069 1329 98 36 plus
1131 1329 74 36 de
1167 1329 86 36 hoc
1217 1329 123 36 dolere
1303 1329 98 36 quam
1364 1329 74 36 oe
1389 1329 61 36 vno

844 1358 150 38 leuissimo
959 1358 138 38 veniali.
1062 1358 81 38 Hic
1108 1358 104 38 primo
1177 1358 127 38 concedo
1269 1358 92 38 quod
1327 1358 104 38 licet
1384 1358 69 38 iste

843 1387 79 40 qui
888 1387 68 40 in
922 1387 102 40 plena
990 1387 102 40 furia
1058 1387 125 40 aliquem
1148 1387 125 40 occidit
1239 1387 102 40 penam
1307 1387 125 40 aliquam
1386 1387 68 40 lega

835 1410 86 44 lem
884 1410 136 44 dicatur
983 1410 148 44 incurrem
1094 1410 111 44 tamen
1167 1410 86 44 non
1217 1410 136 44 peccat.
1315 1410 62 44 ⁋
1328 1410 123 44 Probatur

843 1442 78 34 quia
892 1442 68 34 .15
931 1442 58 34 q.
960 1442 87 34 infra
1018 1442 107 34 dicitur
1095 1442 87 34 sicut
1154 1442 68 34 qui
1192 1442 97 34 perper
1260 1442 145 34 disciplinam
1376 1442 78 34 casu
1415 1442 39 34 ho

828 1467 160 45 micidium
948 1467 200 45 perpetrauit
1108 1467 147 45 quantum
1214 1467 80 45 ad
1254 1467 120 45 legem
1334 1467 107 45 reus
1387 1467 67 45 est

836 1504 110 27 currat
913 1504 66 27 ad
946 1504 121 27 gratiam
1034 1504 132 27 innocens
1133 1504 66 27 si
1166 1504 77 27 sit
1210 1504 132 27 sacerdos
1309 1504 88 27 ille
1364 1504 77 27 qui
1397 1504 55 27 fu-

834 1527 106 34 rore
900 1527 185 34 homicidium
1045 1527 119 34 fecit
1125 1527 145 34 quantum
1230 1527 79 34 ad
1270 1527 132 34 culpam
1349 1527 93 34 inno-

838 1557 101 41 cens
901 1557 88 41 est
952 1557 138 41 quantum
1052 1557 75 41 ad
1090 1557 151 41 suscepti
1203 1557 138 41 furoris
1291 1557 163 41 executionem

841 1589 94 35 reus
900 1589 140 35 probatur
1005 1589 94 35 Dico
1064 1589 105 35 tamen
1134 1589 140 35 vlterius
1239 1589 94 35 quod
1298 1589 105 35 istud
1368 1589 70 35 de
1391 1589 59 35 pec

832 1613 102 34 cato
896 1613 115 34 legis
973 1613 141 34 videtur
1076 1613 167 34 correctum
1204 1613 115 34 libro
1280 1613 64 34 7
1306 1613 90 34 vbi
1345 1613 102 34 titulo

835 1641 72 38 de
871 1641 156 38 homicidio
991 1641 180 38 inuolitario
1135 1641 72 38 et
1171 1641 132 38 casuali
1267 1641 132 38 dicitur
1363 1641 84 38 sic
1399 1641 48 38 si

833 1667 155 41 furiosus
949 1667 90 41 aut
1001 1667 129 41 infans
1091 1667 90 41 aut
1143 1667 155 41 dormiens
1259 1667 142 41 mutilet
1362 1667 90 41 vel
1400 1667 52 41 oc

834 1702 99 33 cidat
900 1702 110 33 nullam
977 1702 66 33 ex
1010 1702 77 33 hoc
1054 1702 209 33 irregularitatem
1231 1702 154 33 incurreret
1352 1702 66 33 et
1374 1702 66 33 idem

833 1724 140 45 censemus
938 1724 70 45 de
974 1724 93 45 isto
1032 1724 82 45 qui
1079 1724 117 45 mortem
1161 1724 117 45 aliter
1242 1724 117 45 vitare
1324 1724 82 45 non
1359 1724 82 45 valet

838 1753 66 39 si
871 1753 87 39 suum
925 1753 120 39 occidat
1013 1753 76 39 vel
1057 1753 120 39 mitilet
1144 1753 142 39 inuasorem
1253 1753 55 39 ⁋
1275 1753 87 39 Item
1330 1753 76 39 13.
1373 1753 66 39 q.
1395 1753 44 39 1.

829 1781 205 37 multipliciter
998 1781 133 37 dicitur
1095 1781 85 37 sic
1143 1781 72 37 de
1179 1781 145 37 furiosis
1276 1781 169 37 euidentissie

833 1810 125 41 scribit
923 1810 159 41 augustinus
1048 1810 68 41 in
1082 1810 79 41 li.
1127 1810 68 41 q.
1162 1810 125 41 veteris
1252 1810 68 41 et
1286 1810 91 41 noui
1332 1810 113 41 testamen

826 1837 75 40 ti
863 1837 124 40 dicens
950 1837 137 40 aliquos
1049 1837 124 40 subito
1136 1837 149 40 dementes
1248 1837 124 40 factos
1335 1837 112 40 ferro
1397 1837 50 40 fu

828 1868 93 40 ste
881 1868 174 40 lapidibus
1015 1868 160 40 morsibus
1135 1868 147 40 mouisse
1242 1868 134 40 multos
1322 1868 120 40 quosdam

830 1899 111 40 autem
903 1899 160 40 occidisse
1026 1899 123 40 captos
1112 1899 111 40 autem
1186 1899 74 40 et
1223 1899 160 40 iudicibus
1333 1899 111 40 oblatos

826 1922 93 38 mime
884 1922 93 38 reos
942 1922 116 38 factos
1024 1922 70 38 eo
1058 1922 93 38 quod
1116 1922 81 38 non
1163 1922 139 38 volentes
1267 1922 81 38 sed
1302 1922 139 38 impellente

831 1955 75 40 vi
869 1955 126 40 nescio
957 1955 88 40 qua
1007 1955 88 40 hic
1057 1955 163 40 gesserunt
1183 1955 176 40 nescientes
1321 1955 138 40 quomodo

829 1986 95 39 enim
889 1986 95 39 reus
948 1986 190 39 constituitur
1102 1986 83 39 qui
1150 1986 119 39 nescit
1233 1986 95 39 quid
1292 1986 131 39 fecerit
1376 1986 59 39 hec

831 2009 78 43 ibi
876 2009 67 43 et
909 2009 67 43 de
943 2009 78 43 hoc
987 2009 89 43 vide
1043 2009 179 43 consequenter
1188 2009 67 43 in
1222 2009 134 43 pluribus
1311 2009 123 43 capitulis

828 2041 64 34 Et
860 2041 64 34 si
892 2041 139 34 obiicitur
999 2041 107 34 inquit
1074 2041 96 34 Canon
1138 2041 85 34 quod
1191 2041 64 34 in
1223 2041 107 34 pmamli
1298 2041 96 34 theo.
1352 2041 85 34 inueni

828 2067 82 36 tur
875 2067 70 36 Si
910 2067 93 36 quis
968 2067 151 36 insaniens
1085 2067 128 36 aliquem
1178 2067 151 36 occtderit
1294 2067 70 36 si
1329 2067 70 36 ad
1352 2067 82 36 sanam

825 2099 126 32 nientem
916 2099 126 32 rediret
1007 2099 114 32 leuior
1087 2099 69 32 ei
1122 2099 160 32 penitentia
1247 2099 149 32 imponenda
1350 2099 80 32 erit.

837 2123 60 54 ⁋
861 2123 155 54 Respondet
980 2123 107 54 canon
1052 2123 191 54 consequenter
1207 2123 95 54 quod
1266 2123 107 54 forte
1338 2123 83 54 hoc
1385 2123 83 54 in¬
