1781 2500
309 241 155 46 repulsio
425 241 78 46 ab
464 241 168 46 ordinibus
594 241 78 46 vt
632 241 129 46 marcus
723 241 181 46 repellitur
865 241 91 46 quo

317 284 72 31 ad
353 284 84 31 hoc
401 284 132 31 propter
498 284 144 31 delictum
606 284 132 31 vxoris.
702 284 60 31 ⁋
726 284 108 31 Istis
799 284 120 31 tribus
871 284 60 31 mo-

315 310 86 33 dis
364 310 98 33 vnus
425 310 135 33 punitur
524 310 86 33 pro
573 310 98 33 alio
634 310 98 33 fine
696 310 86 33 sua
745 310 111 33 culpa
818 310 86 33 sed
868 310 86 33 non

318 337 100 36 sine
381 337 125 36 causa.
469 337 63 36 ⁋
494 337 75 36 Ad
531 337 150 36 secundum
644 337 75 36 de
682 337 125 36 ebriis
769 337 150 36 dicendum
869 337 63 36 est

317 365 79 42 per
362 365 102 42 omnia
430 365 102 42 sicut
498 365 68 42 ad
532 365 113 42 primum
611 365 91 42 quod
668 365 68 42 in
702 365 102 42 plena
770 365 147 42 ebeietate
871 365 57 42 non

315 399 140 35 peccant
417 399 115 35 licet
494 399 140 35 habeant
596 399 128 35 crimen
685 399 179 35 ebrietatis
813 399 115 35 annexum

323 424 67 39 ⁋
349 424 160 39 Notandum
470 424 94 39 per
523 424 200 39 penitentiam
683 424 174 39 emendatum
817 424 80 39 et
844 424 80 39 impo

322 453 100 34 nitur
388 453 122 34 grauior
477 453 155 34 penitentia
599 453 89 34 quam
655 453 78 34 pro
699 453 89 34 sola
755 453 144 34 ebrietate
865 453 67 34 vt
888 453 44 34 me

312 477 105 41 lius
377 477 131 41 caueat
469 477 183 41 ebrietatem
612 477 78 41 et
652 477 196 41 homicidium.
808 477 105 41 Unde
861 477 78 41 appa

311 508 112 38 ratus
385 508 112 38 super
460 508 112 38 illud
535 508 162 38 damnantur
660 508 162 38 leuitatur
785 508 150 38 auctores
885 508 50 38 i.

320 535 81 38 qui
367 535 93 38 sunt
425 535 105 38 nimis
495 535 128 38 faciles
588 535 70 38 ad
623 535 175 38 inebriandum
762 535 70 38 se
797 535 70 38 et
821 535 116 38 sequitur

324 566 91 32 alii
381 566 171 32 intelligunt
517 566 91 32 quod
574 566 80 32 non
620 566 125 32 punitur
711 566 80 32 pro
757 566 68 32 eo
791 566 91 32 quod
837 566 91 32 ebrius

318 590 102 40 fecit
386 590 79 40 sed
431 590 113 40 tantum
510 590 79 40 pro
556 590 68 40 eo
590 590 91 40 quod
646 590 102 40 leuis
714 590 91 40 erat
771 590 68 40 ad
794 590 147 40 inebriandum

318 627 80 33 se.
363 627 57 33 ⁋
386 627 148 33 Similiter
500 627 137 33 dicentur
603 627 68 33 si
637 627 114 33 ebrius
717 627 137 33 peccaret
820 627 80 33 per
854 627 80 33 ince-

326 651 77 35 stum
375 651 87 35 sicut
433 651 87 35 patet
491 651 58 35 de
520 651 97 35 lothil
587 651 58 35 15
616 651 48 35 q
636 651 48 35 i
655 651 48 35 1
674 651 58 35 si
703 651 174 35 concupiscentia
848 651 58 35 et
867 651 68 35 inti-

327 685 113 30 tulatur
409 685 143 30 augustinus
521 685 102 30 contra
593 685 133 30 faustunm.
695 685 72 30 lib
736 685 51 30 2
757 685 72 30 vbi
798 685 113 30 dicitur
870 685 61 30 quod

321 713 87 31 ipse
376 713 142 31 culpandus
485 713 87 31 erat
539 713 76 31 non
583 713 98 31 tamen
648 713 120 31 quantum
736 713 87 31 iste
790 713 131 31 incestus
877 713 55 31 sed

326 738 142 35 quantum
429 738 154 35 ebrietas
545 738 154 35 meretur.
661 738 64 35 ⁋
686 738 206 35 Respondendum
841 738 90 35 sicut

326 771 124 33 prius.
412 771 62 33 ⁋
437 771 74 33 Et
474 771 111 33 dicit
548 771 161 33 apparatus
672 771 111 33 super
746 771 99 33 illo
807 771 111 33 verbo
869 771 62 33 non

323 799 90 32 tamen
383 799 110 32 quantum
463 799 60 32 id
493 799 70 32 est
533 799 70 32 non
573 799 110 32 precise
652 799 140 32 puniturpro
762 799 60 32 in
792 799 90 32 cestu
852 799 70 32 sed
882 799 50 32 eti

324 826 74 33 am
361 826 86 33 pro
410 826 160 33 ebrietate
533 826 86 33 vel
582 826 86 33 aut
631 826 86 33 non
681 826 135 33 punitur
779 826 135 33 quantum
865 826 74 33 ince

321 856 92 31 stus
378 856 126 31 meretur
470 856 138 31 scilicet
573 856 69 31 si
608 856 103 31 esset
677 856 149 31 commissus
792 856 69 31 ex
815 856 126 31 delibera-

329 880 105 32 tione
399 880 58 32 ⁋
422 880 93 32 Alii
481 880 116 32 dicunt
562 880 93 32 quod
620 880 151 32 nullomodo
736 880 128 32 punitur
829 880 81 32 pro
864 880 70 32 ince

325 910 62 32 stu
360 910 62 32 sed
396 910 88 32 tamten
457 910 62 32 pro
493 910 123 32 ebrietater
590 910 70 32 quae
634 910 106 32 ebrietas
713 910 88 32 tantum
775 910 70 32 erat
819 910 106 32 peccatum
889 910 53 32 veni

321 939 73 34 ale
362 939 73 34 hec
404 939 94 34 ille.
466 939 94 34 Etiam
529 939 73 34 ibi
571 939 94 34 dicit
633 939 94 34 glosa
695 939 83 34 quod
748 939 104 34 lothno
820 939 83 34 erat
862 939 73 34 omnio

321 967 122 34 nesciens
412 967 102 34 natura
483 967 81 34 enim
534 967 71 34 non
575 967 112 34 patitur
656 967 81 34 quod
707 967 112 34 aliquis
789 967 122 34 nesciens
870 967 71 34 cocat

329 995 81 33 sed
376 995 127 33 dicitur
468 995 127 33 nescius
560 995 92 33 quia
618 995 150 33 nesciebat
733 995 92 33 esse
791 995 115 33 filias
860 995 81 33 crede

325 1023 84 33 bat
373 1023 96 33 enim
433 1023 96 33 esse
494 1023 121 33 vxonem
578 1023 109 33 suam.
651 1023 60 33 ⁋
675 1023 72 33 Ad
711 1023 133 33 tertium
795 1023 145 33 conceditur

328 1049 180 38 consequentia.
477 1049 53 38 ⁋
498 1049 64 38 Ad
530 1049 148 38 augustinus
646 1049 117 38 dicitur
731 1049 85 38 quod
784 1049 117 38 peccata
869 1049 74 38 que
901 1049 42 38 fi

330 1082 81 33 unt
376 1082 69 33 ex
410 1082 127 33 infirmi
502 1082 92 33 tate
560 1082 115 33 nature
640 1082 104 33 etiam
709 1082 104 33 siunt
778 1082 161 33 voluntarie
893 1082 46 33 Un

318 1110 74 33 de
355 1110 161 33 concupiam
478 1110 74 33 ex
516 1110 124 33 fomite
602 1110 161 33 procedens
726 1110 87 33 non
775 1110 161 33 imputatur
887 1110 49 33 ad

319 1139 119 33 nouum
398 1139 159 33 peccatum
517 1139 93 33 sed
570 1139 119 33 etiam
650 1139 159 33 pertinet
769 1139 119 33 solum
848 1139 79 33 ad
875 1139 66 33 ori

329 1159 113 43 ginale
408 1159 79 43 vbi
453 1159 79 43 non
499 1159 159 43 cohibeatur
623 1159 79 43 cum
669 1159 113 43 possit
748 1159 91 43 tunc
805 1159 91 43 enim
850 1159 91 43 inter-

321 1194 165 39 pretatiue
448 1194 89 39 vel
499 1194 101 39 voce
562 1194 89 39 est
613 1194 190 39 voluntaria.
765 1194 114 39 Dices
841 1194 114 39 quare
904 1194 38 39 a

326 1223 139 36 postolus
431 1223 104 36 dixit
500 1223 128 36 infelix
593 1223 81 36 ego
640 1223 70 36 ho
674 1223 81 36 etc
721 1223 70 36 ⁋.
755 1223 174 36 Respondetur
883 1223 58 36 tum

332 1255 134 31 propter
429 1255 219 31 deordinationem
612 1255 219 31 concupiscentie
794 1255 85 31 tum
843 1255 97 31 quia
891 1255 49 31 ne

336 1284 63 33 mo
367 1284 104 33 potest
440 1284 94 33 omnia
502 1284 115 33 peccata
586 1284 104 33 vitare
659 1284 104 33 saltem
732 1284 125 33 venialia
825 1284 63 33 ad
857 1284 73 33 que
898 1284 63 33 in

335 1306 112 38 clinat
413 1306 101 38 fomes
480 1306 201 38 concupiscentie
648 1306 78 38 tum
692 1306 78 38 hoc
737 1306 101 38 habet
804 1306 112 38 timere
871 1306 78 38 casum

328 1335 138 33 imortalem.
437 1335 49 33 ⁋
457 1335 59 33 Ad
486 1335 158 33 auctoritates
615 1335 138 33 augustinus
724 1335 59 33 de
753 1335 109 33 peccato
832 1335 79 33 quod
882 1335 69 33 est
911 1335 40 33 pe

323 1362 72 41 na
359 1362 143 41 peccati.
466 1362 143 41 Dicendum
574 1362 96 41 quod
634 1362 96 41 ille
693 1362 96 41 pene
753 1362 84 41 que
801 1362 96 41 sunt
848 1362 96 41 commu-

334 1394 83 33 nes
381 1394 106 33 nobis
452 1394 71 33 et
488 1394 83 33 non
535 1394 94 33 sunt
594 1394 165 33 voluntarie
724 1394 83 33 nec
771 1394 94 33 vere
830 1394 83 33 nec
865 1394 83 33 inter

327 1423 170 37 pretatiue
457 1423 157 37 dicuntur
575 1423 143 37 peccata
679 1423 143 37 vocando
783 1423 157 37 peccatum
888 1423 52 37 vi

326 1447 101 38 tium
390 1447 126 38 nature
478 1447 89 38 vel
529 1447 228 38 deordinationem
718 1447 126 38 contra
807 1447 126 38 statum
883 1447 63 38 pri

330 1483 173 30 mordialem
463 1483 146 30 hominis
569 1483 80 30 et
609 1483 120 30 etiam
689 1483 106 30 sunt
755 1483 173 30 imputanda
875 1483 66 30 im-

326 1509 192 36 putabilitate
482 1509 132 36 peccati
578 1509 168 36 originalis
710 1509 72 36 ad
746 1509 108 36 penam
818 1509 108 36 damni
878 1509 60 36 seo

333 1535 82 34 non
380 1535 105 34 sicut
450 1535 93 34 noua
509 1535 129 34 peccata
602 1535 175 34 imputabilia
742 1535 70 34 ad
777 1535 105 34 penam
836 1535 105 34 sensus.

333 1563 73 34 De
369 1563 122 34 iudeis
455 1563 135 34 dicitur
553 1563 98 34 quod
614 1563 147 34 habebant
725 1563 110 34 Relum
786 1563 159 34 inordinatum

334 1593 93 34 fine
392 1593 174 34 discretione
531 1593 93 34 quam
589 1593 174 34 teneboentur
728 1593 116 34 habere
809 1593 69 34 vt
843 1593 81 34 non
878 1593 58 34 age

339 1623 98 33 rent
400 1623 86 33 tam
449 1623 147 33 grauiter
559 1623 123 33 contra
645 1623 147 33 proximum
755 1623 98 33 nisi
804 1623 135 33 sufficien

338 1651 78 29 ter
382 1651 111 29 essent
460 1651 100 29 certi
527 1651 67 29 de
561 1651 100 29 culpa
627 1651 111 29 ipsius
705 1651 67 29 et
739 1651 100 29 etiam
805 1651 67 29 oe
828 1651 111 29 propriis

329 1674 144 38 motibus
434 1674 183 38 mouebantur
578 1674 131 38 saltem
669 1674 170 38 simplices
800 1674 92 38 ita
839 1674 105 38 libidi

340 1703 85 35 nose
393 1703 64 35 ad
425 1703 106 35 mortem
499 1703 117 35 Christi
584 1703 85 35 quod
637 1703 138 35 veritatem
743 1703 74 35 non
786 1703 159 35 agnoscebant
903 1703 42 35 vn

336 1738 72 31 de
372 1738 72 31 et
408 1738 145 31 dixerunt
517 1738 133 31 sanguis
614 1738 97 31 eius
674 1738 109 31 super
747 1738 85 31 nos
795 1738 97 31 etc.
855 1738 85 31 non
892 1738 60 31 ob-

340 1762 163 31 stantibus
466 1762 138 31 maximis
566 1762 151 31 uraculis
679 1762 100 31 sibi
742 1762 113 31 notis
817 1762 113 31 satis
880 1762 63 31 eti

342 1790 73 31 am
378 1790 97 31 erat
439 1790 109 31 rumor
512 1790 73 31 in
548 1790 121 31 populo
633 1790 170 31 perueniens
767 1790 109 31 vsque
840 1790 73 31 ad
864 1790 85 31 pila-

337 1821 87 36 tum
386 1821 99 36 quod
448 1821 74 36 ex
485 1821 136 36 inuidia
584 1821 136 36 maiores
683 1821 111 36 eorum
745 1821 198 36 conspirauerunt

339 1850 123 34 contra
425 1850 86 34 eum
474 1850 74 34 et
510 1850 98 34 ideo
572 1850 86 34 non
621 1850 135 34 debeant
719 1850 86 34 tam
768 1850 135 34 leuiter
854 1850 98 34 consen

345 1876 102 36 tire
409 1876 178 36 maioribus.
549 1876 64 36 ⁋
574 1876 76 36 Et
612 1876 76 36 si
651 1876 153 36 arguitur
765 1876 140 36 aliquis
854 1876 102 36 peccat

345 1906 109 30 nolens
421 1906 98 30 patet
486 1906 76 30 per
530 1906 152 30 augustinum
650 1906 65 30 et
682 1906 120 30 ponitur
769 1906 65 30 17
802 1906 76 30 qi.
845 1906 54 30 1
856 1906 87 30 merito

345 1935 64 30 ⁋
371 1935 154 30 Queritur
486 1935 90 30 que
538 1935 103 30 sunt
602 1935 141 30 peccata
705 1935 167 30 nolentium
833 1935 77 30 an
872 1935 90 30 que
910 1935 39 30 a

335 1963 187 37 nescientibus
487 1963 187 37 committuntur
639 1963 70 37 an
674 1963 105 37 etiam
744 1963 105 37 recte
814 1963 117 37 possit
884 1963 70 37 dici

335 1993 153 34 peccatum
450 1993 153 34 nolentis
565 1993 102 34 quod
628 1993 127 34 facere
718 1993 204 34 compellitur.
883 1993 64 34 ⁋
896 1993 51 34 Et

337 2021 140 33 probatur
442 2021 82 33 ibi
489 2021 93 33 quod
548 2021 129 33 secundo
641 2021 93 33 modo
700 2021 70 33 et
735 2021 82 33 hoc
781 2021 117 33 contra
852 2021 93 33 volun-

336 2047 113 35 tatem
412 2047 101 35 dici
475 2047 113 35 solet
551 2047 189 35 Respondetur
702 2047 88 35 per
752 2047 151 35 decretum
866 2047 88 35 ibi
904 2047 50 35 et

338 2076 167 37 augustinus
469 2076 95 37 quod
529 2076 83 37 qui
576 2076 143 37 copulsus
684 2076 119 37 peccat
767 2076 167 37 voluntarie
886 2076 60 37 pec

348 2105 86 42 cat
397 2105 99 42 quia
459 2105 99 42 vult
520 2105 136 42 aliquid
619 2105 136 42 propter
718 2105 99 42 quod
779 2105 160 42 consentit
890 2105 62 42 fa

957 232 94 56 cere
1016 232 106 56 illud
1087 232 94 56 quod
1146 232 82 56 est
1193 232 153 56 peccatum.
1311 232 94 56 Unde
1370 232 130 56 dicitur
1452 232 106 56 ibideum

954 281 73 34 sed
995 281 105 34 vtique
1069 281 84 34 vult
1121 281 115 34 propter
1204 281 84 34 quod
1257 281 94 34 facit
1320 281 115 34 tamquam
1403 281 63 34 si
1435 281 115 34 prurare
1508 281 52 34 no-

958 310 73 35 lit
999 310 83 35 quod
1051 310 93 35 tamen
1113 310 93 35 facit
1175 310 73 35 cum
1217 310 83 35 vult
1269 310 104 35 viuere
1341 310 62 35 si
1372 310 124 35 quisquam
1465 310 83 35 nisi
1507 310 62 35 fece

955 337 62 35 rit
990 337 88 35 mortem
1052 337 97 35 minetur
1122 337 70 35 vult
1166 337 88 35 igitur
1228 337 79 35 facem
1281 337 70 35 quia
1325 337 70 35 vult
1369 337 79 35 viuem
1421 337 53 35 et
1439 337 123 35 consequenter

960 367 116 30 optime
1042 367 105 30 docet
1112 367 140 30 qualiter
1217 367 82 30 per
1263 367 70 30 se
1298 367 93 30 vult
1356 367 116 30 viuere
1438 367 70 30 et
1473 367 82 30 per
1508 367 58 30 con

953 395 122 33 sequens
1042 395 111 33 falsum
1119 395 111 33 iurare
1197 395 66 33 et
1230 395 144 33 concordat
1341 395 144 33 processui
1440 395 122 33 philosoph

961 426 119 28 tertio
1044 426 71 28 et
1080 426 130 28 hicorum
1175 426 71 28 oe
1210 426 178 28 prounciente
1353 426 119 28 merces
1436 426 71 28 in
1471 426 95 28 mari
1519 426 47 28 vn

963 451 68 34 de
997 451 68 34 et
1031 451 125 34 infert.
1122 451 125 34 Ideoque
1212 451 79 34 nec
1258 451 79 34 per
1303 451 125 34 seipsum
1394 451 125 34 appetit
1485 451 68 34 vt
1507 451 57 34 fal

954 481 96 36 sum.
1014 481 108 36 iuret
1086 481 84 36 sed
1134 481 72 36 vt
1170 481 132 36 iurando
1266 481 108 36 viuat
1337 481 72 36 et
1373 481 156 36 eodemmodo
1481 481 84 36 dicit

959 511 89 36 quod
1014 511 89 36 nemo
1070 511 89 36 vult
1125 511 78 36 per
1170 511 67 36 se
1203 511 122 36 peccare
1292 511 78 36 nam
1336 511 67 36 si
1369 511 155 36 diligenter
1480 511 89 36 inquit

956 539 177 31 inspiciatur
1098 539 106 31 forte
1169 539 106 31 ipsum
1239 539 130 31 peccare
1334 539 94 31 nemo
1393 539 106 31 velit
1464 539 83 31 sed
1499 539 71 31 pro-

958 567 109 36 pter
1026 567 123 36 aliud
1108 567 204 36 propterquod
1272 567 150 36 volitum
1380 567 150 36 peccant
1476 567 95 36 omnes

962 597 137 33 homines
1061 597 125 33 quippe
1149 597 87 33 qui
1199 597 150 33 scienter
1311 597 137 33 faciunt
1411 597 100 33 quod
1473 597 87 33 non
1511 597 62 33 li-

957 625 85 31 cet
1005 625 133 31 vellent
1102 625 121 31 licere
1187 625 109 31 vsque
1260 625 97 31 adeo
1320 625 133 31 peccare
1417 625 97 31 nemo
1466 625 109 31 appetit

958 654 134 34 propter
1055 654 85 34 hoc
1104 654 109 34 ipsum
1176 654 85 34 sed
1225 654 134 34 propter
1322 654 121 34 illud.
1407 654 73 34 Ex
1443 654 85 34 quo
1480 654 97 34 sequi-

960 684 80 31 tur
1005 684 69 31 et
1040 684 80 31 ibi
1085 684 103 31 notat
1154 684 149 31 apparatus
1268 684 91 31 quod
1325 684 80 31 hec
1371 684 183 31 argumentatio
1508 684 57 31 non

955 709 114 36 valet
1031 709 101 36 volo
1094 709 89 36 hoc
1145 709 126 36 igitur
1234 709 101 36 volo
1297 709 101 36 omen
1360 709 114 36 illud
1436 709 101 36 quod
1486 709 89 36 sequi

963 740 79 31 tur
1008 740 67 31 ex
1041 740 90 31 illo
1098 740 90 31 Unde
1154 740 90 31 iste
1210 740 90 31 vult
1266 740 146 31 fornicari
1379 740 112 31 igitur
1458 740 90 31 ille
1503 740 67 31 vult

955 767 122 35 damnari
1044 767 89 35 nisi
1099 767 155 35 intelligas
1221 767 144 35 indirecte
1332 767 67 35 et
1365 767 78 35 per
1399 767 166 35 consequentiam

961 794 71 33 Et
997 794 118 33 ibidem
1079 794 83 33 tam
1127 794 71 33 in
1162 794 106 33 textu
1233 794 95 33 quam
1292 794 71 33 in
1328 794 106 33 glosa
1399 794 95 33 vide
1458 794 106 33 plura
1517 794 59 33 de-

962 825 86 32 hac
1011 825 148 32 materia.
1122 825 62 32 ⁋
1147 825 74 32 Ad
1184 825 136 32 quartum
1283 825 111 32 dicit
1357 825 160 32 apparatus
1480 825 99 32 quod

963 855 135 30 telligit
1064 855 68 30 de
1098 855 147 30 nesciente
1211 855 79 30 qui
1256 855 135 30 negligit
1358 855 102 30 scire
1426 855 79 30 vel
1471 855 68 30 de
1493 855 68 30 igno

963 881 139 37 rantibus
1068 881 81 37 ius
1114 881 81 37 vel
1160 881 174 37 quantitatem
1299 881 139 37 delictis
1403 881 162 37 scientibus
1519 881 46 37 ta

956 911 86 34 men
1005 911 123 34 factum
1091 911 86 34 sed
1140 911 74 34 si
1177 911 160 34 nullomodo
1300 911 135 34 scirent
1399 911 74 34 vt
1436 911 123 34 infans
1509 911 62 34 vel

959 938 145 32 furiosus
1067 938 84 32 non
1116 938 157 32 peccarent
1236 938 96 32 Item
1297 938 72 32 13
1333 938 96 32 qui.
1393 938 60 32 1
1417 938 121 32 merito
1490 938 84 32 super

966 968 119 32 verbo
1045 968 198 32 nescientium
1204 968 132 32 dicit.
1296 968 66 32 ⁋
1323 968 172 32 Apparatus
1455 968 106 32 quia
1508 968 66 32 va-

962 994 94 38 riis
1021 994 106 38 modis
1092 994 130 38 dicitur
1186 994 94 38 quis
1245 994 130 38 nescire
1339 994 82 38 qui
1386 994 82 38 non
1434 994 94 38 scit
1493 994 106 38 illud

966 1027 90 33 quod
1022 1027 101 33 facit
1090 1027 90 33 esse
1146 1027 135 33 peccatum
1247 1027 79 33 vel
1292 1027 79 33 non
1337 1027 90 33 scit
1394 1027 113 33 tantum
1473 1027 90 33 esse
1518 1027 56 33 pec

961 1053 112 33 catum
1035 1053 137 33 quantum
1135 1053 87 33 est
1184 1053 75 33 et
1222 1053 112 33 talis
1296 1053 149 33 nesciens
1408 1053 162 33 puniretur
1520 1053 50 33 li

962 1080 84 33 cet
1010 1080 84 33 non
1058 1080 96 33 adeo
1117 1080 143 33 grauiter
1225 1080 72 33 et
1261 1080 191 33 exemplificat
1416 1080 72 33 14
1452 1080 72 33 q.
1487 1080 60 33 5
1499 1080 72 33 for-

959 1108 80 39 te⁋
1004 1108 91 39 Item
1061 1108 125 39 dicitur
1152 1108 114 39 scindu
1232 1108 91 39 esse
1289 1108 114 39 factum
1368 1108 80 39 sed
1414 1108 114 39 nescit
1482 1108 91 39 quanti

963 1138 102 31 tatem
1031 1138 102 31 facti
1099 1138 68 31 et
1133 1138 102 31 talis
1201 1138 147 31 quandoque
1314 1138 125 31 punitur
1405 1138 68 31 si
1439 1138 102 31 errat
1507 1138 68 31 in
1530 1138 45 31 iu

966 1166 84 36 re.
1014 1166 60 36 ⁋
1038 1166 84 36 Sed
1085 1166 84 36 non
1133 1166 131 36 punitur
1229 1166 84 36 cum
1277 1166 107 36 solum
1348 1166 107 36 errat
1420 1166 107 36 circa
1479 1166 96 36 factum

962 1196 106 34 ipsum
1033 1196 70 34 vt
1068 1196 70 34 si
1103 1196 94 34 quis
1162 1196 117 34 volens
1244 1196 176 34 interficere
1385 1196 117 34 leonem
1467 1196 82 34 dum
1503 1196 70 34 vult

965 1223 159 33 defendere
1087 1223 98 33 casu
1148 1223 171 33 interficit
1282 1223 146 33 hominem.
1392 1223 61 33 ⁋
1416 1223 98 33 Item
1465 1223 110 33 dicitur

962 1253 140 32 nescire
1064 1253 89 32 qui
1115 1253 115 32 omnes
1192 1253 127 32 nescit
1281 1253 76 32 vt
1319 1253 102 32 puer
1383 1253 127 32 ebrius
1459 1253 102 32 furios

963 1277 72 37 et
999 1277 107 37 talis
1070 1277 83 37 non
1118 1277 131 37 peccat.
1213 1277 60 37 ⁋
1237 1277 72 37 Ad
1273 1277 131 37 quintum
1368 1277 143 37 dicendum
1476 1277 95 37 quod
1523 1277 60 37 non

967 1309 81 32 est
1014 1309 115 32 simile
1094 1309 69 32 de
1129 1309 139 32 cecitate
1233 1309 139 32 rationis
1337 1309 69 32 et
1372 1309 104 32 oculi
1429 1309 139 32 corporalis

962 1337 96 37 Unde
1022 1337 108 37 verum
1094 1337 84 37 est
1142 1337 96 37 quod
1202 1337 120 37 lameih
1286 1337 84 37 non
1334 1337 156 37 excusatur
1454 1337 60 37 a
1466 1337 108 37 peccato

966 1363 137 38 propter
1065 1363 162 38 cecitatem
1190 1363 100 38 quia
1253 1363 112 38 fecit
1327 1363 150 38 scienter
1440 1363 100 38 quod
1490 1363 87 38 face-

970 1391 65 33 re
1003 1391 76 33 non
1046 1391 120 33 debuit.
1133 1391 87 33 vnde
1188 1391 98 33 addit
1253 1391 76 33 ibi
1296 1391 98 33 canon
1362 1391 87 33 quod
1416 1391 120 33 cecitas
1503 1391 76 33 est
1536 1391 43 33 fi

970 1421 102 31 milis
1038 1421 159 31 ignorantie
1162 1421 68 31 ex
1196 1421 125 31 vtraque
1287 1421 91 31 enim
1343 1421 113 31 quedam
1423 1421 102 31 fiunt
1491 1421 79 31 que
1525 1421 45 31 im

961 1452 158 35 putantur
1079 1452 79 35 ad
1119 1452 118 35 penam
1198 1452 132 35 quedam
1290 1452 105 35 vero
1355 1452 92 35 que
1408 1452 105 35 mime
1474 1452 66 35 ⁋
1487 1452 92 35 Secus

966 1479 92 33 enim
1024 1479 69 33 si
1059 1479 127 33 debitum
1151 1479 81 33 sue
1198 1479 104 33 vxori
1267 1479 69 33 se
1302 1479 127 33 credens
1394 1479 127 33 reddere
1475 1479 104 33 alienam

960 1507 133 38 polluit
1057 1507 85 38 non
1105 1507 85 38 est
1154 1507 97 38 reus
1214 1507 169 38 adulterii.
1347 1507 61 38 ⁋
1371 1507 85 38 Sed
1420 1507 85 38 cum
1468 1507 97 38 ludo
1517 1507 61 38 vel

970 1538 225 33 exeercitatione
1158 1538 125 33 virium
1246 1538 88 33 vel
1296 1538 163 33 venatione
1421 1538 125 33 iacula
1496 1538 75 33 mit-

967 1560 100 37 tens
1029 1560 138 37 perimat
1129 1560 100 37 quia
1192 1560 88 37 hoc
1242 1560 138 37 alienum
1342 1560 75 37 ab
1379 1560 75 37 eo
1417 1560 125 37 omnino
1492 1560 88 37 esse-

963 1591 104 34 debet
1033 1591 151 34 homicidum
1149 1591 93 34 reus
1207 1591 93 34 erit
1265 1591 81 34 hec
1312 1591 104 34 ille.
1381 1591 58 34 ⁋
1404 1591 81 34 Sed
1451 1591 104 34 secus
1509 1591 58 34 est

969 1618 73 34 de
1005 1618 110 34 mente
1079 1618 147 34 alienata
1189 1618 122 34 furore
1274 1618 73 34 vt
1311 1618 122 34 subdit
1396 1618 73 34 vt
1433 1618 110 34 supra
1494 1618 73 34 habi

967 1651 78 34 tum
1011 1651 89 34 est.
1067 1651 56 34 ⁋
1090 1651 67 34 Ad
1123 1651 112 34 sextum
1201 1651 134 34 dicendum
1301 1651 89 34 quod
1357 1651 67 34 in
1391 1651 134 34 potentia
1491 1651 78 34 non
1524 1651 45 34 le

966 1680 107 33 nigat
1038 1680 72 33 in
1073 1680 119 33 aliquo
1157 1680 119 33 culpam
1240 1680 83 33 per
1288 1680 95 33 quam
1348 1680 155 33 inciditur
1467 1680 72 33 in
1491 1680 83 33 impo-

962 1710 135 35 tentiam
1060 1710 86 35 nec
1109 1710 135 35 excusat
1208 1710 86 35 non
1257 1710 160 35 reddentem
1380 1710 135 35 debitum
1479 1710 62 35 a
1491 1710 86 35 pecca

965 1737 80 32 to
1005 1737 186 32 voluntarie
1151 1737 186 32 perpetrato
1297 1737 93 32 quo
1350 1737 213 32 incurrebatur
1510 1737 66 32 ime

971 1765 137 34 potentia
1073 1765 80 34 nec
1119 1765 103 34 etiam
1188 1765 91 34 ista
1245 1765 160 34 impotentia
1370 1765 69 34 in
1405 1765 114 34 aliquo
1473 1765 103 34 excusat

968 1799 116 30 illud
1046 1799 155 30 peccatum
1162 1799 91 30 quo
1214 1799 129 30 voluit
1304 1799 91 30 non
1356 1799 142 30 reddere
1460 1799 91 30 sed
1498 1799 78 30 impo

970 1822 124 37 tentem
1056 1822 74 37 se
1093 1822 124 37 facere
1180 1822 86 37 sed
1229 1822 136 37 excusat
1328 1822 74 37 ne
1365 1822 173 37 omissiones
1489 1822 86 37 tempo

967 1853 75 29 re
1004 1853 174 29 impotentie
1141 1853 100 29 sint
1203 1853 100 29 noua
1266 1853 137 29 peccata
1365 1853 162 29 punibilis
1490 1853 87 29 dum
1527 1853 50 29 ta

966 1879 86 35 men
1015 1879 99 35 illo
1077 1879 136 35 tempore
1176 1879 86 35 non
1225 1879 173 35 voluntarie
1361 1879 86 35 sed
1398 1879 173 35 displicibili

975 1906 78 34 ter
1020 1906 89 34 quis
1075 1906 145 34 omnittat.
1187 1906 56 34 ⁋
1209 1906 101 34 Secus
1277 1906 78 34 est
1321 1906 67 34 si
1355 1906 179 34 perseueraret
1500 1906 67 34 in
1522 1906 45 34 vo

971 1934 125 36 luntate
1062 1934 80 36 non
1107 1934 136 36 faciendi
1209 1934 80 36 vel
1255 1934 159 36 incarentia
1380 1934 114 36 gratie
1459 1934 91 36 quam
1505 1934 68 36 tene

972 1970 109 27 retur
1044 1970 121 27 habere
1129 1970 96 27 vnde
1189 1970 84 27 nec
1237 1970 109 27 adam.
1310 1970 133 27 totiens
1406 1970 145 27 peccauit
1515 1970 84 27 quo

975 1994 101 31 tiens
1042 1994 79 31 non
1087 1994 101 31 fecit
1154 1994 90 31 quod
1211 1994 135 31 primitus
1312 1994 112 31 facere
1390 1994 146 31 potuisset
1503 1994 67 31 et
1525 1994 45 31 de

966 2019 131 33 buisset
1062 2019 84 33 nec
1109 2019 84 33 nos
1157 2019 119 33 etiam.
1241 2019 96 33 Unde
1300 2019 72 33 si
1336 2019 131 33 gratiam
1432 2019 96 33 quis
1491 2019 84 33 non
1527 2019 48 33 ha

966 2047 99 34 beat
1028 2047 99 34 tunc
1089 2047 136 34 totiens
1188 2047 124 34 peccat
1275 2047 149 34 quotiens
1386 2047 74 34 ea
1424 2047 149 34 mediante
1523 2047 50 34 te

970 2082 112 30 netur
1044 2082 137 30 aliquid
1144 2082 125 30 facere
1232 2082 87 30 vel
1282 2082 137 30 implere
1382 2082 112 30 velle
1457 2082 87 30 non
1494 2082 75 30 quia

968 2107 64 34 non
1004 2107 82 34 habet
1059 2107 64 34 sed
1096 2107 73 34 quia
1142 2107 64 34 per
1178 2107 64 34 eum
1215 2107 73 34 stat
1261 2107 73 34 quod
1306 2107 64 34 non
1343 2107 82 34 habet
1398 2107 73 34 quia
1444 2107 64 34 non
1480 2107 64 34 dat
1508 2107 73 34 operam
