1797 2500
370 242 88 63 quod
425 242 109 63 errans
501 242 88 63 homo
556 242 142 63 deridetur
666 242 77 63 sed
709 242 88 63 quia
764 242 131 63 auctores
863 242 77 63 nfi
906 242 66 63 ab
928 242 55 63 eis

369 293 75 36 qui
412 293 97 36 foris
477 293 86 36 sunt
531 293 97 36 talia
596 293 129 36 sensisse
693 293 140 36 creduntur
800 293 65 36 et
833 293 75 36 cum
876 293 97 36 magno
930 293 43 36 eo

367 323 77 39 rum
411 323 143 39 exercitio
521 323 66 39 de
554 323 110 39 quorum
631 323 110 39 salute
709 323 143 39 satagimus
819 323 121 39 tanquam
907 323 88 39 indo

370 354 76 33 cti
414 354 195 33 reprehenduntur
576 354 65 33 et
609 354 163 33 reperiuntur
739 354 76 33 cum
783 354 87 33 enim
837 354 87 33 quem
891 354 87 33 quam
935 354 43 33 de

370 380 115 36 numero
450 380 196 36 Christianorum
611 380 69 36 il
646 380 69 36 ea
680 380 69 36 re
715 380 92 36 quam
772 380 115 36 optime
853 380 115 36 norunt
922 380 58 36 er-

380 411 89 33 rare
436 411 200 33 comprehenderit
603 411 67 33 et
636 411 100 33 vanam
703 411 89 33 suam
758 411 156 33 sententiam
881 411 67 33 de
903 411 67 33 nris

376 432 107 42 libris
451 432 128 42 asserere
547 432 75 42 quo
590 432 96 42 pacto
654 432 96 42 illis
718 432 107 42 libris
793 432 128 42 creditur
889 432 85 42 sunt
931 432 43 42 de

370 462 206 39 resurrectione
539 462 133 39 mortuor
636 462 73 39 de
672 462 85 39 spe
721 462 97 39 vite
781 462 121 39 eterne
866 462 73 39 de
890 462 85 39 regno

368 490 125 37 celorum
459 490 114 37 quando
538 490 68 37 de
572 490 80 37 his
618 490 102 37 rebus
686 490 91 37 quas
742 490 80 37 iam
788 490 136 37 experiri
890 490 80 37 vel
924 490 57 37 in-

369 515 164 45 dubitantur
498 515 141 45 mentibus
604 515 153 45 percipere
722 515 164 45 fallaciter
839 515 141 45 putauerunt

367 547 90 39 esse
423 547 169 39 conscriptos
558 547 90 39 quid
615 547 90 39 enim
671 547 135 39 molestie
772 547 180 39 tristicieque
907 547 68 39 inge

365 574 130 42 nerant
456 574 195 42 prudentibus
612 574 169 42 fratribus
741 574 169 42 temerarum
858 574 117 42 presum.

370 607 121 39 ptores
455 607 97 39 etc.
515 607 61 39 ⁋
540 607 73 39 Ad
576 607 170 39 argumentum
709 607 121 39 igitur
794 607 109 39 eorum
855 607 121 39 dicendum

375 632 92 42 quod
433 632 161 42 principium
560 632 92 42 quod
617 632 92 42 ipsi
675 632 81 42 hic
721 632 150 42 supponunt
824 632 150 42 falsissimum

371 664 80 35 est
416 664 148 35 supposita
530 664 137 35 veritate
632 664 114 35 fidei.
712 664 57 35 ⁋
735 664 80 35 Iam
780 664 91 35 enim
826 664 148 35 preostensum

380 694 74 31 est
423 694 85 31 quod
476 694 95 31 nulla
539 694 74 31 sit
582 694 148 31 distinctio
698 694 74 31 vel
741 694 74 31 non
783 694 148 31 ydemptitas
900 694 74 31 vel
932 694 42 31 mo

380 719 77 35 dus
424 719 77 35 non
468 719 132 35 deitatis
568 719 99 35 inter
634 719 132 35 deitatem
733 719 66 35 et
766 719 110 35 patrem
844 719 77 35 vel
877 719 99 35 deitati

370 751 69 37 ad
404 751 114 37 patrem
484 751 80 37 vel
530 751 195 37 paternitatem.
690 751 103 37 tamen
759 751 137 37 deitatis
862 751 69 37 ad
884 751 92 37 patret

373 779 77 33 non
417 779 77 33 est
461 779 99 33 omnis
527 779 99 33 modus
594 779 177 33 ydemptitatis
737 779 77 33 qui
781 779 77 33 est
825 779 121 33 eiusdem
914 779 66 33 ad
936 779 44 33 se

383 802 83 41 quia
435 802 73 41 non
476 802 73 41 est
518 802 83 41 sibi
570 802 94 41 eadem
632 802 198 41 conuertibiliter
799 802 73 41 nec
841 802 73 41 per
882 802 62 41 se
903 802 73 41 primo

377 835 86 33 modo
431 835 64 33 vt
463 835 172 33 praeostendi.
603 835 54 33 ⁋
624 835 97 33 Cuius
688 835 139 33 oppositum
796 835 118 33 sumpsit
881 835 86 33 ista
924 835 54 33 sup

382 861 119 34 positio.
471 861 49 34 ⁋
491 861 59 34 Ad
520 861 119 34 rationem
609 861 59 34 in
639 861 89 34 forma
698 861 109 34 dicitur
777 861 79 34 quod
827 861 89 34 maior
886 861 69 34 est
916 861 59 34 vera

376 892 76 33 sed
420 892 98 33 minor
485 892 76 33 est
529 892 131 33 erronea.
627 892 54 33 ⁋
648 892 65 33 Ad
681 892 163 33 probationem
812 892 120 33 eiusdem
888 892 98 33 dicitir

380 921 82 37 quod
431 921 72 37 tam
472 921 92 37 maior
533 921 82 37 quam
584 921 92 37 minor
646 921 92 37 false
707 921 82 37 sunt
758 921 112 37 propter
840 921 102 37 falsam
901 921 82 37 impli-

378 945 121 40 cationem
469 945 81 40 quae
519 945 111 40 additur
599 945 70 40 cum
640 945 111 40 dicitur
720 945 161 40 demonstrando
851 945 111 40 penitus
922 945 60 40 idem

375 971 88 41 quia
430 971 110 41 nullum
507 971 88 41 idem
562 971 77 41 ibi
606 971 176 41 demonstratur
750 971 77 41 nec
794 971 121 41 penitus
882 971 88 41 idem
926 971 55 41 nec

380 1002 73 35 non
421 1002 115 35 penitus
505 1002 84 35 idem
557 1002 105 35 certum
630 1002 84 35 enim
683 1002 73 35 est
725 1002 84 35 quod
777 1002 94 35 nulla
840 1002 94 35 eadem
892 1002 94 35 creatum

378 1030 63 36 ra
409 1030 168 36 demonstratur
546 1030 63 36 in
577 1030 116 36 vtraque
661 1030 95 36 parte
724 1030 147 36 copulatiue
840 1030 63 36 ex
871 1030 95 36 parte
924 1030 53 36 sub

375 1059 131 37 iectorum
474 1059 88 37 quia
528 1059 77 37 hoc
572 1059 99 37 nihil
638 1059 99 37 esset
703 1059 66 37 ad
736 1059 153 37 propositum
857 1059 77 37 nec
889 1059 88 37 aliqua

370 1086 68 34 est
409 1086 88 34 eadem
468 1086 107 34 entitas
546 1086 78 34 quae
594 1086 68 34 sit
633 1086 78 34 deus
682 1086 68 34 vel
721 1086 78 34 quae
770 1086 68 34 sit
809 1086 107 34 aliquid
887 1086 78 34 idem
926 1086 58 34 quod

376 1120 77 32 sit
420 1120 88 32 deus
475 1120 121 32 propter
563 1120 132 32 rationem
662 1120 99 32 supra
728 1120 99 32 actam
794 1120 88 32 quia
849 1120 110 32 nullum
915 1120 66 32 tale

378 1144 66 37 est
415 1144 95 37 trinum
482 1144 57 37 et
510 1144 66 37 non
548 1144 66 37 est
585 1144 95 37 trinum
652 1144 113 37 secundum
737 1144 123 37 veritatem
831 1144 85 37 sicut
888 1144 85 37 patet
935 1144 38 37 di

364 1176 147 35 scurrendo
477 1176 79 35 per
522 1176 147 35 quodlibet
635 1176 79 35 ibi
680 1176 181 35 assignandum.
827 1176 57 35 ⁋
850 1176 102 35 Dices
906 1176 68 35 ista

371 1206 198 30 contradictoria
536 1206 66 30 et
569 1206 99 30 multa
635 1206 88 30 alia
689 1206 165 30 veificantur
821 1206 66 30 de
854 1206 121 30 deitate
931 1206 44 30 et

369 1227 63 38 de
400 1227 94 38 patre
463 1227 63 38 et
494 1227 73 38 per
536 1227 63 38 te
568 1227 94 38 pater
631 1227 63 38 et
662 1227 105 38 deitas
736 1227 84 38 idem
788 1227 94 38 sunt.
851 1227 105 38 Igitur
914 1227 63 38 veri

373 1260 145 34 ficantur
482 1260 85 34 pro
530 1260 121 34 eodem.
615 1260 60 34 ⁋
639 1260 145 34 Dicendum
747 1260 97 34 quod
808 1260 109 34 forma
868 1260 109 34 argumen

377 1289 64 34 ti
409 1289 75 34 non
452 1289 96 34 valet
516 1289 75 34 sed
559 1289 118 34 deficit
645 1289 96 34 sicut
709 1289 86 34 ista
762 1289 96 34 pater
826 1289 64 34 in
858 1289 118 34 diuinis
933 1289 43 34 ge

372 1320 88 29 nerat
431 1320 59 29 et
460 1320 98 29 filius
529 1320 127 29 generatur
626 1320 59 29 et
656 1320 88 29 pater
714 1320 59 29 et
744 1320 98 29 filius
812 1320 78 29 idem
861 1320 78 29 sunt
910 1320 59 29 in
929 1320 49 29 di-

376 1343 109 35 uinis
449 1343 121 35 igitur
533 1343 97 35 idem
594 1343 73 35 in
630 1343 133 35 diuinis
727 1343 133 35 generat
824 1343 73 35 et
848 1343 133 35 generatur

375 1374 77 33 sed
419 1374 132 33 sufficit
518 1374 77 33 quo
562 1374 66 33 ad
595 1374 110 33 primum
672 1374 143 33 discursum
782 1374 88 33 quod
826 1374 154 33 verificentur

372 1405 61 32 de
402 1405 92 32 eodem
463 1405 71 32 vel
504 1405 61 32 de
535 1405 71 32 his
575 1405 81 32 quae
626 1405 81 32 sunt
677 1405 81 32 idem
728 1405 61 32 et
758 1405 71 32 quo
799 1405 61 32 ad
830 1405 122 32 secundum
911 1405 61 32 quod

376 1432 83 32 idem
428 1432 115 32 generat
511 1432 63 32 et
542 1432 135 32 generatur
647 1432 73 32 vel
688 1432 83 32 quod
740 1432 83 32 idem
792 1432 104 32 signat
865 1432 94 32 illud
917 1432 63 32 quod

386 1457 118 36 tenerat
472 1457 64 36 et
504 1457 96 36 illud
568 1457 85 36 quod
621 1457 139 36 generatur
728 1457 64 36 et
760 1457 75 36 ita
803 1457 96 36 dicte
856 1457 118 36 conclusio

368 1485 82 34 nes
415 1485 118 34 illate
498 1485 188 34 verificantur
651 1485 82 34 quo
698 1485 71 34 ad
733 1485 118 34 partes
815 1485 141 34 secundas
921 1485 82 34 non

382 1515 85 37 quo
430 1515 73 37 ad
467 1515 121 37 partes
551 1515 133 37 primas.
648 1515 60 37 ⁋
672 1515 97 37 Item
732 1515 97 37 addo
793 1515 109 37 aliud
853 1515 121 37 exemplum

377 1548 80 29 vbi
422 1548 114 29 nullus
502 1548 69 29 fi
537 1548 103 29 lelis
605 1548 126 29 dubitat
696 1548 114 29 quando
776 1548 137 29 premisse
879 1548 91 29 sunt
925 1548 57 29 ve-

374 1570 66 35 re
407 1570 66 35 et
440 1570 144 35 conclusio
551 1570 100 35 falsa
618 1570 78 35 sic
662 1570 133 35 arguendo
762 1570 66 35 de
795 1570 89 35 isto
850 1570 100 35 patre
917 1570 66 35 et
939 1570 44 35 de

376 1597 94 37 isto
435 1597 106 37 filio
505 1597 188 37 demonstrando
658 1597 117 37 patrem
740 1597 70 37 et
775 1597 117 37 filium
857 1597 70 37 in
880 1597 106 37 diuinis

377 1627 167 33 verificantur
512 1627 188 33 contradictoria
669 1627 73 33 sed
711 1627 84 33 iste
763 1627 94 33 pater
826 1627 63 33 et
858 1627 84 33 iste
899 1627 84 33 filius

377 1656 88 34 sunt
432 1656 109 34 deitas
508 1656 109 34 igitur
585 1656 66 34 de
618 1656 120 34 deitate
705 1656 175 34 verificantur
837 1656 142 34 contradicto

367 1685 85 33 ria.
421 1685 53 33 ⁋
442 1685 117 33 Similis
527 1685 85 33 enim
580 1685 128 33 defectus
676 1685 74 33 est
718 1685 64 33 in
750 1685 85 33 isto
803 1685 128 33 discursu
899 1685 64 33 de
920 1685 64 33 actu

377 1711 125 34 signato
468 1711 102 34 licet
536 1711 137 34 videatur
638 1711 91 34 esse
695 1711 171 34 sillogismus
821 1711 159 34 expositorius

372 1742 96 42 sicut
436 1742 64 42 in
468 1742 117 42 secundo
554 1742 64 42 et
586 1742 139 42 similibus
692 1742 64 42 de
724 1742 85 42 actu
778 1742 139 42 excercito
884 1742 75 42 vel
916 1742 75 42 sicut

377 1770 74 31 in
414 1770 184 31 paralogismo
561 1770 172 31 principali
695 1770 74 31 de
732 1770 86 31 quo
781 1770 86 31 est
830 1770 86 31 hic
867 1770 98 31 sermo.

381 1792 58 45 ⁋
405 1792 117 45 Aliter
486 1792 70 45 et
522 1792 105 45 redit
592 1792 93 45 idem
650 1792 70 45 in
685 1792 164 45 sententia.
814 1792 164 45 Responderi
931 1792 58 45 po-

375 1827 104 33 test
440 1827 78 33 ad
479 1827 155 33 rationem
595 1827 194 33 principalem
751 1827 130 33 contra
829 1827 155 33 solutionem

377 1857 98 33 huius
443 1857 98 33 dubii
508 1857 87 33 quod
563 1857 76 33 non
607 1857 76 33 est
650 1857 66 33 de
683 1857 76 33 his
727 1857 142 33 nominebus
836 1857 109 33 deitas
913 1857 66 33 et
934 1857 55 33 pa-

371 1886 83 32 ter
419 1886 107 32 sicut
490 1886 71 32 de
525 1886 83 32 his
572 1886 130 32 gladius
667 1886 107 32 ensis
738 1886 83 32 non
786 1886 95 32 enim
845 1886 95 32 sunt
892 1886 95 32 conuer

374 1914 137 31 tibilia
473 1914 87 31 cum
523 1914 112 31 multa
597 1914 199 31 verificantur
759 1914 75 31 oe
796 1914 87 31 vno
846 1914 87 31 que
896 1914 87 31 non
933 1914 50 31 de

371 1941 102 34 alio
435 1941 76 34 et
473 1941 165 34 econuerso
600 1941 76 34 et
638 1941 115 34 etiam
715 1941 102 34 vnum
778 1941 115 34 eorum
855 1941 76 34 de
880 1941 102 34 multis

377 1972 194 34 verificatur
532 1972 77 34 de
571 1972 129 34 quibus
661 1972 90 34 non
713 1972 155 34 reliquum
829 1972 103 34 quia
881 1972 103 34 deitas

376 2003 82 29 est
423 2003 106 29 simul
494 2003 94 29 tres
553 2003 130 29 persone
647 2003 71 29 et
683 2003 165 29 sigillatim
812 2003 141 29 quelibet
907 2003 82 29 earum

383 2027 82 33 dem
430 2027 82 33 non
477 2027 82 33 sic
523 2027 117 33 aliqua
605 2027 128 33 persona
698 2027 82 33 est
745 2027 93 33 tres
803 2027 128 33 dersone
885 2027 70 33 etc.

370 2060 67 34 ⁋
396 2060 81 34 Se
437 2060 135 34 cundum
531 2060 135 34 dubium
625 2060 108 34 quia
693 2060 148 34 videtur
800 2060 108 34 quod
854 2060 135 34 supradi-

375 2085 91 35 cte
427 2085 209 35 couclusiones
597 2085 91 35 non
649 2085 105 35 sunt
715 2085 105 35 vere
780 2085 78 35 et
819 2085 118 35 primo
884 2085 105 35 contra

372 2111 129 49 primam
462 2111 77 49 et
501 2111 155 49 secundam
617 2111 116 49 simul
695 2111 90 49 que
747 2111 129 49 dicunt
837 2111 103 49 quod
889 2111 103 49 essen

994 246 85 53 tia
1042 246 85 53 non
1091 246 193 53 distinguitur
1248 246 145 53 realiter
1356 246 60 53 a
1380 246 133 53 persona
1477 246 85 53 vel
1525 246 60 53 a
1538 246 72 53 pro-

991 295 145 37 prietate
1100 295 158 37 personali
1221 295 133 37 diuina.
1318 295 61 37 ⁋
1342 295 145 37 Arguitur
1451 295 85 37 sic
1488 295 121 37 verifica

993 320 76 44 tio
1037 320 207 44 contradictorior
1211 320 76 44 de.
1254 320 65 44 a.
1287 320 76 44 et.
1330 320 65 44 b.
1363 320 76 44 est
1406 320 76 44 via
1450 320 141 44 potissima
1548 320 54 44 pro

1001 353 105 32 bandi.
1075 353 63 32 a.
1107 353 74 32 et.
1149 353 63 32 b.
1180 353 137 32 distingui
1285 353 126 32 realiter
1380 353 137 32 supposito
1485 353 84 32 quod
1537 353 63 32 a.
1558 353 53 32 sit

994 378 92 30 vera
1052 378 81 30 res
1098 378 81 30 et.
1145 378 69 30 b.
1179 378 162 30 similiter.
1307 378 58 30 ⁋
1330 378 81 30 Per
1376 378 92 30 hanc
1434 378 92 30 enim
1491 378 92 30 viam
1538 378 69 30 pro-

997 407 114 33 batur
1073 407 114 33 primo
1149 407 177 33 phisicorum
1288 407 152 33 materiam
1402 407 88 33 non
1452 407 101 33 esse
1503 407 101 33 formam

1003 436 96 39 quia
1063 436 133 39 materia
1160 436 109 39 manet
1232 436 109 39 eadem
1304 436 84 39 sub
1353 436 133 39 vtroque
1449 436 133 39 termino
1534 436 84 39 trans

993 464 188 36 mutationis
1140 464 80 36 fo
1180 464 80 36 ma
1220 464 107 36 vero
1287 464 107 36 non.
1354 464 67 36 ⁋
1381 464 80 36 Et
1421 464 147 36 septimo
1515 464 94 36 metha

1001 493 136 39 phisice
1099 493 123 39 probat
1186 493 99 39 quod
1248 493 173 39 compositum
1383 493 136 39 dicitur
1482 493 62 39 a
1495 493 123 39 partibus

1004 526 88 36 quia
1059 526 143 36 separatis
1169 526 66 36 a.
1202 526 77 36 et.
1246 526 66 36 b.
1279 526 110 36 manent
1356 526 66 36 a.
1389 526 77 36 et.
1433 526 66 36 b.
1466 526 66 36 et
1499 526 99 36 tamen
1554 526 55 36 non

1001 551 105 32 manent.
1078 551 57 32 a.
1106 551 67 32 et.
1144 551 57 32 b.
1173 551 67 32 cum
1211 551 95 32 igitur
1278 551 67 32 de.
1316 551 57 32 a.
1344 551 67 32 et.
1382 551 48 32 b
1401 551 57 32 id
1430 551 67 32 est
1468 551 57 32 de
1487 551 124 32 proprietate

994 578 167 37 personali
1122 578 90 37 seu
1174 578 115 37 etiam
1250 578 141 37 persona
1353 578 77 37 et
1391 578 77 37 de
1430 578 141 37 deitate
1519 578 90 37 multa

996 611 213 36 contradictoria
1174 611 189 36 verificantur
1328 611 118 36 igitur
1411 611 142 36 realiter
1505 611 107 36 debetur

998 638 76 32 cum
1041 638 119 32 vtraque
1128 638 76 32 sit
1171 638 76 32 res
1214 638 65 32 et
1246 638 86 32 siue
1300 638 119 32 vtraque
1387 638 76 32 sit
1430 638 76 32 res
1473 638 86 32 siue
1527 638 76 32 non
1559 638 54 32 sal

998 664 73 30 tem
1039 664 125 30 sequitur
1133 664 73 30 per
1175 664 94 30 artem
1237 664 146 30 philosophy
1352 664 83 30 quod
1404 664 104 30 deitas
1477 664 73 30 non
1518 664 73 30 sit
1550 664 62 30 per-

997 692 101 37 sona
1060 692 88 37 nec
1111 692 151 37 econtra.
1224 692 63 37 ⁋
1249 692 101 37 Item
1312 692 88 37 sco
1362 692 126 37 arguit
1450 692 151 37 secundum
1551 692 63 37 con

1002 720 167 33 siderationem
1137 720 146 33 philosophy
1252 720 115 33 septimo
1336 720 157 33 thopicorum.
1462 720 63 33 ad
1483 720 125 33 probstani-

996 750 87 34 dum
1045 750 125 34 aliqua
1133 750 150 34 differre
1245 750 150 34 sufficit
1357 750 137 34 probare
1457 750 137 34 aliquid
1544 750 75 34 dici

995 776 76 36 oe
1033 776 89 36 vno
1084 776 101 36 quod
1147 776 89 36 non
1198 776 139 36 dicitur
1299 776 76 36 de
1337 776 101 36 alio
1400 776 89 36 hoc
1451 776 152 36 inuenies
1564 776 76 36 in

1004 807 138 32 positione
1111 807 64 32 in
1143 807 170 32 reportatione
1281 807 149 32 paristenm.
1398 807 75 32 di.
1441 807 64 32 33
1473 807 64 32 q.
1505 807 96 32 prima
1558 807 53 32 nec

1007 834 97 36 valet
1072 834 108 36 dicere
1147 834 86 36 quod
1201 834 75 36 non
1244 834 129 36 sequitur
1341 834 86 36 ista
1395 834 140 36 conclusio
1503 834 75 36 non
1536 834 75 36 valet

999 861 78 32 sed
1043 861 89 32 quod
1099 861 111 32 deitas
1176 861 78 32 non
1220 861 78 32 sit
1265 861 155 32 formaliter
1387 861 155 32 proprietas
1508 861 78 32 vel
1542 861 66 32 per-

1004 889 97 39 sona
1064 889 109 39 tamen
1137 889 97 39 quia
1197 889 169 39 formaliter
1330 889 85 39 non
1378 889 133 39 ponitur
1475 889 72 39 in
1499 889 109 39 premis-

1001 918 87 38 sis
1050 918 100 38 ideo
1113 918 87 38 non
1163 918 112 38 debet
1238 918 137 38 ingredi
1337 918 200 38 conclusionem
1500 918 87 38 vel
1537 918 75 38 econ

999 949 107 37 uerso
1070 949 189 37 transponendo
1224 949 154 37 premissas
1343 949 71 37 et
1378 949 107 37 etiam
1449 949 95 37 dato
1508 949 95 37 quod
1568 949 71 37 in

1000 976 140 40 greditur
1105 976 82 40 non
1152 976 129 40 valeret
1246 976 152 40 discursus
1363 976 105 40 sicut
1433 976 105 40 patet
1503 976 129 40 addendo

1002 1009 140 33 realiter
1107 1009 81 33 sic
1154 1009 140 33 arguendo
1258 1009 116 33 deitas
1340 1009 81 33 est
1386 1009 140 33 realiter
1479 1009 128 33 filiatio.

996 1032 167 38 paternitas
1127 1032 83 38 non
1175 1032 83 38 est
1222 1032 143 38 realiter
1329 1032 143 38 filiatio
1436 1032 119 38 igitur
1508 1032 107 38 paterni

1000 1066 79 33 tas
1045 1066 79 33 non
1090 1066 79 33 est
1136 1066 136 33 realiter
1238 1066 113 33 deitas
1317 1066 147 33 similiter
1431 1066 79 33 nec
1476 1066 79 33 hic
1521 1066 91 33 iste
1567 1066 45 33 de

1001 1094 81 31 us
1041 1094 94 31 non
1095 1094 94 31 est
1148 1094 188 31 formaliter
1296 1094 121 31 pater
1376 1094 215 31 demonstrando
1537 1094 81 31 deum

1003 1123 73 32 qui
1044 1123 73 32 est
1086 1123 94 32 pater
1149 1123 63 32 et
1180 1123 63 32 si
1211 1123 94 32 pirtu
1274 1123 115 32 sanctus
1357 1123 94 32 pater
1420 1123 73 32 est
1462 1123 146 32 formaliter
1566 1123 52 32 pa-

1001 1149 85 38 ter
1049 1149 121 38 igitur
1134 1149 109 38 pater
1207 1149 85 38 non
1256 1149 85 38 est
1304 1149 170 38 formaliter
1438 1149 97 38 deus
1499 1149 85 38 tum
1535 1149 73 38 ter-

997 1176 81 41 tio
1044 1176 93 41 quia
1102 1176 93 41 tunc
1160 1176 81 41 ars
1206 1176 174 41 aristotelis
1345 1176 81 41 non
1392 1176 186 41 sufficienter
1531 1176 81 41 infer

995 1206 90 35 ret
1046 1206 154 35 materiam
1162 1206 90 35 non
1213 1206 102 35 esse
1277 1206 128 35 formam
1367 1206 90 35 sed
1418 1206 90 35 non
1469 1206 102 35 esse
1520 1206 90 35 forma

999 1233 106 33 liter
1070 1233 129 33 formam.
1163 1233 59 33 ⁋
1187 1233 129 33 Secundo
1281 1233 199 33 principaliter
1445 1233 94 33 quia
1492 1233 117 33 secundum

991 1264 155 37 augustinum
1112 1264 55 37 7
1134 1264 66 37 de
1168 1264 110 37 trini.
1245 1264 77 37 ca.
1289 1264 55 37 4
1311 1264 66 37 et
1344 1264 121 37 habetur
1432 1264 66 37 in
1466 1264 121 37 littera
1543 1264 66 37 esse

997 1290 124 32 sumitur
1087 1290 67 32 ab
1120 1290 135 32 essentia
1222 1290 101 32 sicut
1289 1290 112 32 sapere
1368 1290 56 32 a
1390 1290 146 32 sapientia
1503 1290 79 32 vel
1536 1290 79 32 econ-

996 1319 99 33 uerso
1062 1319 109 33 igitur
1138 1319 88 33 quot
1193 1319 88 33 esse
1248 1319 77 33 tot
1292 1319 131 33 essentie
1390 1319 77 33 tot
1434 1319 88 33 quot
1478 1319 131 33 substantie

1005 1346 97 33 igitur
1073 1346 87 33 sicut
1131 1346 58 33 in
1160 1346 106 33 diuinis
1237 1346 77 33 tres
1285 1346 77 33 sunt
1334 1346 154 33 subsistentie
1459 1346 68 33 ita
1498 1346 77 33 tres
1536 1346 68 33 erunt

1005 1376 124 31 essentie
1098 1376 103 31 igitur
1170 1376 62 31 ex
1201 1376 124 31 opposito
1294 1376 72 31 cum
1336 1376 72 31 ibi
1377 1376 72 31 non
1418 1376 83 31 sint
1470 1376 83 31 tres
1512 1376 103 31 essentie

1005 1407 64 34 nec
1041 1407 73 34 tres
1087 1407 100 34 persone
1160 1407 55 34 et
1187 1407 64 34 per
1224 1407 128 34 consequens
1324 1407 91 34 posita
1388 1407 64 34 tam
1425 1407 128 34 constantia
1516 1407 91 34 deitatis

1000 1431 85 36 quam
1054 1431 149 36 personarum
1170 1431 106 36 deitas
1245 1431 181 36 distigueretur
1394 1431 64 36 ab
1425 1431 106 36 aliqua
1500 1431 74 36 vel
1542 1431 53 36 a
1553 1431 53 36 qua

997 1458 86 42 libet
1055 1458 114 42 personau
1140 1458 76 42 quod
1188 1458 67 42 est
1226 1458 124 42 intentum.
1321 1458 48 42 ⁋
1340 1458 76 42 Item
1388 1458 57 42 si
1417 1458 114 42 essentia
1502 1458 57 42 et
1521 1458 86 42 persona

1001 1488 90 34 sunt
1057 1488 90 34 idem
1113 1488 135 34 realiter
1215 1488 113 34 igitur
1294 1488 180 34 multiplicato
1440 1488 79 34 vno
1485 1488 101 34 istor
1541 1488 68 34 mul-

997 1517 141 33 tiplicatur
1108 1517 60 33 et
1138 1517 90 33 alter
1198 1517 101 33 igitur
1268 1517 90 33 sicut
1329 1517 80 33 sunt
1379 1517 80 33 tres
1429 1517 111 33 persone
1510 1517 70 33 ita
1540 1517 70 33 erunt

996 1548 78 37 tres
1045 1548 117 37 essentie
1132 1548 136 37 consequens
1239 1548 68 37 est
1278 1548 107 37 falsum.
1356 1548 58 37 Et
1385 1548 156 37 consequentia
1512 1548 88 37 patet
1570 1548 58 37 in

998 1578 116 37 exemplis
1085 1578 126 37 inductiue
1182 1578 77 37 quia
1231 1578 77 37 enim
1279 1578 58 37 ho
1308 1578 58 37 et
1337 1578 116 37 risibile
1424 1578 77 37 sunt
1473 1578 77 37 idem
1511 1578 97 37 realiter

1000 1603 107 34 igitur
1075 1603 86 34 quot
1129 1603 86 34 sunt
1182 1603 139 34 risibilis
1289 1603 75 34 tot
1332 1603 86 34 sunt
1385 1603 118 34 homines
1471 1603 64 34 et
1492 1603 118 34 econuerso

999 1632 72 35 et
1035 1632 83 35 non
1083 1632 107 35 solum
1154 1632 72 35 in
1190 1632 226 35 conuertibilibus
1381 1632 83 35 sed
1428 1632 107 35 etiam
1500 1632 72 35 in
1524 1632 83 35 aliis

1002 1660 159 38 arguitur
1121 1660 172 38 multitudo
1254 1660 199 38 contentorum
1413 1660 93 38 sub
1466 1660 119 38 signo
1532 1660 80 38 com-

997 1688 140 32 muniori
1099 1688 76 32 ex
1137 1688 191 32 multitudine
1290 1688 191 32 contentorum
1443 1688 89 32 sub
1493 1688 115 32 signo
1557 1688 51 32 mi

1004 1717 80 36 nus
1049 1717 126 36 communi
1141 1717 103 36 sicut
1209 1717 80 36 fit
1255 1717 68 36 in
1289 1717 148 36 proposito
1403 1717 114 36 igitur
1483 1717 91 36 etc.
1540 1717 57 36 ⁋
1552 1717 68 36 Item

1007 1747 157 36 quecunque
1128 1747 109 36 eidem
1200 1747 96 36 sunt
1260 1747 96 36 idem
1321 1747 96 36 illa
1381 1747 109 36 inter
1453 1747 72 36 se
1489 1747 96 36 sunt
1538 1747 72 36 idem

1003 1777 117 34 eodem
1081 1777 104 34 modo
1146 1777 91 34 quo
1198 1777 104 34 sunt
1263 1777 104 34 idem
1328 1777 117 34 eidem
1406 1777 91 34 sed
1458 1777 143 34 persone
1549 1777 65 34 rea

1009 1802 105 32 liter
1079 1802 93 32 sunt
1137 1802 93 32 idem
1195 1802 140 32 essentie
1300 1802 116 32 igitur
1381 1802 128 32 persone
1474 1802 93 32 sunt
1521 1802 93 32 reali-

1001 1828 87 38 ter
1050 1828 100 38 idem
1113 1828 112 38 inter
1188 1828 75 38 se
1225 1828 175 38 consequens
1362 1828 87 38 est
1412 1828 125 38 falsum
1499 1828 75 38 et
1537 1828 87 38 non
1574 1828 50 38 ma

1004 1860 83 31 ior
1052 1860 83 31 que
1099 1860 107 31 patet
1170 1860 107 31 primo
1241 1860 166 31 phisicorum
1371 1860 118 31 igitur
1454 1860 130 31 videtur
1537 1860 71 31 quod

999 1886 102 36 minor
1067 1886 80 36 sit
1112 1886 114 36 falsa.
1192 1886 57 36 ⁋
1215 1886 91 36 Item
1272 1886 137 36 decretum
1374 1886 102 36 supra
1442 1886 102 36 dicit
1511 1886 68 36 vt
1533 1886 80 36 disti

1006 1917 127 34 ctiones
1099 1917 93 34 sint
1157 1917 69 34 in
1192 1917 127 34 persona
1284 1917 69 34 et
1319 1917 116 34 vnitas
1400 1917 69 34 in
1434 1917 139 34 essentia
1539 1917 69 34 et
1562 1917 46 34 mo

1003 1946 95 34 dus
1058 1946 163 34 loquendi
1180 1946 95 34 est
1234 1946 81 34 ab
1275 1946 95 34 hoc
1329 1946 95 34 cum
1383 1946 149 34 dicimus
1478 1946 136 34 proprie-

1010 1973 86 44 tas
1059 1973 173 44 personalis
1195 1973 124 44 patris
1281 1973 74 44 et
1319 1973 86 44 cum
1368 1973 136 44 dicimus
1454 1973 161 44 distinctio-

1011 2003 85 28 nem
1059 2003 194 28 proprietatis
1217 2003 73 28 et
1254 2003 146 28 essentie
1363 2003 73 28 in
1388 2003 122 28 persona.

1002 2021 64 43 ⁋
1028 2021 103 43 Item
1092 2021 116 43 nihil
1169 2021 103 43 vnum
1234 2021 77 43 et
1272 2021 103 43 idem
1337 2021 90 43 est
1388 2021 180 43 formaliter
1517 2021 90 43 fini-

1007 2059 84 30 tum
1055 2059 72 30 et
1091 2059 156 30 infinitum
1211 2059 84 30 sed
1259 2059 144 30 essentia
1366 2059 120 30 diuina
1450 2059 84 30 est
1486 2059 120 30 formali-

1009 2087 81 36 ter
1056 2087 139 36 infinita
1160 2087 162 36 proprietas
1287 2087 81 36 non
1333 2087 81 36 est
1379 2087 162 36 formaliter
1495 2087 115 36 infinita

1012 2116 91 39 quia
1069 2116 91 39 tunc
1126 2116 68 39 in
1160 2116 125 39 diuinis
1251 2116 91 39 tria
1308 2116 114 39 essent
1388 2116 160 39 formaliter
1502 2116 114 39 infinita
