1767 2500
342 261 94 59 quod
401 261 82 59 non
448 261 82 59 est
495 261 118 59 aliqua
578 261 129 59 entitas
672 261 141 59 realiter
766 261 188 59 communicabilis

346 308 95 37 ante
405 308 107 37 omnem
477 308 107 37 actum
548 308 178 37 intellectus
690 308 71 37 et
726 308 130 37 entitas
809 308 154 37 simplicitur

348 343 221 30 incommunicabilis
536 343 88 30 nisi
591 343 77 30 sit
635 343 77 30 ibi
679 343 110 30 aliqua
756 343 143 30 distictio
867 343 88 30 ante
911 343 44 30 om

346 364 83 36 nem
394 364 107 36 actum
465 364 179 36 intellectus
608 364 107 36 inter
680 364 203 36 hancentitatem
847 364 72 36 et
871 364 83 36 illam

349 392 78 37 nego
398 392 68 37 sed
437 392 117 37 sufficit
525 392 68 37 vel
563 392 78 37 quod
612 392 68 37 sit
651 392 136 37 distinctio
758 392 88 37 inter
817 392 78 37 hanc
865 392 58 37 et
885 392 68 37 istam

351 422 69 34 vel
391 422 79 34 quod
440 422 69 34 hec
480 422 59 34 et
509 422 79 34 ista
559 422 79 34 sint
608 422 69 34 res
648 422 128 34 distincte
746 422 69 34 sic
786 422 79 34 quod
835 422 69 34 hic
875 422 69 34 sit
905 422 49 34 vna

348 451 122 36 istarum
437 451 178 36 distinctarum
581 451 67 36 et
615 451 89 36 ista
670 451 78 36 non
715 451 78 36 sit
759 451 78 36 vna
803 451 122 36 istarum
881 451 78 36 sicut

351 473 163 45 paternitas
479 473 70 45 et
514 473 116 45 deitas
596 473 93 45 sunt
654 473 105 45 pater
723 473 70 45 et
758 473 116 45 filius
828 473 128 45 distincti

355 508 63 35 et
386 508 105 35 deitas
460 508 74 35 est
502 508 84 35 vnus
554 508 116 35 illorum
638 508 126 35 scilicet
733 508 105 35 filius
806 508 63 35 et
827 508 126 35 paternitas

357 533 81 37 non
404 533 92 37 est.
461 533 58 37 ⁋
484 533 69 37 Ad
519 533 115 37 primam
599 533 207 37 confirmationem
772 533 92 37 okam
818 533 138 37 conceditur

352 565 101 34 maior
419 565 67 34 et
453 565 101 34 minor
520 565 67 34 et
553 565 157 34 conceditur
676 565 101 34 etiam
743 565 90 34 quod
799 565 157 34 proprietas
911 565 45 34 pa

352 595 90 30 tris
408 595 68 30 et
442 595 113 30 deitas
521 595 79 30 non
566 595 90 30 sunt
623 595 124 30 omnibus
713 595 102 30 modis
780 595 124 30 inuicem
871 595 90 30 idem
916 595 45 30 ex

351 624 120 35 natura
435 624 84 35 rei
483 624 96 35 quia
543 624 84 35 non
591 624 180 35 conuertitur
736 624 84 35 nec
784 624 144 35 adequate
880 624 72 35 quia

357 647 81 35 cum
404 647 69 35 ex
438 647 115 35 natura
519 647 81 35 rei
565 647 81 35 sit
612 647 115 35 deitas
692 647 104 35 plura
762 647 92 35 quam
819 647 115 35 pater.
900 647 81 35 Sed

349 679 69 32 ex
384 679 81 32 hoc
430 679 81 32 non
476 679 138 32 sequitur
580 679 104 32 vltra
649 679 104 32 sicut
718 679 92 32 iste
775 679 138 32 arguendo
867 679 81 32 suppo

349 704 82 35 nit
396 704 117 35 igitur
478 704 105 35 inter
548 704 140 35 deitatem
653 704 70 35 et
688 704 117 35 patrem
770 704 82 35 est
817 704 129 35 aliquis
899 704 58 35 mo-

356 732 80 34 dus
401 732 80 34 non
447 732 172 34 ydentitatis
585 732 80 34 vel
631 732 195 34 distinctionis
791 732 92 34 quia
849 732 103 34 prima
906 732 46 34 mo

350 763 94 30 dum
403 763 148 30 aliquem
511 763 202 30 ydentitatis
673 763 135 30 negat.
767 763 148 30 Secunda
862 763 94 30 modum

349 791 125 29 aliquem
440 791 80 29 non
485 791 170 29 ydentitatis
621 791 159 29 confirmat.
746 791 136 29 exemplum
848 791 68 29 tu
882 791 80 29 non
917 791 45 29 es

354 817 130 32 omnibus
449 817 154 32 coloribus
568 817 154 32 coloratus
686 817 119 32 igitur
769 817 95 32 tues
829 817 119 32 aliquo
900 817 59 32 co-

354 842 72 38 lore
399 842 63 38 non
435 842 116 38 coloratus
524 842 72 38 quia
569 842 134 38 antecendens
676 842 63 38 est
712 842 81 38 verum
766 842 54 38 et
793 842 125 38 consequens
882 842 72 38 falsum

353 875 116 32 igitur
435 875 140 32 includit
540 875 233 32 contradictionem.
738 875 58 32 ⁋
761 875 70 32 Ad
796 875 140 32 secundam
889 875 70 32 con-

357 898 139 38 firmationem
468 898 102 38 dicitur
542 898 74 38 quod
588 898 130 38 substantia
690 898 102 38 istarum
764 898 102 38 proposi
838 898 93 38 tionum
893 898 65 38 essen

355 934 75 33 tia
398 934 75 33 est
441 934 97 33 pater
505 934 107 33 filius
581 934 75 33 non
623 934 75 33 est
666 934 97 33 pater
731 934 75 33 non
774 934 139 33 supponunt
881 934 75 33 pro
913 934 43 33 eo

356 960 86 32 dem
405 960 135 32 omnibus
503 960 111 32 modis
577 960 74 32 ex
614 960 123 32 natura
700 960 86 32 rei
749 960 86 32 ymo
798 960 86 32 pro
847 960 111 32 nullo
909 960 49 32 eo

350 983 87 39 dem
399 983 87 39 ibi
449 983 162 39 supponunt
574 983 75 39 vt
612 983 150 39 superius
724 983 162 39 declaraui
849 983 75 39 in
874 983 87 39 primo

356 1014 109 33 oubio
428 1014 133 33 secundi
525 1014 145 33 articuli
633 1014 84 33 nec
682 1014 109 33 etiam
754 1014 157 33 supponunt
875 1014 84 33 pro
911 1014 48 33 di

348 1043 126 33 stinctis
443 1043 63 33 ex
475 1043 105 33 natura
548 1043 74 33 rei
591 1043 74 33 sed
633 1043 126 33 sufficit
727 1043 84 33 quod
780 1043 74 33 hic
822 1043 63 33 et
854 1043 84 33 ille
896 1043 63 33 sint

357 1075 83 31 res
405 1075 155 31 distincte
524 1075 95 31 modo
584 1075 107 31 prius
655 1075 107 31 dicto
727 1075 83 31 cum
774 1075 83 31 quo
822 1075 107 31 etiam
881 1075 72 31 stat

354 1099 82 36 quod
405 1099 72 36 hec
446 1099 62 36 et
477 1099 82 36 ille
528 1099 82 36 sint
579 1099 123 36 perfecte
672 1099 82 36 idem
723 1099 92 36 licet
785 1099 72 36 non
815 1099 144 36 conuertibili

353 1129 92 38 ter
405 1129 92 38 aut
458 1129 170 38 synonime.
589 1129 65 38 ⁋
615 1129 79 38 Ex
654 1129 118 38 eadem
732 1129 118 38 patet
811 1129 79 38 ad
837 1129 118 38 tertiam

353 1158 204 35 confirmationem
523 1158 113 35 posset
602 1158 102 35 etiam
670 1158 91 35 dici
727 1158 102 35 iuxta
795 1158 102 35 prius
852 1158 102 35 notatur

366 1182 82 39 quod
417 1182 61 39 in
448 1182 113 39 vtraque
529 1182 133 39 subiectum
632 1182 123 39 supponit
724 1182 72 39 pro
765 1182 92 39 eodem
826 1182 82 39 quod
877 1182 72 39 est
908 1182 51 39 res

358 1215 149 33 distincte
472 1215 57 33 ⁋
495 1215 126 33 Quintum
587 1215 115 33 dubium
668 1215 115 33 contra
748 1215 184 33 conclusionem
886 1215 69 33 quin

360 1243 80 30 tam
405 1243 91 30 quia
462 1243 125 30 videtur
553 1243 91 30 quod
610 1243 137 30 essentia
713 1243 68 30 et
747 1243 159 30 proprietas
861 1243 102 30 persona

360 1267 79 36 lis
405 1267 67 36 in
438 1267 101 36 eadem
506 1267 124 36 persona
596 1267 168 36 distiguntur
730 1267 157 36 formaliter
854 1267 101 36 qunia
910 1267 45 36 se

354 1297 101 35 quitur
424 1297 70 35 hoc
465 1297 70 35 est
505 1297 60 35 et
535 1297 90 35 illud
595 1297 70 35 est
635 1297 60 35 et
666 1297 70 35 hoc
706 1297 70 35 non
746 1297 70 35 est
786 1297 90 35 illud
846 1297 101 35 igitur
907 1297 50 35 di-

355 1322 165 38 stinguntur
485 1322 71 38 ab
520 1322 94 38 illo
579 1322 118 38 igitur
662 1322 153 38 eodemmodo
780 1322 142 38 sequitur
874 1322 83 38 essen

358 1357 70 33 tia
398 1357 70 33 est
438 1357 60 33 et
468 1357 140 33 paternitas
578 1357 70 33 est
618 1357 60 33 et
648 1357 120 33 essentia
737 1357 70 33 non
777 1357 70 33 est
817 1357 140 33 formaliter
917 1357 40 33 pa

357 1386 133 28 ternitas
457 1386 111 28 igitur
535 1386 133 28 essentia
635 1386 178 28 distinguitur
779 1386 78 28 vel
824 1386 122 28 differt
901 1386 56 28 for

357 1409 123 33 maliter
447 1409 56 33 a
469 1409 168 33 paternitate
604 1409 67 33 et
637 1409 101 33 vltra
705 1409 112 33 igitur
783 1409 135 33 essentia
884 1409 67 33 et
907 1409 56 33 pa-

357 1437 137 33 ternitas
460 1437 149 33 differunt
574 1437 172 33 formaliter.
711 1437 137 33 Dicendum
814 1437 92 33 quod
871 1437 80 33 non
906 1437 57 33 est

354 1468 106 32 simile
428 1468 74 32 nam
471 1468 74 32 per
513 1468 95 32 istam
576 1468 74 32 hoc
619 1468 74 32 non
661 1468 74 32 est
703 1468 148 32 formaliter
820 1468 95 32 illud
883 1468 74 32 non
915 1468 42 32 no

355 1493 86 35 tatur
413 1493 76 35 quod
460 1493 67 35 hoc
498 1493 67 35 non
536 1493 67 35 sit
574 1493 86 35 illud
631 1493 67 35 sed
670 1493 76 35 quod
717 1493 67 35 non
755 1493 67 35 sit
793 1493 105 35 taliter
869 1493 76 35 puta
907 1493 48 35 non

357 1522 80 37 per
402 1522 69 37 se
437 1522 149 37 primomodo
552 1522 103 37 sicut
621 1522 103 37 istud
690 1522 80 37 sed
736 1522 80 37 per
782 1522 161 37 consequens
897 1522 57 37 cum

359 1558 131 27 dicitur
454 1558 83 27 hoc
502 1558 191 27 distinguitur
657 1558 167 27 formaliter
788 1558 72 27 ab
824 1558 95 27 isto
872 1558 83 27 deno-

358 1577 99 36 tatur
424 1577 88 36 quod
479 1577 77 36 hoc
524 1577 177 36 distinguitur
667 1577 66 36 ab
700 1577 88 36 isto
755 1577 66 36 et
788 1577 77 36 per
822 1577 132 36 consequens

359 1607 75 32 non
402 1607 75 32 sit
445 1607 96 32 illud
509 1607 64 32 et
541 1607 75 32 per
584 1607 75 32 hoc
627 1607 86 32 quod
681 1607 129 32 formatur
777 1607 171 32 distinguatur
916 1607 64 32 ab

359 1636 81 31 isto
409 1636 60 31 id
439 1636 70 31 est
480 1636 70 31 per
520 1636 60 31 se
550 1636 131 31 primomodo
651 1636 141 31 formaliter
762 1636 81 31 enim
812 1636 70 31 non
852 1636 70 31 est
883 1636 70 31 deter

350 1663 146 30 minatio
456 1663 185 30 distrahens
601 1663 93 30 nec
654 1663 185 30 diminuens.
800 1663 66 30 ⁋
827 1663 132 30 Sextum
906 1663 53 30 du

361 1693 91 31 bium
417 1693 113 31 contra
497 1693 136 31 septimam
599 1693 181 31 conclusionem
746 1693 79 31 que
791 1693 102 31 dixit
859 1693 91 31 quod
904 1693 57 31 dei

356 1719 85 36 tas
404 1719 73 36 et
441 1719 170 36 proprietas
574 1719 170 36 personalis
708 1719 97 36 idem
769 1719 97 36 sunt
817 1719 146 36 formaliter

356 1752 99 29 quia
417 1752 111 29 nulla
491 1752 123 29 passio
577 1752 148 29 alicuius
688 1752 172 29 superioris
811 1752 148 29 predicatur

360 1776 109 35 perse
433 1776 158 35 primomodo
554 1776 73 35 de
590 1776 121 35 aliquo
675 1776 85 35 per
724 1776 73 35 se
760 1776 158 35 inferiori
881 1776 73 35 ad
906 1776 49 35 ta

355 1802 75 44 le
392 1802 150 44 superius
504 1802 87 44 sed
554 1802 100 44 idem
617 1802 75 44 et
654 1802 150 44 diuersum
767 1802 100 44 sunt
817 1802 137 44 passiones

357 1835 103 38 entis
425 1835 69 38 et
459 1835 114 38 deitas
539 1835 69 38 et
574 1835 160 38 paternitas
699 1835 80 38 per
745 1835 69 38 se
779 1835 171 38 continentur
905 1835 57 38 sub

356 1864 93 37 ente
415 1864 116 37 igitur
496 1864 140 37 essentia
601 1864 70 37 et
635 1864 163 37 paternitas
763 1864 81 37 non
810 1864 93 37 sunt
856 1864 105 37 formali

358 1888 83 36 ter
406 1888 83 36 per
453 1888 71 36 se
489 1888 71 36 et
524 1888 154 36 primomodo
643 1888 95 36 idem
703 1888 143 36 Dicendum
810 1888 95 36 quod
869 1888 83 36 non
905 1888 59 36 est

352 1917 116 33 dictum
434 1917 93 33 quod
492 1917 93 33 sunt
550 1917 163 33 formaliter
677 1917 93 33 idem
735 1917 70 33 eo
770 1917 93 33 quod
817 1917 139 33 predicatum

359 1946 174 38 positpositum
501 1946 109 38 copule
577 1946 131 38 appellat
675 1946 87 38 suam
729 1946 109 38 formam
806 1946 76 38 sed
849 1946 87 38 quod
893 1946 65 38 idem

358 1978 99 34 sunt
419 1978 173 34 formaliter
555 1978 62 34 ⁋
580 1978 148 34 Septimum
691 1978 123 34 dubium
777 1978 123 34 contra
851 1978 111 34 octauam

367 2010 168 26 conclusionem
503 2010 73 26 di.
545 2010 84 26 quod
597 2010 105 26 deitas
671 2010 73 26 non
713 2010 73 26 est
755 2010 73 26 per
797 2010 63 26 se
828 2010 136 26 primomodo
923 2010 31 26 a

363 2033 111 33 liqua
437 2033 136 33 persona
536 2033 124 33 diuina
622 2033 99 33 quia
684 2033 161 33 animalper
808 2033 74 33 se
845 2033 87 33 est
882 2033 74 33 homo

365 2062 104 32 igitur
437 2062 104 32 deitas
510 2062 73 32 per
552 2062 62 32 se
583 2062 73 32 est
624 2062 94 32 pater
687 2062 166 32 consequentia
822 2062 94 32 patet
884 2062 73 32 per
915 2062 42 32 te

362 2088 88 31 quia
417 2088 111 31 deitas
495 2088 77 31 est
539 2088 133 31 communis
638 2088 66 31 ad
672 2088 111 31 patrem
749 2088 133 31 realiter
848 2088 100 31 sicut
904 2088 55 31 ant

353 2117 89 47 mal
404 2117 76 47 ad
442 2117 140 47 hominem
544 2117 242 47 intentionaliter
748 2117 178 47 antecedens
875 2117 89 47 proba

977 267 84 44 tur
1025 267 96 44 quia
1085 267 84 44 hec
1132 267 119 44 animal
1216 267 191 44 demonstrando
1371 267 119 44 sortem
1455 267 84 44 per
1502 267 72 44 se
1526 267 60 44 est

982 308 102 35 homo
1046 308 153 35 arguitur
1160 308 76 35 ab
1199 308 165 35 inferiori
1326 308 76 35 ad
1364 308 153 35 superius
1478 308 64 35 ⁋
1491 308 102 35 Respon

982 338 101 32 detur
1049 338 90 32 quod
1105 338 79 32 non
1150 338 79 32 est
1195 338 112 32 simile
1274 338 90 32 quia
1330 338 146 32 subiectum
1443 338 101 32 huius
1499 338 90 32 deitas

979 366 81 32 est
1026 366 58 32 a
1049 366 70 32 in
1084 366 93 32 isto
1142 366 104 32 sensu
1212 366 139 32 supponit
1316 366 81 32 nec
1362 366 104 32 natum
1432 366 81 32 est
1467 366 116 32 suppone-

974 393 74 33 re
1011 393 86 33 pro
1060 393 111 33 patre
1134 393 111 33 sicut
1208 393 111 33 facit
1281 393 74 33 ad
1318 393 123 33 sensum
1404 393 135 33 priorem
1491 393 98 33 sumpto

982 420 163 30 subiecto.
1108 420 63 30 ⁋
1133 420 138 30 Octauum
1234 420 126 30 dubium
1321 420 88 30 est
1372 420 126 30 contra
1459 420 113 30 nonam
1522 420 63 30 con

979 450 134 32 clusionem
1082 450 124 32 dicentem
1175 450 83 32 quod
1227 450 103 32 deitas
1299 450 72 32 non
1341 450 72 32 est
1382 450 114 32 omnibus
1465 450 93 32 modis
1517 450 72 32 eadem

988 480 90 32 persone
1053 480 82 32 quibus
1111 480 66 32 sibi
1152 480 57 32 ips
1185 480 66 32 quia
1226 480 49 32 si
1250 480 82 32 deitas
1308 480 57 32 non
1341 480 74 32 esset
1390 480 57 32 hec
1423 480 90 32 persona
1489 480 82 32 tantum
1538 480 49 32 dei-

983 505 66 36 tas
1020 505 85 36 esset
1077 505 75 36 sibi
1124 505 85 36 eadem
1181 505 104 36 omnibus
1256 505 85 36 modis
1313 505 94 36 quibus
1379 505 75 36 ipsa
1426 505 75 36 sibi
1473 505 75 36 ipsi
1520 505 66 36 sed
1548 505 38 36 ni

981 535 80 33 hil
1026 535 149 33 decrescit
1141 535 92 33 huic
1199 535 161 33 ydentitati
1325 535 69 33 ex
1359 535 80 33 hoc
1405 535 92 33 quod
1463 535 103 33 simul
1520 535 69 33 eque

987 562 144 32 perfecte
1095 562 120 32 deitas
1179 562 84 32 sit
1227 562 108 32 eadem
1299 562 120 32 alteri
1383 562 132 32 persone
1467 562 108 32 igitur.

979 588 67 37 ⁋
1005 588 160 37 Probatur
1125 588 93 37 hoc
1178 588 146 37 videtur
1285 588 106 37 dare
1351 588 173 37 oppositum
1471 588 120 37 aliorum

976 619 93 35 quod
1034 619 81 35 ibi
1081 619 81 35 sit
1127 619 128 35 aliquis
1220 619 104 35 modus
1290 619 81 35 non
1336 619 174 35 ydentitatis
1475 619 93 35 quod
1521 619 70 35 tune

976 650 88 31 gasti
1035 650 117 31 Dicendum
1123 650 68 31 est
1162 650 78 31 quod
1210 650 137 31 antecedens
1318 650 98 31 istius
1386 650 166 31 conditionalis
1513 650 68 31 inclu

978 675 81 32 dit
1024 675 219 32 contradictionem
1208 675 69 32 et
1242 675 92 32 ideo
1300 675 138 32 vtramque
1403 675 115 32 partem
1472 675 115 32 contradi

981 706 126 28 ctionis
1072 706 115 28 infert
1153 706 103 28 detur
1222 706 115 28 igitur
1302 706 92 28 ista
1359 706 103 28 maior
1417 706 172 28 conditionalis

974 732 81 33 sed
1021 732 104 33 minor
1090 732 92 33 tunc
1148 732 127 33 neganda
1240 732 81 33 est
1287 732 81 33 sed
1333 732 92 33 quia
1391 732 69 33 eo
1425 732 92 33 ipso
1483 732 92 33 quod
1529 732 58 33 dei

978 764 80 30 tas
1023 764 69 30 de
1058 764 103 30 facto
1127 764 80 30 est
1173 764 92 30 tres
1230 764 126 30 persone
1322 764 69 30 et
1356 764 126 30 persona
1448 764 80 30 non
1494 764 80 30 est
1528 764 69 30 tres

985 787 124 37 persone
1075 787 113 37 deitas
1154 787 79 37 est
1199 787 135 37 realiter
1300 787 135 37 communis
1401 787 90 37 huic
1457 787 124 37 persone
1536 787 45 37 et

983 821 93 31 aliis
1045 821 62 31 et
1076 821 72 31 per
1117 821 145 31 consequens
1231 821 62 31 eo
1262 821 83 31 ipso
1314 821 155 31 repugnantia
1438 821 72 31 est
1479 821 83 31 quod
1521 821 62 31 ipsa

981 849 188 32 conuertitur
1132 849 88 32 sic
1182 849 113 32 eadem
1257 849 100 32 huic
1319 849 150 32 persone.
1432 849 63 32 ⁋
1457 849 75 32 Ad
1482 849 100 32 primum

976 873 167 35 argumentum
1107 873 167 35 principale
1238 873 155 35 respondet
1357 873 107 35 prius
1428 873 71 35 in
1464 873 95 35 alia
1512 873 71 35 quae

977 901 113 32 stione
1056 901 79 32 di.
1101 901 57 32 6
1124 901 68 32 et
1158 901 113 32 partim
1237 901 102 32 etiam
1305 901 102 32 patet
1373 901 68 32 ad
1407 901 102 32 illud
1475 901 68 32 ex
1498 901 79 32 solu-

977 928 108 34 tione
1049 928 180 34 principalis
1193 928 108 34 dubii
1265 928 72 34 et
1301 928 96 34 plus
1361 928 132 34 patebit
1457 928 84 34 vbi
1493 928 96 34 salue-

976 955 85 36 tur
1024 955 97 36 iste
1085 955 169 36 palogismus
1218 955 73 36 et
1254 955 97 36 alii
1315 955 73 36 in
1351 955 133 36 proxima
1436 955 145 36 questione.

979 987 67 33 ⁋
1005 987 80 33 Ad
1046 987 161 33 secundum
1166 987 148 33 patebit
1274 987 174 33 questione
1408 987 148 33 septima
1502 987 80 33 quam

980 1015 104 35 ponam
1050 1015 69 35 in
1084 1015 139 35 presenti
1188 1015 81 35 di.
1235 1015 92 35 pro.
1293 1015 81 35 di.
1339 1015 69 35 36
1373 1015 58 35 ⁋
1397 1015 92 35 Nota
1454 1015 104 35 circa
1512 1015 81 35 septi

977 1041 81 35 mum
1024 1041 115 35 dubium
1104 1041 92 35 quod
1162 1041 92 35 ista
1220 1041 81 35 non
1266 1041 81 35 est
1312 1041 81 35 per
1358 1041 69 35 se
1393 1041 150 35 primomodo
1497 1041 92 35 animal

980 1069 80 33 est
1025 1069 91 33 homo
1082 1069 80 33 nec
1128 1069 103 33 etiam
1196 1069 91 33 ista
1253 1069 80 33 hoc
1299 1069 114 33 animal
1378 1069 80 33 est
1424 1069 91 33 homo
1481 1069 68 33 et
1515 1069 68 33 si
1538 1069 57 33 da-

979 1096 97 35 retur
1044 1096 87 35 quod
1098 1096 76 35 ita
1141 1096 76 35 per
1185 1096 65 35 se
1217 1096 76 35 hoc
1260 1096 108 35 animal
1336 1096 76 35 est
1379 1096 87 35 homo
1434 1096 76 35 non
1477 1096 97 35 tamen
1531 1096 54 35 se-

985 1129 108 32 quitur
1061 1129 86 32 quod
1115 1129 86 32 ista
1169 1129 75 32 sit
1212 1129 75 32 per
1255 1129 65 32 se
1287 1129 108 32 animal
1363 1129 75 32 est
1406 1129 86 32 homo
1460 1129 86 32 quia
1514 1129 75 32 non
1546 1129 43 32 o-

979 1155 118 37 portet
1062 1155 71 37 si
1098 1155 166 37 predicatum
1228 1155 130 37 dicitur
1323 1155 83 37 per
1370 1155 71 37 se
1405 1155 71 37 de
1441 1155 118 37 aliquo
1512 1155 71 37 ter-

976 1181 92 37 mino
1033 1181 92 37 quod
1091 1181 92 37 idem
1148 1181 161 37 predicatum
1275 1181 127 37 dicatur
1367 1181 81 37 per
1413 1181 69 37 se
1447 1181 69 37 de
1470 1181 115 37 quolibet

974 1206 147 39 superiori
1087 1206 68 39 ad
1120 1206 102 39 talem
1188 1206 135 39 terminum
1290 1206 68 39 et
1323 1206 79 39 sic
1369 1206 102 39 patet
1436 1206 90 39 quod
1481 1206 102 39 instam-

982 1236 81 39 tia
1028 1236 81 39 non
1074 1236 138 39 procedit
1177 1236 69 39 in
1212 1236 104 39 sensu
1281 1236 150 39 composito
1396 1236 69 39 si
1430 1236 104 39 autem
1488 1236 104 39 intelli

983 1266 82 39 gas
1030 1266 105 39 istam
1100 1266 151 39 animalper
1216 1266 70 39 se
1251 1266 82 39 est
1298 1266 93 39 homo
1356 1266 70 39 in
1391 1266 105 39 sensu
1461 1266 116 39 diuiso
1531 1266 58 39 si-

976 1296 91 32 cut
1028 1296 118 32 iacet
1107 1296 144 32 concedo
1211 1296 91 32 eam
1263 1296 78 32 et
1303 1296 118 32 eodem
1381 1296 105 32 modo
1446 1296 118 32 istam
1512 1296 78 32 dei-

982 1325 77 38 tas
1026 1325 77 38 per
1070 1325 66 38 se
1103 1325 77 38 est
1147 1325 99 38 pater
1213 1325 99 38 sicut
1279 1325 99 38 istam
1346 1325 99 38 album
1412 1325 77 38 per
1456 1325 66 38 se
1478 1325 110 38 edificat

977 1352 89 37 que
1028 1352 115 37 omnes
1105 1352 140 37 possunt
1207 1352 191 37 expositione
1347 1352 153 37 concludit.

1239 1380 203 66 Ecundo
1381 1380 182 66 quero
1482 1380 101 66 pro

1217 1418 76 54 6u
1255 1418 89 54 di.
1306 1418 64 54 4
1332 1418 114 54 primi
1408 1418 114 54 vtrum
1484 1418 102 54 deus
1535 1418 51 54 ge

1251 1465 128 33 inuenrit
1347 1465 85 33 deum
1401 1465 117 33 Uidetur
1486 1465 85 33 quod
1529 1465 53 33 non

1262 1492 117 35 Aliquis
1347 1492 85 35 deus
1400 1492 74 35 non
1443 1492 106 35 genuit
1507 1492 74 35 deium

1263 1518 60 37 et
1293 1518 70 37 non
1333 1518 70 37 est
1373 1518 80 37 nisi
1423 1518 80 37 vnus
1473 1518 80 37 deus
1513 1518 80 37 igitur

1261 1551 134 33 nullus
1354 1551 107 33 deus
1421 1551 134 33 genuit
1502 1551 80 33 deum

1238 1574 124 37 maior
1321 1574 124 37 patet
1404 1574 110 37 quia
1459 1574 124 37 aliquis

1256 1607 91 31 deus
1312 1607 79 31 qui
1358 1607 79 31 est
1403 1607 102 31 pater
1471 1607 113 31 filius
1539 1607 45 31 et

1215 1633 75 37 1sit
1261 1633 93 37 sancio
1327 1633 56 37 vt
1355 1633 84 37 patet
1411 1633 56 37 in
1439 1633 84 37 textu
1495 1633 65 37 sed
1523 1633 56 37 deus

986 1664 69 33 qui
1026 1664 49 33 e
1045 1664 89 33 pater
1104 1664 59 33 et
1134 1664 99 33 filius
1203 1664 49 33 t
1223 1664 118 33 spiritus
1311 1664 99 33 sancto
1380 1664 69 33 non
1420 1664 99 33 genuit
1489 1664 79 33 deum
1528 1664 59 33 quia

980 1691 160 32 subiectum
1102 1691 110 32 huius
1176 1691 86 32 non
1225 1691 123 32 potest
1311 1691 98 32 vere
1372 1691 86 32 hic
1421 1691 160 32 supponere
1532 1691 49 32 ni

976 1718 71 34 si
1012 1718 83 34 pro
1059 1718 130 34 deitate
1154 1718 71 34 et
1189 1718 118 34 deitas
1272 1718 83 34 non
1320 1718 118 34 genuit
1402 1718 107 34 deum.
1473 1718 59 34 ⁋
1485 1718 95 34 Confir

977 1745 110 33 matur
1050 1745 98 33 ista
1111 1745 110 33 maior
1185 1745 98 33 quia
1246 1745 98 33 iste
1307 1745 98 33 deus
1369 1745 184 33 demonstrato
1503 1745 86 33 filis

983 1776 51 34 v
1003 1776 112 34 spiritu
1085 1776 112 34 sanctus
1166 1776 71 34 non
1207 1776 102 34 genuit
1278 1776 81 34 deum
1329 1776 102 34 igitur
1400 1776 122 34 Probatur
1491 1776 92 34 pater
1542 1776 41 34 ge

984 1801 93 40 nerat
1046 1801 104 40 filium
1119 1801 104 40 igitur
1191 1801 166 40 distinguitur
1326 1801 52 40 a
1347 1801 93 40 filio
1409 1801 73 40 per
1451 1801 93 40 illud
1503 1801 83 40 medium

986 1831 94 36 quia
1045 1831 106 36 nihil
1116 1831 130 36 generat
1210 1831 71 36 se
1245 1831 118 36 igitur
1328 1831 94 36 pari
1387 1831 130 36 ratione
1469 1831 118 36 sequitur

976 1861 98 30 deus
1037 1861 135 30 generat
1135 1861 98 30 deum
1196 1861 123 30 igitur
1282 1861 196 30 distinguitur
1441 1861 61 30 a
1466 1861 86 30 deo
1503 1861 74 30 iter

987 1890 98 30 sicut
1053 1890 109 30 auteur
1129 1890 66 30 in
1162 1890 77 30 lfa
1206 1890 77 30 vel
1250 1890 109 30 genuit
1326 1890 66 30 se
1359 1890 88 30 deum
1414 1890 77 30 vel
1458 1890 98 30 alium
1512 1890 66 30 deum

981 1916 64 34 ⁋
1007 1916 77 34 Ad
1045 1916 167 34 oppositum
1174 1916 115 34 pater
1251 1916 128 34 genuit
1340 1916 128 34 filium
1430 1916 128 34 igitur
1507 1916 77 34 deus

988 1944 90 33 deum
1044 1944 181 33 consequentia
1191 1944 102 33 tenet
1259 1944 90 33 quia
1315 1944 124 33 vterque
1405 1944 79 33 est
1451 1944 102 33 deus.
1518 1944 56 33 ⁋
1541 1944 68 33 In

986 1970 95 37 ista
1046 1970 155 37 questione
1165 1970 107 37 primo
1236 1970 95 37 volo
1296 1970 167 37 respondere
1427 1970 72 37 ad
1463 1970 72 37 q.
1499 1970 72 37 et
1534 1970 72 37 ad

977 1997 167 36 argumenta
1105 1997 205 36 principalia.
1272 1997 141 36 secundo
1375 1997 167 36 inquirere
1490 1997 90 36 modum

979 2026 159 39 soluendi
1098 2026 212 39 paralogismos
1270 2026 119 39 circa
1350 2026 159 39 materiam
1456 2026 132 39 trinita-

979 2057 76 37 tis
1022 2057 65 37 de
1055 2057 76 37 quo
1098 2057 86 37 dico
1152 2057 130 37 breuiter
1249 2057 86 37 quod
1303 2057 76 37 sic
1346 2057 97 37 sicut
1400 2057 162 37 sufficienter.

990 2084 58 38 ⁋
1014 2084 139 38 Probatur
1118 2084 81 38 per
1164 2084 81 38 Ma.
1210 2084 69 38 4.
1245 2084 81 38 di.
1291 2084 81 38 hic
1337 2084 104 38 tamen
1407 2084 116 38 potest
1476 2084 104 38 inquiri

978 2113 69 48 de
1012 2113 103 48 varia
1081 2113 183 48 suppositione
1229 2113 69 48 et
1264 2113 206 48 significatione
1435 2113 126 48 istorum
1515 2113 69 48 ter
