1803 2500
215 227 135 68 eundem
309 227 121 68 actum
390 227 135 68 potest
484 227 135 68 videri
579 227 135 68 verbum
673 227 81 68 et
700 227 135 68 creatura

218 274 138 51 possunt
319 274 100 51 tali
382 274 100 51 actu
444 274 113 51 omnia
519 274 213 51 cognoscibilia
695 274 125 51 videri
770 274 63 51 di-

219 307 128 47 stincte
312 307 70 47 in
347 307 105 47 verbo
417 307 93 47 quia
475 307 93 47 tunc
534 307 93 47 ille
592 307 105 47 actus
661 307 105 47 foret
720 307 116 47 cognitio

222 333 116 48 infinita
309 333 77 48 dico
358 333 97 48 igitur
425 333 77 48 quod
473 333 77 48 iste
522 333 87 48 actus
580 333 68 48 qui
618 333 87 48 semel
676 333 145 48 representat
782 333 39 48 po

221 363 121 48 tentie
306 363 97 48 quam
367 363 170 48 informauit
500 363 134 48 obiectu
597 363 134 48 aliquod
694 363 85 48 vel
731 363 97 48 aliqua

220 388 109 52 semper
296 388 76 52 dum
340 388 131 52 informat
438 388 98 52 talem
503 388 142 52 potentiam
612 388 120 52 precise
699 388 98 52 eadem
754 388 65 52 obie

214 426 78 36 cta
258 426 89 36 sibi
314 426 189 36 representabit
469 426 78 36 per
513 426 100 36 modum
580 426 166 36 cognitionis
713 426 67 36 et
746 426 78 36 hoc
780 426 44 36 in

215 448 142 47 telligitur
326 448 61 47 de
357 448 122 47 obiectis
448 448 71 47 per
489 448 61 47 se
519 448 61 47 et
549 448 71 47 non
590 448 91 47 solum
651 448 71 47 per
691 448 122 47 accidens
772 448 51 47 si-

220 478 79 47 cut
265 478 79 47 est
310 478 68 47 in
344 478 124 47 visione
434 478 147 47 albedinis
547 478 68 47 et
581 478 136 47 subiecti
683 478 102 47 eius.
751 478 57 47 ⁋
762 478 68 47 Tunc

216 502 98 50 vltra
281 502 87 50 dico
335 502 87 50 quod
390 502 108 50 potest
465 502 76 50 ibi
509 502 108 50 haberi
585 502 141 50 successio
693 502 108 50 talium
758 502 65 50 actu

217 534 63 47 um
248 534 83 47 siue
300 534 115 47 dicatur
383 534 83 47 quod
435 534 94 47 nulla
498 534 94 47 verbi
560 534 94 47 visio
623 534 73 47 est
665 534 63 47 de
696 534 115 47 communi
769 534 52 47 le-

219 560 59 52 ge
249 560 98 52 istius
318 560 98 52 status
386 560 157 52 incorporalis
514 560 69 52 vel
554 560 79 52 quod
603 560 69 52 vna
642 560 79 52 sola
691 560 79 52 quae
740 560 69 52 sit
770 560 49 52 vi-

208 594 70 44 sio
248 594 91 44 verbi
309 594 121 44 praecise
399 594 70 44 sit
439 594 70 44 ibi
480 594 121 44 perpetua
570 594 70 44 sed
611 594 81 44 alie
661 594 70 44 non
701 594 81 44 quia
741 594 81 44 suffi-

211 622 70 46 cit
251 622 80 46 quam
301 622 111 46 nunquam
382 622 101 46 cessat
452 622 90 46 prior
512 622 90 46 actus
573 622 70 46 qui
613 622 70 46 est
653 622 90 46 verbi
713 622 90 46 visio
764 622 60 46 siue

209 643 75 50 sit
252 643 96 50 verbi
316 643 107 50 solius
391 643 85 50 siue
444 643 96 50 verbi
508 643 64 50 et
540 643 96 50 simul
604 643 128 50 alterius
700 643 85 50 quin
753 643 64 50 in
774 643 43 50 lo

209 678 74 47 co
246 678 123 47 illius
332 678 160 47 cessantis
455 678 160 47 immediate
578 678 148 47 succedat
689 678 111 47 alius
751 678 74 47 equa

212 700 84 53 lens
265 700 63 53 et
297 700 137 53 praecipue
402 700 168 53 representans
539 700 105 53 verbum
612 700 95 53 sicut
676 700 95 53 prior
739 700 63 53 et
760 700 63 53 tunc

207 731 75 50 non
250 731 117 50 oportet
335 731 85 50 quod
389 731 85 50 idem
442 731 107 50 beatus
517 731 139 50 quandoque
623 731 117 50 clarius
698 731 117 50 quandoque

205 758 93 53 minus
267 758 93 53 clare
328 758 103 53 videat
401 758 93 53 deum.
462 758 52 53 ⁋
483 758 62 53 Ad
514 758 144 53 augustinum
627 758 113 53 dicitur
710 758 82 53 quod
751 758 62 53 ipse

204 787 74 51 non
247 787 137 51 describit
352 787 74 51 ibi
394 787 169 51 beatitudinem
531 787 74 51 sed
573 787 105 51 beatum
647 787 105 51 volens
721 787 84 51 quod
763 787 53 51 il-

205 814 63 50 le
237 814 74 50 non
279 814 95 50 esset
343 814 106 50 beatus
417 814 74 50 qui
459 814 138 50 quandoque
565 814 95 50 esset
629 814 148 50 cessaturus
734 814 85 50 videre

209 846 81 52 deum
260 846 61 52 et
290 846 122 52 illofrui
381 846 61 52 si
412 846 91 52 tamen
473 846 132 52 desineret
574 846 102 52 habere
645 846 81 52 vnum
696 846 91 52 talem
747 846 71 52 actum

203 875 126 49 dummodo
294 875 126 49 nunquam
386 875 103 49 esset
454 875 92 49 sine
512 875 149 49 equalenti
626 875 80 49 non
672 875 137 49 cessaret
763 875 46 49 es

197 900 69 50 se
232 900 127 50 beatus.
325 900 58 50 ⁋
348 900 69 50 Ad
382 900 104 50 aliam
452 900 185 50 auctoritatem
602 900 150 50 augustini
706 900 104 50 dicitur

203 930 104 53 primo
273 930 92 53 quod
330 930 81 53 hoc
377 930 92 53 ipse
434 930 81 53 non
480 930 104 53 ponit
550 930 196 53 determinatiue
711 930 81 53 sed
746 930 69 53 dubi

198 963 119 47 tatiue
281 963 71 47 de
317 963 154 47 fortassis
435 963 83 47 non
483 963 107 47 erunt
554 963 83 47 ibi
601 963 154 47 volubiles
708 963 107 47 cogita-

196 988 109 50 tiones
273 988 76 50 nre
316 988 87 50 etc.
371 988 66 50 Et
404 988 109 50 iterum
480 988 109 50 statim
557 988 87 50 post
611 988 76 50 hoc
655 988 109 50 fiunt.
732 988 55 50 ⁋
742 988 66 50 Ecce

200 1013 84 55 quod
252 1013 115 55 profert
336 1013 73 55 hoc
378 1013 105 55 semper
451 1013 73 55 cum
493 1013 84 55 nota
546 1013 178 55 dubitationis.
693 1013 52 55 ⁋
714 1013 115 55 Secundo

199 1047 122 48 dicitur
287 1047 88 48 quod
343 1047 77 48 non
387 1047 100 48 negat
453 1047 77 48 ibi
497 1047 177 48 successionem
641 1047 111 48 actuum
719 1047 77 48 sed
752 1047 55 48 di-

195 1074 75 47 cit
238 1074 86 47 quod
292 1074 75 47 ibi
335 1074 75 47 non
378 1074 97 47 erunt
443 1074 140 47 volubiles
551 1074 172 47 cogitationes
691 1074 108 47 nostre
766 1074 65 47 ab

200 1103 100 51 aliis
267 1103 67 51 in
300 1103 100 51 alias
367 1103 111 51 euntes
445 1103 100 51 atque
512 1103 145 51 redeuntes
623 1103 67 51 et
656 1103 78 51 hoc
701 1103 78 51 est
734 1103 78 51 verum

196 1131 63 46 pe
228 1131 95 46 illis
291 1131 126 46 cognitis
386 1131 63 46 in
417 1131 105 46 quibus
491 1131 137 46 consistit
596 1131 137 46 beatitudo
690 1131 116 46 essentia-

194 1158 78 51 lis
239 1158 101 51 sicut
306 1158 67 51 de
339 1158 156 51 diuinitate
462 1158 123 51 vniuoce
551 1158 67 51 et
585 1158 67 51 de
618 1158 112 51 tribus
685 1158 123 51 personis.

190 1193 50 44 ⁋
210 1193 60 44 De
240 1193 90 44 aliis
300 1193 90 44 autem
360 1193 70 44 non
400 1193 100 44 potest
470 1193 70 44 hoc
511 1193 130 44 intelligi
611 1193 90 44 etiam
671 1193 80 44 dato
721 1193 80 44 quod
761 1193 50 44 non

198 1216 76 48 per
242 1216 98 48 actum
307 1216 120 48 creatum
394 1216 76 48 sed
438 1216 76 48 per
481 1216 109 48 verbum
558 1216 120 48 videret
645 1216 98 48 anima
710 1216 98 48 beata
764 1216 44 48 vt

193 1247 108 45 statim
269 1247 119 45 probabo
356 1247 108 45 contra
431 1247 87 45 eum.
485 1247 54 45 ⁋
507 1247 87 45 Dico
561 1247 108 45 tertio
637 1247 87 45 quod
680 1247 130 45 auctoritas

195 1274 79 43 est
240 1274 113 43 contra
319 1274 79 43 eum
365 1274 91 43 quia
421 1274 113 43 statim
501 1274 125 43 additur
592 1274 79 43 ibi
637 1274 79 43 cum
682 1274 79 43 hoc
716 1274 91 43 fuerit

189 1300 71 50 si
225 1300 83 50 hec
272 1300 119 50 fuerit
355 1300 131 50 formata
451 1300 95 50 erit
510 1300 143 50 creatura
617 1300 95 50 quae
664 1300 143 50 formabilis

188 1330 86 49 fuit
242 1330 75 49 sed
285 1330 162 49 impossibile
414 1330 75 49 est
457 1330 86 49 quod
511 1330 86 49 deus
565 1330 75 49 sit
608 1330 86 49 eius
662 1330 97 49 forma
716 1330 86 49 igitur

184 1359 89 46 per
235 1359 114 46 aliam
311 1359 89 46 rem
362 1359 63 46 a
387 1359 89 46 deo
438 1359 89 46 est
488 1359 139 46 formata
590 1359 89 46 cum
640 1359 89 46 sic
691 1359 114 46 videt
754 1359 51 46 et

188 1391 118 44 prius
266 1391 131 44 tantum
358 1391 105 44 isto
423 1391 105 44 modo
488 1391 183 44 formabilis
632 1391 118 44 erat.
711 1391 65 44 ⁋
724 1391 78 44 Item

187 1419 167 40 deducitur
315 1419 180 40 auctoritas
457 1419 128 40 contra
546 1419 90 40 eum
598 1419 103 40 quia
662 1419 90 40 per
700 1419 103 40 verbum

192 1442 142 48 supplens
299 1442 107 48 vicem
370 1442 178 48 cognitionis
512 1442 71 48 vt
547 1442 95 48 ipse
607 1442 107 48 dicit
678 1442 83 48 vel
713 1442 83 48 videt

187 1471 176 48 intellectus
328 1471 129 48 creatus
422 1471 106 48 beati
492 1471 106 48 omnia
562 1471 94 48 alia
621 1471 106 48 simul
691 1471 59 48 a
715 1471 82 48 deo
750 1471 47 48 et

191 1503 156 48 quodlibet
311 1503 156 48 distincte
431 1503 84 48 vel
479 1503 84 48 non
527 1503 72 48 si
563 1503 120 48 primum
647 1503 96 48 tunc
695 1503 96 48 verbum

187 1526 84 52 est
235 1526 181 52 intellectui
380 1526 120 52 creato
464 1526 144 52 cognitio
572 1526 144 52 infinita
681 1526 96 52 quod
729 1526 72 52 ipse

184 1558 126 50 negat.
273 1558 76 50 Si
311 1558 151 50 secundum
424 1558 88 50 cum
475 1558 164 50 quodlibet
601 1558 126 50 posset
676 1558 114 50 distin-

177 1590 77 40 cte
221 1590 132 40 cognosci
320 1590 66 40 in
353 1590 99 40 verbo
419 1590 88 40 pari
474 1590 121 40 ratione
561 1590 99 40 sicut
627 1590 66 40 in
660 1590 121 40 proprio
737 1590 55 40 ge-

179 1616 87 43 nere
233 1616 108 43 igitur
309 1616 76 43 ibi
352 1616 119 43 poterit
439 1616 87 43 esse
493 1616 141 43 transitus
601 1616 65 43 ab
634 1616 97 43 aliis
698 1616 65 43 ad
720 1616 65 43 alia

180 1643 198 42 cognoscibilia
343 1643 93 42 quod
401 1643 81 42 est
448 1643 116 42 contra
529 1643 186 42 auctoritatem
669 1643 128 42 augustini

182 1670 129 48 vtipsemet
282 1670 90 48 dicit
341 1670 70 48 vel
381 1670 100 48 potest
451 1670 80 48 dici
500 1670 80 48 quod
550 1670 70 48 vno
590 1670 80 48 actu
640 1670 109 48 videtur
709 1670 80 48 verbum

181 1696 71 47 seu
222 1696 82 47 illa
273 1696 61 47 in
303 1696 102 47 quibus
375 1696 133 47 consistit
477 1696 133 47 beatitudo
579 1696 153 47 essentialis
701 1696 61 47 et
722 1696 61 47 ille

178 1731 90 43 actus
238 1731 110 43 nunquam
318 1731 110 43 deficit
398 1731 70 43 sed
438 1731 80 43 alia
488 1731 80 43 visa
538 1731 60 43 in
568 1731 90 43 verbo
628 1731 120 43 videntur
708 1731 80 43 distin

183 1755 90 51 ctis
239 1755 123 51 actibus
329 1755 79 51 eis
374 1755 146 51 distincte
486 1755 236 51 correspondentibus
677 1755 112 51 causatis

184 1783 53 49 a
206 1783 96 49 verbo
269 1783 96 49 clare
333 1783 85 49 viso
386 1783 74 49 per
429 1783 96 49 actum
493 1783 106 49 primum
567 1783 64 49 et
599 1783 74 49 ita
641 1783 64 49 in
673 1783 117 49 talibus
748 1783 43 49 vi

172 1812 148 47 sionibus
283 1812 185 47 creaturarum
431 1812 74 47 in
468 1812 111 47 verbo
541 1812 86 47 que
591 1812 148 47 dicuntur
689 1812 99 47 cogni-

176 1838 92 53 tio
229 1838 158 53 matutina
347 1838 132 53 verbum
440 1838 251 53 obedientialiter
638 1838 145 53 potentiam

177 1867 177 51 cognitiuam
316 1867 114 51 mouet
392 1867 88 51 non
442 1867 76 51 vt
480 1867 151 51 speculum
594 1867 88 51 vel
644 1867 114 51 ymago
720 1867 88 51 sed

178 1901 71 49 vt
214 1901 130 49 species
308 1901 201 49 obedientialis
474 1901 83 49 non
521 1901 177 49 terminatiue
663 1901 71 49 ad
698 1901 71 49 se
722 1901 59 49 sed

167 1920 81 57 ad
207 1920 175 57 creaturas
342 1920 108 57 quas
409 1920 135 57 videns
504 1920 135 57 verbum
598 1920 148 57 visione
693 1920 94 57 prima

171 1957 98 45 videt
236 1957 76 45 non
280 1957 98 45 eadem
345 1957 120 45 visione
432 1957 76 45 sed
476 1957 109 45 aliis.
552 1957 65 45 de
584 1957 109 45 quibus
660 1957 76 45 est
693 1957 87 45 dictum

174 1978 73 57 sed
215 1978 94 57 tales
278 1978 136 57 quandoque
383 1978 115 57 possunt
466 1978 125 57 desinere
560 1978 63 57 et
592 1978 136 57 quandoque
696 1978 63 57 oe
717 1978 63 57 nouo

178 2007 98 59 fieri
244 2007 66 59 de
276 2007 76 59 hoc
320 2007 76 59 est
364 2007 87 59 vide
418 2007 120 59 notatum
506 2007 66 59 in
539 2007 186 59 marginealibi.
692 2007 66 59 q.
724 2007 76 59 44.

175 2037 48 56 ⁋
195 2037 58 56 Ad
224 2037 116 56 secundum
311 2037 107 56 negatur
388 2037 155 56 consequentia
514 2037 78 56 quia
563 2037 87 56 tales
621 2037 87 56 actus
679 2037 68 56 non
708 2037 68 56 repu-

164 2065 98 52 gnant
229 2065 65 52 et
262 2065 120 52 possunt
349 2065 109 52 recipi
425 2065 76 52 non
469 2065 76 52 tot
512 2065 87 52 quin
566 2065 109 52 plures
643 2065 98 52 simul
708 2065 65 52 in
730 2065 43 52 ea

166 2100 73 64 dem
207 2100 94 64 anima
270 2100 73 64 sub
312 2100 125 64 gradibus
406 2100 178 64 intensissimis
552 2100 157 64 difficultas
678 2100 94 64 autem
740 2100 63 64 in

852 256 156 61 contrarium
974 256 123 61 experta
1064 256 78 61 est
1108 256 89 61 pena
1164 256 123 61 peccati
1253 256 78 61 sed
1298 256 100 61 tales
1354 256 111 61 defectus

849 297 70 49 non
889 297 90 49 erunt
949 297 60 49 in
979 297 100 49 patria
1050 297 60 49 et
1080 297 80 49 idem
1130 297 110 49 dicitur
1210 297 60 49 ad
1240 297 151 49 augustinum.
1361 297 50 49 ⁋
1381 297 60 49 Ad
1401 297 60 49 ter-

854 326 71 47 tium
898 326 97 47 dicitur
969 326 71 47 quod
1013 326 80 47 sicut
1066 326 71 47 deus
1110 326 80 47 creat
1163 326 62 47 per
1199 326 71 47 suam
1243 326 133 47 substantiam
1349 326 71 47 sine
1384 326 71 47 aliquo

848 356 85 44 actu
901 356 95 44 medio
965 356 74 44 non
1007 356 95 44 tamen
1071 356 85 44 fine
1123 356 116 44 nouerei
1208 356 159 44 impositione
1335 356 74 44 sic
1377 356 85 44 fine
1420 356 42 44 me

847 384 79 46 dio
892 384 214 46 comprincipiante
1072 384 124 46 efficit
1162 384 202 46 illuminationem
1330 384 67 46 et
1353 384 112 46 cognitio

845 412 80 47 nem
890 412 80 47 qua
936 412 125 47 angelus
1027 412 148 47 cognoscit
1140 412 102 47 etiam
1209 412 80 47 hoc
1254 412 80 47 fit
1300 412 91 47 fine
1345 412 114 47 subiecto

850 437 87 51 medio
909 437 78 51 quod
957 437 126 51 directius
1054 437 68 51 est
1093 437 58 51 ad
1122 437 146 51 intensionem
1239 437 126 51 augustini
1336 437 78 51 quia
1375 437 87 51 statiem

840 466 97 51 addit
905 466 108 51 illis.
981 466 76 51 Aut
1024 466 76 51 qui
1067 466 184 51 eamlocutionem
1218 466 108 51 qualis
1294 466 76 51 est
1337 466 65 51 in
1370 466 97 51 verbo
1424 466 43 51 ca

847 498 82 47 pere
898 498 71 47 non
939 498 112 47 possunt
1020 498 71 47 cum
1061 498 71 47 eis
1102 498 122 47 loquitur
1194 498 82 47 deus
1245 498 71 47 non
1286 498 82 47 nisi
1337 498 71 47 per
1367 498 92 47 creatu-

844 528 79 43 ram
889 528 79 43 aut
934 528 113 43 tantum
1013 528 90 43 modo
1069 528 169 43 spiritualem
1205 528 79 43 aut
1250 528 68 43 in
1284 528 113 43 sonnis
1363 528 79 43 aut
1408 528 68 43 in

844 552 116 50 extasi
926 552 81 50 aut
972 552 70 50 in
1007 552 186 50 similitudine
1158 552 81 50 rex
1205 552 209 50 corporaliumaut
1368 552 81 50 etiam

849 584 74 46 per
892 584 95 46 ipsam
955 584 148 46 corporalem
1072 584 64 46 de
1104 584 127 46 sensibus
1199 584 127 46 corporis
1294 584 127 46 aliquiam
1379 584 74 46 speci

842 612 69 47 es
877 612 139 47 apparent
981 612 81 47 vel
1027 612 139 47 insonant
1131 612 116 47 alique
1212 612 104 47 voces
1282 612 81 47 hec
1328 612 104 47 ille.
1386 612 69 47 Ecce

838 639 89 48 plane
898 639 79 48 quod
947 639 89 48 vocat
1007 639 139 48 locutionem
1116 639 69 48 per
1155 639 129 48 creaturas
1255 639 99 48 quando
1324 639 79 48 illa
1374 639 69 48 est
1403 639 50 48 ob-

841 672 108 43 iectum
917 672 129 43 mediatum
1014 672 129 43 alicuius
1111 672 129 43 alterius
1208 672 108 43 ducens
1283 672 65 43 in
1316 672 129 43 alterius
1402 672 54 43 rei

842 696 133 45 noticiam
942 696 100 45 sicut
1008 696 78 45 per
1052 696 100 45 voces
1119 696 199 45 significatiuas
1285 696 122 45 auditas
1362 696 89 45 conci-

839 726 105 45 pimus
909 726 82 45 res
956 726 70 45 et
991 726 82 45 per
1038 726 82 45 hoc
1085 726 70 45 no
1120 726 140 45 excludit
1225 726 105 45 actum
1295 726 117 45 medium
1365 726 82 45 cuius

839 754 153 49 immediatum
959 754 131 49 obiectum
1057 754 76 49 sit
1101 754 153 49 substantia
1221 754 76 49 dei
1265 754 76 49 sed
1308 754 131 49 excludit
1395 754 55 49 ob-

836 780 99 49 iecta
902 780 99 49 media
968 780 66 49 in
1000 780 99 49 verbi
1066 780 132 49 visione.
1165 780 132 49 Preterea
1264 780 99 49 licet
1329 780 88 49 deus
1373 780 77 49 loqua

836 808 76 50 tur
879 808 130 50 creature
977 808 76 50 per
1020 808 130 50 substant
1118 808 76 50 iam
1161 808 76 50 sua
1204 808 152 50 ostendendo
1323 808 130 50 creature
1410 808 43 50 se

834 840 125 47 metipsum
928 840 84 47 sine
980 840 84 47 omni
1032 840 94 47 medio
1095 840 63 47 ex
1126 840 94 47 parte
1189 840 73 47 sui
1231 840 94 47 tamen
1293 840 125 47 creatura
1377 840 73 47 audit

839 865 70 50 per
879 865 90 50 actum
939 865 80 50 suum
989 865 60 50 in
1018 865 60 50 se
1048 865 140 50 subiectiue
1158 865 130 50 receptum.
1258 865 60 50 Ad
1288 865 110 50 quartum
1357 865 90 50 dicitur

837 899 77 48 quod
885 899 135 48 magisterli
991 899 67 48 hoc
1030 899 135 48 communiter
1136 899 67 48 non
1174 899 106 48 tenetur
1251 899 87 48 etiam
1309 899 77 48 ille
1357 899 87 48 videt
1405 899 48 48 cla

838 928 72 45 rius
883 928 54 45 in
910 928 63 45 quo
946 928 63 45 est
983 928 100 45 clarior
1055 928 81 45 visio
1109 928 54 45 et
1136 928 109 45 fruitio.
1218 928 54 45 Ad
1245 928 100 45 quintum
1317 928 100 45 dicitur
1390 928 72 45 quod

827 955 86 44 etiam
885 955 76 44 deus
932 955 95 44 intime
999 955 95 44 posens
1065 955 67 44 est
1103 955 114 44 damnatis
1189 955 67 44 non
1227 955 86 44 tamen
1284 955 67 44 per
1322 955 67 44 hoc
1360 955 67 44 est
1388 955 48 44 vi-

827 980 97 52 sio.
887 980 72 52 Ad
924 980 121 52 sextum
1008 980 85 52 non
1056 980 97 52 pono
1117 980 121 52 vsquam
1201 980 133 52 aliquam
1298 980 133 52 speciem
1383 980 60 52 re-

831 1012 76 46 cipi
879 1012 57 46 in
908 1012 114 46 potentia
993 1012 76 46 quae
1041 1012 67 46 sit
1079 1012 105 46 praeuia
1155 1012 86 46 primo
1212 1012 95 46 actuim
1278 1012 67 46 sed
1316 1012 86 46 solum
1373 1012 57 46 in
1392 1012 48 46 me-

830 1039 75 49 dio
873 1039 64 49 et
905 1039 117 49 organis
990 1039 117 49 sensunm
1075 1039 64 49 et
1107 1039 64 49 si
1139 1039 149 49 conceditur
1256 1039 117 49 species
1342 1039 96 49 tamen
1395 1039 53 49 vbi

825 1069 126 39 obiectum
919 1069 73 39 est
961 1069 136 39 immediate
1066 1069 126 39 praesens
1160 1069 126 39 potentie
1254 1069 168 39 obiectaliter
1391 1069 73 39 quo

822 1093 66 49 ad
855 1093 66 49 se
888 1093 77 49 ibi
932 1093 109 49 omnino
1008 1093 142 49 poneretur
1118 1093 142 49 superfiue
1227 1093 77 49 sic
1271 1093 77 49 est
1315 1093 66 49 de
1347 1093 77 49 deo
1380 1093 66 49 etc.

837 1122 51 51 ⁋
857 1122 61 51 Et
888 1122 72 51 cum
929 1122 92 51 dicit
990 1122 133 51 apostolus
1092 1122 61 51 id
1123 1122 72 51 est
1164 1122 61 51 ad
1195 1122 123 51 corinth.
1287 1122 51 51 5
1307 1122 72 51 per
1348 1122 92 51 fidem
1399 1122 41 51 am

832 1151 104 51 bulamus
907 1151 56 51 et
935 1151 66 51 non
973 1151 66 51 per
1010 1151 104 51 speciem
1086 1151 132 51 intelligit
1189 1151 66 51 per
1227 1151 104 51 speciem
1302 1151 75 51 idem
1349 1151 75 51 quod
1387 1151 47 51 per

824 1183 162 47 presentiam.
954 1183 65 47 Ad
986 1183 129 47 septimum
1083 1183 129 47 dicendum
1180 1183 86 47 quod
1234 1183 65 47 in
1266 1183 86 47 isto
1320 1183 97 47 amore
1374 1183 54 47 qui

823 1209 177 48 praesupponit
967 1209 188 48 compositionem
1121 1209 66 48 et
1155 1209 155 48 diuisionem
1276 1209 66 48 de
1309 1209 77 48 quo
1343 1209 88 48 proce-

826 1240 70 42 dit
866 1240 140 42 argumentum
976 1240 70 42 non
1016 1240 130 42 consistit
1116 1240 150 42 essentialis
1236 1240 130 42 beatitudo
1326 1240 110 42 beatitudi

827 1266 73 46 nes
868 1266 94 46 autem
931 1266 167 46 accidentales
1067 1266 84 46 bene
1119 1266 115 46 possunt
1202 1266 115 46 intendi
1286 1266 73 46 ibi
1328 1266 63 46 et
1348 1266 84 46 remit-

824 1293 55 51 ti
851 1293 82 51 etiam
906 1293 101 51 cessare
979 1293 119 51 quandoque
1071 1293 55 51 et
1098 1293 101 51 resumi.
1172 1293 46 51 ⁋
1190 1293 55 51 Ad
1217 1293 101 51 octauum
1291 1293 101 51 dicitur
1364 1293 73 51 quod
1400 1293 37 51 so

821 1320 68 50 la
855 1320 113 50 deitas
933 1320 146 50 obiectiue
1046 1320 158 50 beatificat
1170 1320 158 50 essentiali
1283 1320 146 50 beatitudine

819 1350 94 51 sicut
881 1350 105 51 probat
955 1350 147 51 auctoritas
1070 1350 147 51 augustinus
1185 1350 105 51 quinto
1258 1350 115 51 confes.
1331 1350 105 51 allegata

824 1380 55 50 et
851 1380 73 50 ideo
897 1380 100 50 negatur
969 1380 73 50 quod
1015 1380 109 50 alicuius
1097 1380 109 50 alterius
1178 1380 45 50 a
1197 1380 64 50 deo
1233 1380 64 50 tam
1269 1380 73 50 quam
1315 1380 100 50 obiecti
1378 1380 55 50 opor

819 1405 90 45 teat
875 1405 90 45 esse
931 1405 101 45 actum
998 1405 157 45 beatificum
1121 1405 78 45 nec
1166 1405 146 45 securitas
1267 1405 168 45 perpetuitatis

819 1437 77 46 est
863 1437 88 46 pars
918 1437 77 46 vel
962 1437 132 46 obiectum
1061 1437 99 46 huius
1127 1437 176 46 beatitudinis
1269 1437 77 46 sed
1302 1437 132 46 beatitudis

819 1462 157 52 aggregate
940 1462 72 52 ex
976 1462 96 52 omni
1036 1462 109 52 parte
1108 1462 193 52 accidentalis
1253 1462 181 52 beatitudinis.

820 1491 49 50 ⁋
840 1491 59 50 Ad
869 1491 89 50 nonum
929 1491 79 50 dico
978 1491 79 50 quod
1027 1491 69 50 cum
1066 1491 89 50 clara
1126 1491 69 50 dei
1165 1491 108 50 visione
1244 1491 99 50 posset
1313 1491 89 50 stare
1372 1491 79 50 quod

815 1519 80 49 sic
860 1519 114 49 videns
940 1519 80 49 non
986 1519 114 49 semper
1065 1519 148 49 habiturus
1179 1519 103 49 esset
1248 1519 182 49 beatitudinem
1384 1519 46 49 et

818 1547 78 41 ita
862 1547 78 41 non
907 1547 100 41 esset
974 1547 123 41 beatus:
1063 1547 78 41 nec
1108 1547 100 41 visio
1175 1547 78 41 sua
1219 1547 100 41 esset
1275 1547 145 41 beatificali

816 1578 88 48 esset
875 1578 88 48 clara
934 1578 137 48 veruntamen
1041 1578 78 48 bene
1090 1578 147 48 concedendum
1208 1578 69 48 est
1247 1578 78 48 quod
1296 1578 69 48 per
1325 1578 98 48 visionem

809 1608 68 47 in
843 1608 101 47 verbo
910 1608 79 47 non
955 1608 113 47 potest
1034 1608 101 47 scire
1101 1608 146 47 quodlibet
1214 1608 68 47 ab
1248 1608 68 47 eo
1270 1608 158 47 cognoscibile

811 1632 84 53 quia
863 1632 73 53 non
905 1632 105 53 potest
978 1632 94 53 scire
1041 1632 63 53 se
1072 1632 73 53 non
1114 1632 105 53 videre
1188 1632 115 53 verbum.
1271 1632 52 53 ⁋
1292 1632 63 53 Ad
1313 1632 105 53 anselmum

812 1660 100 55 dicitur
885 1660 73 55 quod
930 1660 73 55 ipse
976 1660 82 55 solum
1030 1660 109 55 loquitur
1112 1660 64 55 ibi
1149 1660 55 55 de
1176 1660 127 55 cognitione
1276 1660 118 55 possibili
1367 1660 55 55 in
1386 1660 36 55 ge

808 1690 87 54 nere
862 1690 120 54 proprio
949 1690 87 54 Nota
1004 1690 98 54 circa
1069 1690 152 54 solutionem
1189 1690 98 54 sexti
1254 1690 98 54 dubii
1319 1690 87 54 quae
1363 1690 54 54 po-

807 1720 81 45 nitur
861 1720 54 45 in
888 1720 117 45 principio
978 1720 99 45 secundu
1050 1720 108 45 articuli
1132 1720 72 45 quod
1177 1720 90 45 quando
1240 1720 108 45 visiones
1321 1720 63 45 seu
1348 1720 72 45 cogni-

811 1746 99 49 tiones
881 1746 149 49 producuntur
1000 1746 60 49 in
1030 1746 119 49 potentta
1119 1746 70 49 vel
1159 1746 129 49 potentiis
1258 1746 119 49 secundum
1338 1746 79 49 natura

809 1773 70 49 lem
849 1773 119 49 influxum
938 1773 70 49 seu
978 1773 149 49 actiuitatem
1098 1773 60 49 et
1127 1773 119 49 secundum
1217 1773 109 49 vltimum
1297 1773 90 49 posse
1346 1773 70 49 obie-

811 1806 106 46 ctorum
885 1806 116 46 remotis
970 1806 116 46 omnibus
1055 1806 169 46 impedimentis
1192 1806 63 46 ex
1224 1806 95 46 parte
1287 1806 127 46 potentie
1372 1806 42 46 et

808 1834 173 46 quoruncumque
949 1834 108 46 alior:
1024 1834 86 46 tunc
1078 1834 97 46 talis
1143 1834 86 46 erit
1197 1834 140 46 proportio
1294 1834 119 46 cognitio-

806 1859 76 57 num
849 1859 108 57 qualis
925 1859 76 57 est
968 1859 130 57 obiector
1065 1859 140 57 interise.
1173 1859 65 57 In
1206 1859 97 57 aliis
1271 1859 86 57 vero
1325 1859 76 57 non
1357 1859 54 57 ope

803 1889 59 50 de
833 1889 69 50 hoc
872 1889 79 50 vide
922 1889 79 50 plus
971 1889 59 50 in
1001 1889 129 50 sequenti.
1100 1889 59 50 q.
1130 1889 50 50 ⁋
1150 1889 119 50 Preterea
1239 1889 119 50 sciendum
1328 1889 69 50 est
1358 1889 50 50 cir

809 1918 58 51 ca
838 1918 117 51 secundam
926 1918 97 51 partem
994 1918 107 51 eiusdem
1072 1918 136 51 solutionis
1179 1918 78 51 quod
1228 1918 68 51 non
1267 1918 88 51 optet
1316 1918 97 51 visionem

805 1945 68 54 vel
844 1945 145 54 cognitionem
960 1945 107 54 propter
1038 1945 68 54 hoc
1076 1945 77 54 esse
1125 1945 155 54 perfectionem
1251 1945 116 54 visionem
1338 1945 77 54 quod

808 1978 71 47 eam
849 1978 122 47 videntur
940 1978 92 47 multa
1002 1978 112 47 similia
1083 1978 102 47 omnior
1155 1978 82 47 quia
1206 1978 71 47 per
1247 1978 122 47 visionem
1328 1978 82 47 eandem

802 2003 77 51 per
846 2003 88 51 quam
901 2003 99 51 videt
968 2003 88 51 homo
1023 2003 88 51 vnum
1078 2003 88 51 ouum
1133 2003 121 51 videret
1221 2003 66 51 ou
1254 2003 55 51 a
1266 2003 143 51 simplicitur

802 2036 112 45 infinita
886 2036 93 45 omnino
951 2036 102 45 similia
1025 2036 56 45 si
1053 2036 102 45 ceteris
1128 2036 102 45 paribus
1202 2036 93 45 essent
1267 2036 75 45 sibi
1305 2036 102 45 equalitur

797 2061 153 49 presentata
917 2061 87 49 vnde
972 2061 66 49 si
1005 2061 87 49 deus
1059 2061 66 49 in
1092 2061 109 49 aliquo
1169 2061 87 49 situ
1223 2061 120 49 faceret
1300 2061 109 49 infinita

798 2094 70 45 oua
838 2094 110 45 equalia
918 2094 60 45 et
948 2094 110 45 angelus
1027 2094 90 45 esset
1087 2094 120 45 praesens
1177 2094 80 45 illi
1227 2094 90 45 situi
1286 2094 60 45 et
1306 2094 100 45 cuilibet

804 2119 84 59 eius
856 2119 94 59 parti
918 2119 94 59 eadem
981 2119 115 59 visione
1065 2119 104 59 finita
1138 2119 84 59 quae
1190 2119 115 59 videret
1273 2119 84 59 vnum
1315 2119 94 59 videret
