1762 2500
319 293 97 57 exponi
387 293 68 57 vno
426 293 87 57 modid
483 293 68 57 est
522 293 116 57 essentia
609 293 68 57 est
648 293 68 57 res
686 293 77 57 quae
735 293 68 57 non
773 293 106 57 generat
850 293 58 57 et
870 293 48 57 sic

323 337 75 39 est
366 337 96 39 falsa
430 337 64 39 ex
462 337 128 39 capitulo
558 337 139 39 damnnamus
664 337 85 39 quia
718 337 128 39 essentia
813 337 75 39 est
845 337 75 39 pater

325 363 78 41 qui
370 363 134 41 generat.
470 363 56 41 ⁋
492 363 89 41 Alio
548 363 89 41 modo
604 363 78 41 sic
649 363 134 41 essentia
749 363 78 41 non
794 363 134 41 generat.
883 363 34 41 i

317 392 96 37 istam
381 392 74 37 res
424 392 64 37 vt
456 392 128 37 essentia
551 392 74 37 non
594 392 117 37 generat
679 392 74 37 sed
721 392 64 37 vt
753 392 74 37 est
796 392 106 37 pater:
859 392 64 37 simi

324 425 87 35 liter
383 425 68 35 cum
421 425 117 35 arguitur
509 425 68 35 hec
548 425 117 35 essentia
635 425 68 35 est
674 425 175 35 communicabilis
820 425 68 35 hec
849 425 68 35 pater

327 449 84 37 nitas
383 449 65 37 non
420 449 65 37 est
458 449 168 37 communicabilis
598 449 103 37 igitur.
673 449 47 37 ⁋
691 449 47 37 R
710 449 112 37 espondet
794 449 75 37 quod
841 449 56 37 si
860 449 65 37 minor

320 475 150 39 intelligatur
442 475 66 39 sic
479 475 75 39 quod
526 475 66 39 hec
564 475 132 39 paternitas
667 475 66 39 non
705 475 66 39 est
742 475 85 39 istam
799 475 66 39 res
827 475 94 39 communi-

326 502 95 41 cabilis
395 502 77 41 falsa
447 502 60 41 est
481 502 52 41 si
507 502 69 41 vero
550 502 138 41 intelligatur
662 502 60 41 sic
697 502 69 41 quod
740 502 52 41 ex
765 502 60 41 hoc
800 502 69 41 quod
843 502 60 41 est
869 502 60 41 essen

328 533 62 38 tia
364 533 62 38 est
399 533 160 38 communicabilis
533 533 53 38 et
560 533 62 38 non
595 533 53 38 ex
622 533 62 38 hoc
658 533 71 38 quod
702 533 62 38 est
738 533 125 38 paternitas
836 533 71 38 vera
872 533 53 38 esta

337 562 47 40 ⁋
355 562 123 40 Respondeo
450 562 76 40 quod
497 562 66 40 non
535 562 76 40 quia
582 562 113 40 essentia
667 562 113 40 communis
752 562 85 40 nullo
809 562 76 40 modo
846 562 76 40 genera

324 588 74 39 nec
367 588 64 39 vt
399 588 74 39 est
441 588 127 39 essentia
536 588 74 39 nec
579 588 64 39 vt
610 588 74 39 est
653 588 95 39 pater
716 588 74 39 qui
759 588 85 39 ipsa
812 588 95 39 nullo
864 588 64 39 modo

322 619 178 36 distinguitur
466 619 56 36 a
489 619 100 36 filio
555 619 67 36 et
589 619 67 36 si
622 619 89 36 ipsa
677 619 67 36 vt
711 619 78 36 est
755 619 100 36 pater
811 619 122 36 generaret

327 645 117 38 filium
409 645 210 38 distingueretur
584 645 70 38 ab
619 645 70 38 eo
655 645 70 38 vt
690 645 82 38 est
736 645 105 38 pater
806 645 105 38 sicut
865 645 70 38 argu

330 672 56 39 it
358 672 113 39 magister
443 672 66 39 di.
480 672 94 39 quinta
546 672 85 39 primi
603 672 56 39 et
631 672 66 39 di.
668 672 47 39 4
687 672 56 39 et
716 672 94 39 multis
781 672 85 39 aliis
838 672 85 39 locis
885 672 47 39 con

326 707 103 33 clusio
398 707 103 33 falsa.
470 707 83 33 Item
522 707 62 33 si
553 707 124 33 essentia
646 707 124 33 communis
739 707 62 33 vt
770 707 72 33 est
811 707 93 33 pater
863 707 62 33 geni

330 729 94 42 ratur
392 729 104 42 igitur
465 729 125 42 essentia
559 729 115 42 generat
643 729 104 42 contra
716 729 125 42 decretum
800 729 125 42 consequent

336 761 98 40 patet
401 761 87 40 quia
456 761 76 40 hec
499 761 163 40 modificatio
630 761 76 40 vel
673 761 174 40 reduplicatio
814 761 65 40 vt
847 761 76 40 est
880 761 54 40 pa-

329 785 84 40 ter
377 785 84 40 non
425 785 84 40 est
473 785 192 40 determinatio
629 785 168 40 distrahens
760 785 84 40 vel
796 785 132 40 diminuens

330 819 125 35 igitur.
420 819 57 35 ⁋
443 819 113 35 Sextum
523 819 113 35 dubium
602 819 68 35 an
636 819 148 35 sufficiat
749 819 91 35 illa
795 819 136 35 distinctio

330 843 74 38 de
367 843 136 38 deitate
466 843 174 38 singulorum
602 843 87 38 vel
652 843 149 38 singulis
763 843 149 38 deitatis
863 843 74 38 quam

335 871 95 38 tenet
399 871 106 38 pigam.
473 871 117 38 videtur
558 871 85 38 quod
611 871 74 38 sic
654 871 138 38 inductiue
760 871 85 38 quia
813 871 64 38 si
845 871 74 38 sic
876 871 64 38 argu

328 902 95 38 atur
388 902 71 38 in
423 902 107 38 primo
495 902 95 38 modo
554 902 107 38 prime
626 902 119 38 figure
709 902 83 38 vbi
757 902 107 38 maior
828 902 83 38 est
864 902 71 38 appa

327 927 105 37 rentia
401 927 95 37 omnis
465 927 105 37 deitas
538 927 74 37 est
581 927 95 37 pater
644 927 95 37 omnis
707 927 105 37 filius
781 927 63 37 in
812 927 116 37 diuinis
886 927 53 37 est

337 959 127 36 deitas.
430 959 115 36 igitur
511 959 69 36 si
545 959 104 36 maior
615 959 185 36 distinguitur
765 959 104 36 penes
823 959 115 36 equiuoca

335 986 105 36 tionem
408 986 63 36 eo
440 986 84 36 quod
492 986 105 36 posset
566 986 95 36 fieri
629 986 158 36 distributio
755 986 74 36 pro
797 986 126 36 singulis
881 986 53 36 de-

329 1011 96 39 tatis
393 1011 64 39 et
425 1011 85 39 tunc
479 1011 75 39 est
521 1011 96 39 falsa
585 1011 64 39 et
617 1011 139 39 discursus
724 1011 96 39 bonus
788 1011 75 39 vel
830 1011 75 39 pro
862 1011 75 39 deita

333 1040 66 41 te
366 1040 132 41 singulor
465 1040 66 41 et
498 1040 88 41 tunc
553 1040 77 41 est
597 1040 88 41 vera
653 1040 77 41 sed
697 1040 99 41 minor
763 1040 77 41 non
807 1040 121 41 sumitur
884 1040 55 41 sub

335 1067 80 42 ea.
380 1067 138 42 Exemplum
484 1067 103 42 patet
552 1067 69 42 in
587 1067 92 42 ista
644 1067 92 42 omne
701 1067 115 42 animal
782 1067 92 42 fuit
839 1067 69 42 in
862 1067 80 42 archa

332 1096 81 40 noe
379 1096 93 40 etc.
437 1096 58 40 ⁋
460 1096 93 40 Ista
518 1096 151 40 responsio
635 1096 151 40 concordat
751 1096 81 40 cum
797 1096 128 40 syrant.
879 1096 58 40 qui

333 1127 157 37 distinguit
456 1127 191 37 propositiones
613 1127 146 37 huiusmodi
726 1127 79 37 per
759 1127 180 37 equiuocationem

333 1151 69 40 eo
367 1151 92 40 quod
425 1151 92 40 iste
482 1151 138 40 terminus
586 1151 138 40 essentia
689 1151 115 40 diuina
770 1151 81 40 vel
816 1151 115 40 deitas
885 1151 58 40 vel

333 1182 162 38 substantia
461 1182 116 38 diuina
542 1182 151 38 supponere
658 1182 116 38 potest
739 1182 185 38 singulariter
878 1182 58 38 pro

335 1207 133 37 deitate
432 1207 85 37 que
480 1207 85 37 est
528 1207 97 37 tres
589 1207 133 37 persone
685 1207 85 37 vel
734 1207 193 37 personaliter
879 1207 60 37 pro

337 1237 76 38 hac
381 1237 76 38 vel
424 1237 87 38 ista
478 1237 87 38 quae
532 1237 108 38 deitas
608 1237 87 38 est.
662 1237 54 38 ⁋
684 1237 65 38 Et
716 1237 98 38 primo
781 1237 87 38 modo
825 1237 108 38 loquendi

334 1262 115 40 deitas
414 1262 80 40 non
460 1262 126 40 generat
552 1262 80 40 nec
598 1262 184 40 distinguitur
747 1262 69 40 ab
781 1262 115 40 aliqua
850 1262 92 40 perso-

336 1295 59 39 na
366 1295 69 39 nec
405 1295 69 39 est
445 1295 198 39 incommunicabilis
613 1295 59 39 et
643 1295 69 39 sic
683 1295 59 39 de
712 1295 129 39 similibus
811 1295 89 39 sicut
861 1295 79 39 dicunt

338 1321 97 41 ambo
398 1321 109 41 isti.
471 1321 61 41 ⁋
495 1321 133 41 Secundo
592 1321 97 41 modo
653 1321 133 41 generat
749 1321 73 41 et
774 1321 169 41 distinguitur

337 1347 62 38 et
368 1347 72 38 est
409 1347 206 38 incommunicabilis
583 1347 62 38 et
614 1347 72 38 sic
655 1347 62 38 de
686 1347 144 38 similibus.
799 1347 82 38 vnde
840 1347 103 38 secundum

332 1377 129 42 syrans.
426 1377 71 42 in
462 1377 188 42 suppositione
615 1377 153 42 personali
732 1377 94 42 iste
791 1377 141 42 terminus
885 1377 59 42 dei

336 1402 76 45 tas
380 1402 76 45 vel
423 1402 109 45 diuina
499 1402 130 45 essentia
597 1402 87 45 stat
651 1402 76 45 pro
695 1402 109 45 tribus
771 1402 130 45 personis
858 1402 87 45 disium

345 1439 98 36 ctiue
411 1439 98 36 sicut
476 1439 87 36 iste
530 1439 131 36 terminus
629 1439 87 36 deus
683 1439 65 36 in
716 1439 76 36 hac
760 1439 174 36 propositione
890 1439 44 36 de

332 1460 124 46 generat
422 1460 68 46 et
456 1460 102 46 sicut
524 1460 102 46 etiam
591 1460 90 46 ista
648 1460 102 46 habet
715 1460 90 46 tres
772 1460 158 46 singulares
885 1460 56 46 qua

339 1491 72 39 rum
380 1491 93 39 vnica
442 1491 103 39 tantum
514 1491 82 39 vera
566 1491 72 39 est
607 1491 113 39 silicet
689 1491 82 39 ista
741 1491 82 39 iste
792 1491 82 39 deus
844 1491 93 39 pater
895 1491 52 39 ge-

343 1515 106 41 nerat
414 1515 82 41 sic
461 1515 94 41 ista
519 1515 141 41 essentia
625 1515 117 41 diuina
707 1515 129 41 generat
801 1515 129 41 accepto
883 1515 59 41 sub

337 1544 110 38 iecto
410 1544 196 38 personaliter
569 1544 110 38 habet
642 1544 98 38 tres
704 1544 171 38 singulares
826 1544 122 38 scilicet

335 1572 81 41 hec
382 1572 139 41 essentia
486 1572 104 41 pater
555 1572 127 41 generat
648 1572 81 41 hec
694 1572 139 41 essentia
798 1572 116 41 filius
867 1572 81 41 gene-

337 1604 87 40 rat
386 1604 87 40 hec
436 1604 149 40 essentia
547 1604 149 40 spiritus
659 1604 136 40 sanctus
758 1604 136 40 generat
845 1604 99 40 quarum

343 1634 102 39 prima
411 1634 79 39 est
456 1634 102 39 vera.
524 1634 57 39 ⁋
546 1634 68 39 In
580 1634 181 39 suppositione
728 1634 91 39 vero
784 1634 147 39 simplici.
886 1634 68 39 stat

346 1659 83 42 pro
394 1659 119 42 natura
477 1659 130 42 communi
571 1659 119 42 tantum
655 1659 83 42 ita
702 1659 95 42 quod
761 1659 83 42 non
797 1659 154 42 distributi-

340 1688 70 40 ue
375 1688 82 40 pro
422 1688 117 40 tribus
504 1688 140 40 personis
610 1688 70 40 et
645 1688 82 40 sic
691 1688 82 40 non
738 1688 105 40 habet
809 1688 94 40 nisi
855 1688 94 40 vnicam

343 1718 165 35 singularem
473 1718 82 35 que
520 1718 82 35 est
567 1718 106 35 falsa
637 1718 82 35 hec
684 1718 106 35 ille.
755 1718 59 35 ⁋
779 1718 94 35 Ista
837 1718 71 35 in
861 1718 94 35 maiori

340 1749 106 39 parte
411 1749 94 39 sunt
470 1749 94 39 vera
528 1749 71 39 et
564 1749 212 39 rationabiliter
740 1749 106 39 dicta
811 1749 82 39 iam
858 1749 82 39 pro
893 1749 59 39 eis

346 1777 104 37 arguo.
418 1777 94 37 primo
481 1777 73 37 per
522 1777 125 37 Magister
616 1777 73 37 li.
658 1777 52 37 3
679 1777 73 37 di.
720 1777 52 37 5
741 1777 83 37 cap.
793 1777 94 37 primo
855 1777 83 37 post
897 1777 52 37 me-

351 1802 82 34 dium
402 1802 72 34 vbi
443 1802 113 34 allegat
525 1802 144 34 augustinus
638 1802 123 34 dicentem
730 1802 82 34 quod
782 1802 82 34 illa
833 1802 103 34 natura
895 1802 51 34 est

348 1835 115 31 semper
428 1835 115 31 genita
508 1835 126 31 emaneat
600 1835 69 31 ex
634 1835 103 31 patre
703 1835 126 31 naturam
795 1835 92 31 nram
852 1835 92 31 fine
898 1835 57 31 pec

352 1862 89 35 cato
407 1862 144 35 suscepit.
518 1862 55 35 ⁋
540 1862 66 35 Et
573 1862 89 35 post
629 1862 111 35 subdit
706 1862 133 35 Magister
806 1862 78 35 vbi
839 1862 111 35 vehemeni

344 1889 120 32 moueri
428 1889 144 32 possumus
536 1889 96 32 quod
596 1889 84 32 eam
644 1889 132 32 genitam
739 1889 180 32 eternaliter
883 1889 72 32 ex
907 1889 48 32 pa

350 1919 79 31 tre
395 1919 102 31 dicit
463 1919 91 31 nisi
520 1919 102 31 forte
588 1919 125 31 naturam
679 1919 79 31 pro
724 1919 125 31 persona
815 1919 79 31 hic
849 1919 113 31 accipiat

355 1948 70 32 non
395 1948 70 32 pro
435 1948 101 32 natura
506 1948 101 32 tribus
576 1948 121 32 personis
667 1948 111 32 communi
747 1948 101 32 igitur
817 1948 101 32 potest
878 1948 80 32 secun-

350 1969 84 38 dum
398 1969 84 38 eum
446 1969 84 38 sic
493 1969 167 38 dupliciter
625 1969 107 38 sumi.
696 1969 60 38 ⁋
720 1969 96 38 Item
780 1969 84 38 di.
828 1969 60 38 5
852 1969 107 38 primi
911 1969 48 38 li

353 2002 74 34 bri
396 2002 116 34 dicimus
480 2002 84 34 quod
533 2002 74 34 nec
575 2002 95 34 pater
638 2002 105 34 genuit
712 2002 116 34 diuinam
796 2002 137 34 essentiam
891 2002 63 34 etc.

358 2031 60 32 et
388 2031 100 32 subdit
458 2031 120 32 hiclaunt
547 2031 100 32 nomine
617 2031 120 32 essentie
707 2031 159 32 intelligimus
836 2031 110 32 diuinam
906 2031 50 32 na-

356 2060 82 33 turam
410 2060 73 33 quae
456 2060 109 33 communis
537 2060 64 33 est
574 2060 91 33 tribus
637 2060 109 33 personis
719 2060 64 33 per
755 2060 64 33 hoc
792 2060 100 33 renuens
864 2060 73 33 quod
901 2060 54 33 alio

353 2091 87 29 modo
408 2091 87 29 sumi
462 2091 109 29 possit
539 2091 76 29 ymo
582 2091 65 29 et
615 2091 76 29 ibi
659 2091 175 29 consequenter
800 2091 142 29 exponendo
898 2091 55 29 au-

356 2115 149 32 ctoritatem
473 2115 117 32 sanctor
558 2115 106 32 contra
632 2115 64 32 se
664 2115 85 32 quae
717 2115 106 32 dicunt
792 2115 117 32 naturam
866 2115 85 32 genera

358 2141 65 47 re
391 2141 76 47 vel
434 2141 119 47 genitam
520 2141 87 47 esse
575 2141 119 47 exponit
661 2141 119 47 naturam
748 2141 76 47 pro
791 2141 119 47 persona
877 2141 76 47 que
910 2141 54 47 est

941 291 132 46 natura.
1037 291 144 46 Probatur
1145 291 96 46 ista
1205 291 168 46 distinctio
1338 291 132 46 videtur
1434 291 96 46 bona
1482 291 72 46 quia

942 331 124 40 primum
1028 331 124 40 sensum
1115 331 87 40 quo
1165 331 74 40 ad
1202 331 173 40 suppositum
1338 331 161 40 simplicem
1462 331 87 40 dat
1499 331 62 40 de-

942 359 119 34 cretum.
1029 359 108 34 dicens
1104 359 86 34 quod
1158 359 108 34 natura
1234 359 108 34 diuina
1310 359 76 34 nec
1353 359 119 34 generat
1439 359 86 34 etc.
1493 359 54 34 ⁋
1504 359 54 34 Set

945 388 152 34 secundum
1059 388 76 34 oe
1097 388 203 34 suppositione
1262 388 165 34 personali
1388 388 139 34 videtur
1477 388 76 34 habe

947 415 72 35 re
983 415 179 35 augustinus.
1126 415 144 35 hylarius
1234 415 72 35 et
1270 415 155 35 ambrosius
1390 415 72 35 in
1413 415 144 35 auctorita-

946 442 118 37 tibus
1025 442 171 37 allegatis
1156 442 66 37 a
1183 442 171 37 magistro.
1314 442 105 37 Item
1380 442 171 37 richardus
1512 442 66 37 4

949 467 67 41 de
982 467 146 41 trinitate
1095 467 90 41 capi
1151 467 56 41 7
1174 467 101 41 nomen
1241 467 157 41 substantie
1365 467 79 41 non
1410 467 79 41 tam
1444 467 112 41 quisquam

945 497 101 39 quid
1009 497 202 39 significatur
1173 497 88 39 pro
1223 497 101 39 quid
1287 497 76 39 oe
1325 497 190 39 proprietate
1464 497 88 39 commu

943 525 70 38 ni
978 525 70 38 et
1013 525 105 38 illud
1083 525 116 38 quidem
1164 525 128 38 solemus
1257 525 139 38 accipere
1362 525 163 38 responsuri
1489 525 93 38 quod

943 558 129 36 animal
1033 558 90 36 sit
1085 558 90 36 vel
1137 558 103 36 homo
1201 558 90 36 vel
1253 558 116 36 equus
1331 558 90 36 vel
1382 558 168 36 huiusmodi
1498 558 65 36 per

948 581 92 36 quio
1005 581 69 36 oe
1039 581 172 36 proprietate
1176 581 149 36 singulari
1291 581 137 36 postquam
1394 581 126 36 constat
1485 581 69 36 de
1508 581 46 36 il

953 610 72 36 lo
989 610 72 36 de
1025 610 84 36 quo
1073 610 144 36 querimus
1181 610 96 36 quod
1241 610 84 36 sit
1288 610 96 36 homo
1348 610 72 36 et
1384 610 144 36 querimus
1492 610 96 36 quid

945 638 143 40 mathias
1049 638 91 40 vel
1101 638 182 40 bertholdus
1244 638 91 40 per
1295 638 104 40 quid
1360 638 208 40 interrogamus
1516 638 52 40 vt

954 668 198 37 certificemur
1115 668 74 37 de
1152 668 161 37 qualitate
1276 668 174 37 substantie
1412 668 87 37 per
1462 668 99 37 quis
1511 668 50 37 vt

946 695 186 36 certificemur
1097 695 70 36 oe
1132 695 174 36 proprietate
1271 695 139 36 persone.
1375 695 81 36 hec
1422 695 93 36 ille
1468 695 93 36 igitur

948 725 152 34 substantia
1068 725 130 34 secundum
1165 725 76 34 eum
1209 725 109 34 accipi
1285 725 109 34 potest
1361 725 65 34 et
1393 725 76 34 pro
1437 725 109 34 natura
1502 725 65 34 con-

952 750 87 38 muni
1007 750 65 38 et
1039 750 142 38 quandoque
1148 750 76 38 pro
1192 750 131 38 persona.
1290 750 131 38 Secundum
1388 750 87 38 hanc
1432 750 131 38 distinctio

956 779 84 35 nem
1004 779 168 35 respondere
1136 779 132 35 possunt
1232 779 96 35 quod
1291 779 72 35 ad
1327 779 108 35 omnia
1399 779 156 35 argumenta
1507 779 60 35 non

954 805 110 37 solum
1027 805 183 37 affirmatiua
1173 805 110 37 sicut
1246 805 85 37 iam
1295 805 219 37 exemplificatum
1478 805 85 37 est
1514 805 49 37 in

956 835 106 41 primo
1027 835 94 41 modo
1086 835 106 41 perse
1156 835 82 41 sed
1203 835 106 41 etiam
1274 835 141 41 negatiua
1380 835 71 41 vt
1415 835 71 41 si
1450 835 82 41 sic
1486 835 82 41 argui

956 862 82 37 tur
1003 862 82 37 in.
1050 862 70 37 4.
1085 862 106 37 prime
1156 862 117 37 figure
1238 862 117 37 nullus
1320 862 106 37 pater
1390 862 70 37 in
1425 862 129 37 diuinis
1507 862 59 37 est

960 892 117 36 filius
1042 892 117 36 quedam
1124 892 140 36 essentia
1229 892 117 36 diuina
1311 892 82 36 est
1358 892 105 36 pater
1428 892 117 36 igitur
1498 892 70 36 que-

957 922 80 40 dam
1002 922 137 40 essentia
1105 922 114 40 diuina
1184 922 80 40 non
1230 922 80 40 est
1275 922 114 40 filius
1355 922 148 40 conclusio
1469 922 80 40 est
1503 922 68 40 vera

958 948 83 38 quo
1005 948 71 38 ad
1041 948 95 38 hunc
1100 948 177 38 intellectum
1242 948 71 38 id
1277 948 83 38 est
1325 948 118 38 quedam
1407 948 130 38 persona
1490 948 71 38 diui

956 982 66 31 na
989 982 76 31 que
1033 982 76 31 est
1076 982 131 31 essentia
1175 982 109 31 diuina
1251 982 76 31 non
1295 982 76 31 est
1339 982 120 31 filius.
1426 982 55 31 ⁋
1448 982 98 31 Dices
1513 982 76 31 per

956 1007 133 30 Magister
1056 1007 111 30 contra
1133 1007 100 30 istos
1200 1007 67 30 si
1233 1007 111 30 quedam
1311 1007 133 30 essentia
1411 1007 111 30 diuina
1488 1007 78 30 non
1522 1007 55 30 eit

960 1031 106 37 filius
1035 1031 64 37 et
1067 1031 117 37 constat
1152 1031 85 37 quod
1205 1031 106 37 quedam
1280 1031 128 37 essentia
1375 1031 106 37 diuina
1450 1031 75 37 est
1482 1031 85 37 filius

962 1061 117 36 igitur
1044 1061 82 36 due
1091 1061 93 36 sunt
1149 1061 140 36 essentie
1254 1061 117 36 diuine
1336 1061 117 36 quarum
1418 1061 82 36 vna
1465 1061 82 36 est
1500 1061 70 36 fili

963 1091 64 34 us
995 1091 64 34 et
1027 1091 85 34 alia
1081 1091 85 34 non.
1134 1091 96 34 dicit
1198 1091 96 34 pigam
1262 1091 85 34 quod
1316 1091 75 34 non
1358 1091 128 34 sequitur
1455 1091 85 34 plus
1508 1091 85 34 quod

961 1119 79 34 sint
1010 1119 69 34 due
1050 1119 118 34 essentie
1139 1119 79 34 quam
1188 1119 99 34 contra
1257 1119 118 34 magister
1346 1119 79 34 quod
1395 1119 79 34 sunt
1445 1119 69 34 duo
1484 1119 69 34 dii
1514 1119 59 34 vnus

963 1146 109 40 genitus
1042 1146 59 40 et
1072 1146 89 40 alius
1131 1146 79 40 non.
1180 1146 49 40 ⁋
1200 1146 59 40 Et
1230 1146 59 40 si
1259 1146 109 40 dicatur
1338 1146 79 40 quod
1387 1146 79 40 sunt
1437 1146 128 40 diiplures
1526 1146 49 40 plu

963 1176 144 36 ralitate
1071 1176 156 36 personali
1191 1176 84 36 non
1239 1176 168 36 essentiali
1371 1176 192 36 consimiliter
1515 1176 60 36 vi-

960 1200 129 40 deretur
1054 1200 94 40 esse
1113 1200 141 40 dicendum
1218 1200 94 40 quod
1277 1200 94 40 sunt
1335 1200 117 40 plures
1417 1200 141 40 essentie
1511 1200 70 40 divi

963 1235 71 30 ne
999 1235 189 30 personaliter
1153 1235 83 30 seu
1200 1235 178 30 pluralitate
1342 1235 154 30 personali
1461 1235 83 30 non
1496 1235 83 30 essen

959 1263 99 31 tiali.
1028 1263 50 31 ⁋
1048 1263 79 31 Alii
1098 1263 89 31 tamen
1157 1263 99 31 vitant
1226 1263 69 31 hoc
1266 1263 99 31 dicere
1335 1263 59 31 ad
1365 1263 149 31 quenmcumque
1474 1263 99 31 intelle-

965 1287 75 36 ctum
1011 1287 112 36 scilicet
1096 1287 75 36 quod
1142 1287 94 36 plures
1208 1287 75 36 sint
1255 1287 66 36 dii
1292 1287 84 36 sicut
1348 1287 84 36 vitat
1405 1287 56 36 ma
1433 1287 56 36 et
1461 1287 75 36 alii
1498 1287 75 36 docto-

970 1311 67 41 res
1009 1311 135 41 communiter
1115 1311 58 41 et
1144 1311 77 41 illi
1192 1311 87 41 etiam
1250 1311 144 41 simplicitur
1365 1311 96 41 habent
1433 1311 67 41 hoc
1471 1311 96 41 negare
1538 1311 58 41 ad

962 1346 135 31 quemcumque
1069 1346 97 31 sensum
1136 1346 58 31 de
1165 1346 116 31 essentus
1252 1346 87 31 licet
1310 1346 77 31 ista
1358 1346 68 31 via
1397 1346 68 31 sit
1436 1346 106 31 pulchie
1503 1346 68 31 proba

969 1370 89 37 bilis
1029 1370 129 37 praecipue
1128 1370 70 37 cum
1168 1370 99 37 nomina
1237 1370 79 37 sint
1287 1370 60 37 ad
1317 1370 119 37 placitum
1406 1370 60 37 et
1436 1370 60 37 in
1456 1370 119 37 intellectu

969 1402 71 29 non
1009 1402 142 29 discrepant
1121 1402 51 29 a
1141 1402 101 29 verbis
1212 1402 91 29 fidei
1273 1402 81 29 nisi
1324 1402 81 29 voce
1374 1402 91 29 tenus
1435 1402 61 29 et
1466 1402 91 29 verba
1526 1402 71 29 non

968 1425 104 38 faciunt
1043 1425 104 38 heresim
1119 1425 66 38 sed
1157 1425 95 38 sensus
1224 1425 57 38 et
1252 1425 85 38 etiam
1309 1425 95 38 forsan
1375 1425 57 38 vt
1404 1425 123 38 praeuisum
1499 1425 66 38 est
1527 1425 38 38 au

964 1452 161 40 ctoritates
1090 1452 127 40 sanctor
1182 1452 104 40 plane
1251 1452 115 40 contra
1332 1452 81 40 ma.
1378 1452 69 40 et
1401 1452 173 40 determinatio-

961 1486 74 33 nem
1004 1486 127 33 ecclesie
1099 1486 127 33 secundum
1194 1486 95 33 vocem
1258 1486 138 33 requirunt
1364 1486 95 33 talem
1417 1486 148 33 distictionem

972 1512 49 37 ⁋
992 1512 78 37 Ista
1041 1512 88 37 tamen
1099 1512 68 37 via
1138 1512 68 37 est
1177 1512 156 37 insufficiens
1304 1512 78 37 quia
1353 1512 107 37 accepto
1431 1512 78 37 isto
1470 1512 107 37 pralogis-

965 1538 54 39 mo
992 1538 81 39 omnis
1046 1538 90 39 deitas
1109 1538 63 39 est
1144 1538 81 39 pater
1198 1538 81 39 omnis
1252 1538 90 39 filius
1315 1538 54 39 in
1342 1538 99 39 diuinis
1414 1538 63 39 est
1449 1538 90 39 deitas
1503 1538 72 39 igitur

966 1570 78 38 omnis
1018 1570 86 38 filius
1079 1570 52 38 in
1105 1570 95 38 diuinis
1174 1570 60 38 est
1208 1570 78 38 pater
1260 1570 95 38 dicetur
1329 1570 69 38 quod
1372 1570 78 38 maior
1424 1570 60 38 est
1459 1570 78 38 falsa
1502 1570 69 38 sumpto

965 1595 118 35 subiecto
1054 1595 69 35 pro
1093 1595 108 35 singiis
1172 1595 118 35 deitatis
1261 1595 118 35 secundum
1349 1595 89 35 pigam
1409 1595 69 35 vel
1438 1595 138 35 personaliter

972 1625 80 35 secum
1025 1625 115 35 syrantus.
1114 1625 71 35 quod
1159 1625 71 35 idem
1203 1625 62 35 est
1239 1625 89 35 dicere
1301 1625 53 35 ad
1327 1625 89 35 mentem
1390 1625 98 35 istorum
1461 1625 62 35 sed
1496 1625 71 35 vera
1532 1625 44 35 est

971 1652 72 41 pro
1012 1652 113 41 deitate
1094 1652 123 41 singulor
1186 1652 62 41 et
1217 1652 82 41 tunc
1268 1652 92 41 minor
1330 1652 72 41 non
1371 1652 144 41 subsumitur
1473 1652 103 41 secundum

968 1681 108 42 pigam.
1044 1681 54 42 ⁋
1066 1681 108 42 Contra
1142 1681 87 42 sumo
1196 1681 119 42 maionem
1282 1681 65 42 in
1315 1681 98 42 sensu
1380 1681 130 42 concesso
1477 1681 65 42 et
1499 1681 76 42 mino-

975 1708 66 43 rem
1012 1708 66 43 sub
1050 1708 57 43 ea
1079 1708 57 43 in
1107 1708 85 43 eodem
1164 1708 85 43 sensu
1221 1708 66 43 sic
1258 1708 85 43 omnis
1315 1708 95 43 deitas
1381 1708 132 43 singulorum
1485 1708 66 43 est
1514 1708 66 43 pater

974 1743 92 31 omnis
1035 1743 102 31 filius
1107 1743 72 31 est
1148 1743 102 31 deitas
1219 1743 123 31 singulor
1311 1743 82 31 ergo
1362 1743 92 31 omnis
1424 1743 102 31 filius
1495 1743 72 31 est
1526 1743 51 31 pa-

971 1771 74 31 ter
1013 1771 137 31 conclusio
1118 1771 74 31 est
1160 1771 95 31 falsa
1223 1771 63 31 et
1254 1771 126 31 premisse
1349 1771 84 31 vere
1401 1771 105 31 igitur
1475 1771 74 31 ars
1506 1771 63 31 ista

970 1794 144 39 soluendi
1078 1794 84 39 non
1126 1794 84 39 est
1174 1794 180 39 sufficiens.
1319 1794 60 39 ⁋
1343 1794 96 39 Quia
1403 1794 144 39 secundum
1499 1794 84 39 pigan

980 1828 98 32 maior
1045 1828 76 32 est
1089 1828 87 32 vera
1143 1828 76 32 sed
1187 1828 120 32 constat
1274 1828 87 32 quod
1329 1828 76 32 non
1372 1828 87 32 plus
1427 1828 109 32 deitas
1492 1828 87 32 singu-

980 1852 97 40 lorum
1045 1852 75 40 est
1088 1852 97 40 pater
1153 1852 86 40 quod
1207 1852 108 40 filius
1282 1852 75 40 est
1325 1852 108 40 deitas
1401 1852 129 40 singulor
1487 1852 86 40 igitur

976 1882 115 36 etiam
1053 1882 115 36 minor
1130 1882 89 36 est
1181 1882 102 36 vera
1245 1882 77 36 et
1283 1882 128 36 debite
1372 1882 128 36 sumpta
1462 1882 77 36 in
1488 1882 89 36 eodem

973 1908 100 39 sensu
1040 1908 78 39 sub
1084 1908 123 39 maiore.
1174 1908 56 39 ⁋
1196 1908 145 39 Similiter
1307 1908 134 39 arguitur
1408 1908 112 39 contra
1475 1908 100 39 syratio

976 1939 86 34 omnis
1034 1939 95 34 deitas
1101 1939 115 34 communis
1187 1939 95 34 tribus
1253 1939 67 34 est
1292 1939 86 34 pater
1349 1939 86 34 omnis
1406 1939 95 34 filius
1473 1939 57 34 in
1492 1939 86 34 diuinis

977 1962 60 39 est
1012 1962 85 39 deitas
1071 1962 103 39 communis
1148 1962 85 39 tribus
1208 1962 103 39 personis
1285 1962 85 39 igitur
1345 1962 77 39 omnis
1396 1962 85 39 filius
1456 1962 51 39 in
1481 1962 94 39 diuinis
1541 1962 43 39 est

980 1995 93 37 pater
1042 1995 134 37 conclusio
1145 1995 93 37 falsa
1207 1995 62 37 et
1238 1995 124 37 premisse
1331 1995 83 37 vere
1382 1995 114 37 igitur.
1465 1995 52 37 ⁋
1475 1995 93 37 Simitus

977 2023 85 33 omnis
1033 2023 85 33 pater
1090 2023 57 33 in
1118 2023 104 33 diuinis
1194 2023 104 33 generat
1270 2023 85 33 omnis
1327 2023 95 33 deitas
1393 2023 114 33 communis
1478 2023 95 33 tribus
1535 2023 47 33 est

975 2051 97 38 pater
1040 2051 108 38 igitur
1116 2051 97 38 omnis
1180 2051 108 38 deitas
1256 2051 130 38 communis
1353 2051 108 38 tribus
1429 2051 130 38 generat.
1515 2051 65 38 Item

974 2082 93 32 iste
1032 2082 104 32 pater
1102 2082 127 32 generat
1194 2082 93 32 iste
1252 2082 104 32 pater
1321 2082 81 32 est
1368 2082 139 32 essentia
1460 2082 116 32 communis

974 2111 100 35 tribus
1044 2111 100 35 igitur
1114 2111 120 35 essentia
1203 2111 120 35 communis
1293 2111 100 35 tribus
1363 2111 120 35 generat.
1452 2111 50 35 ⁋
1472 2111 60 35 Ex
1492 2111 80 35 quibus

980 2134 92 53 patet
1041 2134 82 53 quod
1093 2134 72 53 per
1134 2134 82 53 suam
1185 2134 175 53 distinctionem
1329 2134 72 53 non
1370 2134 123 53 soluitur
1452 2134 134 53 difficultas
