<?xml version="1.0" encoding="UTF-8"?>
<alto xmlns:xsi="http://www.w3.org/2001/XMLSchema-instance"
      xmlns="http://www.loc.gov/standards/alto/ns-v2#"
      xmlns:page="http://schema.primaresearch.org/PAGE/gts/pagecontent/2013-07-15"
      xsi:schemaLocation="http://www.loc.gov/standards/alto/ns-v2# http://www.loc.gov/standards/alto/alto.xsd">
   <Description>
      <MeasurementUnit>pixel</MeasurementUnit>
      <OCRProcessing ID="IdOcr">
         <ocrProcessingStep>
            <processingDateTime>2021-02-17T08:19:56.139-05:00</processingDateTime>
            <processingSoftware>
               <softwareCreator>READ COOP</softwareCreator>
               <softwareName>Transkribus</softwareName>
            </processingSoftware>
         </ocrProcessingStep>
      </OCRProcessing>
   </Description>
   <Tags/>
   <Layout>
      <Page ID="Page1" PHYSICAL_IMG_NR="1" HEIGHT="2500" WIDTH="1787">
         <TopMargin HEIGHT="0" WIDTH="1787" VPOS="0" HPOS="0"/>
         <LeftMargin HEIGHT="2500" WIDTH="0" VPOS="0" HPOS="0"/>
         <RightMargin HEIGHT="2500" WIDTH="0" VPOS="0" HPOS="1787"/>
         <BottomMargin HEIGHT="0" WIDTH="1787" VPOS="2500" HPOS="0"/>
         <PrintSpace HEIGHT="2500" WIDTH="1787" VPOS="0" HPOS="0">
            <TextBlock ID="TextRegion_1612382332890_705"
                       HEIGHT="1904"
                       WIDTH="649"
                       VPOS="235"
                       HPOS="352">
               <Shape>
                  <Polygon POINTS="352,235 965,235 1001,2139 381,2139 374,1392 365,959 367,741 353,267"/>
               </Shape>
               <TextLine ID="r1l3"
                         BASELINE="302"
                         HEIGHT="55"
                         WIDTH="587"
                         VPOS="247"
                         HPOS="359">
                  <String HEIGHT="55" WIDTH="76" VPOS="247" HPOS="348" CONTENT="non"/>
                  <SP HEIGHT="55" WIDTH="11" VPOS="247" HPOS="424"/>
                  <String HEIGHT="55"
                          WIDTH="130"
                          VPOS="247"
                          HPOS="392"
                          CONTENT="inferant"/>
                  <SP HEIGHT="55" WIDTH="11" VPOS="247" HPOS="522"/>
                  <String HEIGHT="55"
                          WIDTH="130"
                          VPOS="247"
                          HPOS="489"
                          CONTENT="inferunt"/>
                  <SP HEIGHT="55" WIDTH="11" VPOS="247" HPOS="620"/>
                  <String HEIGHT="55"
                          WIDTH="98"
                          VPOS="247"
                          HPOS="587"
                          CONTENT="tamen"/>
                  <SP HEIGHT="55" WIDTH="11" VPOS="247" HPOS="685"/>
                  <String HEIGHT="55"
                          WIDTH="120"
                          VPOS="247"
                          HPOS="653"
                          CONTENT="aliquam"/>
                  <SP HEIGHT="55" WIDTH="11" VPOS="247" HPOS="772"/>
                  <String HEIGHT="55"
                          WIDTH="109"
                          VPOS="247"
                          HPOS="739"
                          CONTENT="aliami"/>
                  <SP HEIGHT="55" WIDTH="11" VPOS="247" HPOS="848"/>
                  <String HEIGHT="55" WIDTH="54" VPOS="247" HPOS="816" CONTENT="s"/>
                  <SP HEIGHT="55" WIDTH="11" VPOS="247" HPOS="870"/>
                  <String HEIGHT="55"
                          WIDTH="98"
                          VPOS="247"
                          HPOS="837"
                          CONTENT="istam"/>
                  <SP HEIGHT="55" WIDTH="11" VPOS="247" HPOS="935"/>
                  <String HEIGHT="55"
                          WIDTH="54"
                          VPOS="247"
                          HPOS="892"
                          CONTENT="in"
                          SUBS_TYPE="HypPart1"
                          SUBS_CONTENT="indirectam"/>
                  <HYP CONTENT="-"/>
               </TextLine>
               <TextLine ID="r1l5"
                         BASELINE="328"
                         HEIGHT="43"
                         WIDTH="598"
                         VPOS="285"
                         HPOS="356">
                  <String HEIGHT="43"
                          WIDTH="144"
                          VPOS="285"
                          HPOS="344"
                          CONTENT="directam"
                          SUBS_TYPE="HypPart2"
                          SUBS_CONTENT="indirectam"/>
                  <SP HEIGHT="43" WIDTH="12" VPOS="285" HPOS="488"/>
                  <String HEIGHT="43"
                          WIDTH="132"
                          VPOS="285"
                          HPOS="452"
                          CONTENT="aliquid"/>
                  <SP HEIGHT="43" WIDTH="12" VPOS="285" HPOS="583"/>
                  <String HEIGHT="43" WIDTH="96" VPOS="285" HPOS="547" CONTENT="quod"/>
                  <SP HEIGHT="43" WIDTH="12" VPOS="285" HPOS="643"/>
                  <String HEIGHT="43" WIDTH="84" VPOS="285" HPOS="607" CONTENT="est"/>
                  <SP HEIGHT="43" WIDTH="12" VPOS="285" HPOS="691"/>
                  <String HEIGHT="43" WIDTH="84" VPOS="285" HPOS="655" CONTENT="hec"/>
                  <SP HEIGHT="43" WIDTH="12" VPOS="285" HPOS="739"/>
                  <String HEIGHT="43"
                          WIDTH="144"
                          VPOS="285"
                          HPOS="703"
                          CONTENT="essentia"/>
                  <SP HEIGHT="43" WIDTH="12" VPOS="285" HPOS="846"/>
                  <String HEIGHT="43" WIDTH="84" VPOS="285" HPOS="810" CONTENT="non"/>
                  <SP HEIGHT="43" WIDTH="12" VPOS="285" HPOS="894"/>
                  <String HEIGHT="43" WIDTH="84" VPOS="285" HPOS="858" CONTENT="est"/>
                  <SP HEIGHT="43" WIDTH="12" VPOS="285" HPOS="942"/>
                  <String HEIGHT="43" WIDTH="60" VPOS="285" HPOS="894" CONTENT="hec"/>
               </TextLine>
               <TextLine ID="r1l7"
                         BASELINE="359"
                         HEIGHT="46"
                         WIDTH="581"
                         VPOS="313"
                         HPOS="365">
                  <String HEIGHT="46"
                          WIDTH="169"
                          VPOS="313"
                          HPOS="353"
                          CONTENT="paternitas"/>
                  <SP HEIGHT="46" WIDTH="12" VPOS="313" HPOS="522"/>
                  <String HEIGHT="46" WIDTH="97" VPOS="313" HPOS="486" CONTENT="quod"/>
                  <SP HEIGHT="46" WIDTH="12" VPOS="313" HPOS="583"/>
                  <String HEIGHT="46"
                          WIDTH="109"
                          VPOS="313"
                          HPOS="547"
                          CONTENT="patet"/>
                  <SP HEIGHT="46" WIDTH="12" VPOS="313" HPOS="656"/>
                  <String HEIGHT="46"
                          WIDTH="145"
                          VPOS="313"
                          HPOS="619"
                          CONTENT="arguendo"/>
                  <SP HEIGHT="46" WIDTH="12" VPOS="313" HPOS="764"/>
                  <String HEIGHT="46" WIDTH="73" VPOS="313" HPOS="728" CONTENT="ex"/>
                  <SP HEIGHT="46" WIDTH="12" VPOS="313" HPOS="801"/>
                  <String HEIGHT="46"
                          WIDTH="194"
                          VPOS="313"
                          HPOS="752"
                          CONTENT="contradictorio"/>
               </TextLine>
               <TextLine ID="r1l9"
                         BASELINE="388"
                         HEIGHT="46"
                         WIDTH="590"
                         VPOS="342"
                         HPOS="365">
                  <String HEIGHT="46"
                          WIDTH="93"
                          VPOS="342"
                          HPOS="355"
                          CONTENT="huius"/>
                  <SP HEIGHT="46" WIDTH="10" VPOS="342" HPOS="448"/>
                  <String HEIGHT="46"
                          WIDTH="166"
                          VPOS="342"
                          HPOS="417"
                          CONTENT="conclusionis"/>
                  <SP HEIGHT="46" WIDTH="10" VPOS="342" HPOS="582"/>
                  <String HEIGHT="46" WIDTH="83" VPOS="342" HPOS="551" CONTENT="etc."/>
                  <SP HEIGHT="46" WIDTH="10" VPOS="342" HPOS="634"/>
                  <String HEIGHT="46" WIDTH="62" VPOS="342" HPOS="603" CONTENT="et"/>
                  <SP HEIGHT="46" WIDTH="10" VPOS="342" HPOS="665"/>
                  <String HEIGHT="46"
                          WIDTH="93"
                          VPOS="342"
                          HPOS="634"
                          CONTENT="causa"/>
                  <SP HEIGHT="46" WIDTH="10" VPOS="342" HPOS="727"/>
                  <String HEIGHT="46"
                          WIDTH="124"
                          VPOS="342"
                          HPOS="696"
                          CONTENT="pretacta"/>
                  <SP HEIGHT="46" WIDTH="10" VPOS="342" HPOS="820"/>
                  <String HEIGHT="46" WIDTH="72" VPOS="342" HPOS="789" CONTENT="est"/>
                  <SP HEIGHT="46" WIDTH="10" VPOS="342" HPOS="862"/>
                  <String HEIGHT="46" WIDTH="83" VPOS="342" HPOS="831" CONTENT="quia"/>
                  <SP HEIGHT="46" WIDTH="10" VPOS="342" HPOS="914"/>
                  <String HEIGHT="46"
                          WIDTH="83"
                          VPOS="342"
                          HPOS="872"
                          CONTENT="medium"/>
               </TextLine>
               <TextLine ID="r1l11"
                         BASELINE="413"
                         HEIGHT="43"
                         WIDTH="590"
                         VPOS="370"
                         HPOS="362">
                  <String HEIGHT="43"
                          WIDTH="122"
                          VPOS="370"
                          HPOS="352"
                          CONTENT="respectu"/>
                  <SP HEIGHT="43" WIDTH="10" VPOS="370" HPOS="474"/>
                  <String HEIGHT="43"
                          WIDTH="102"
                          VPOS="370"
                          HPOS="443"
                          CONTENT="illius"/>
                  <SP HEIGHT="43" WIDTH="10" VPOS="370" HPOS="545"/>
                  <String HEIGHT="43"
                          WIDTH="163"
                          VPOS="370"
                          HPOS="515"
                          CONTENT="conclusionis"/>
                  <SP HEIGHT="43" WIDTH="10" VPOS="370" HPOS="677"/>
                  <String HEIGHT="43" WIDTH="71" VPOS="370" HPOS="647" CONTENT="est"/>
                  <SP HEIGHT="43" WIDTH="10" VPOS="370" HPOS="718"/>
                  <String HEIGHT="43"
                          WIDTH="163"
                          VPOS="370"
                          HPOS="688"
                          CONTENT="sufficienter"/>
                  <SP HEIGHT="43" WIDTH="10" VPOS="370" HPOS="850"/>
                  <String HEIGHT="43" WIDTH="71" VPOS="370" HPOS="820" CONTENT="hoc"/>
                  <SP HEIGHT="43" WIDTH="10" VPOS="370" HPOS="891"/>
                  <String HEIGHT="43"
                          WIDTH="112"
                          VPOS="370"
                          HPOS="860"
                          CONTENT="aliquid"/>
                  <SP HEIGHT="43" WIDTH="10" VPOS="370" HPOS="972"/>
                  <String HEIGHT="43" WIDTH="20" VPOS="370" HPOS="932" CONTENT=""/>
               </TextLine>
               <TextLine ID="r1l13"
                         BASELINE="440"
                         HEIGHT="42"
                         WIDTH="600"
                         VPOS="398"
                         HPOS="360">
                  <String HEIGHT="42" WIDTH="59" VPOS="398" HPOS="348" CONTENT="⁋"/>
                  <SP HEIGHT="42" WIDTH="12" VPOS="398" HPOS="407"/>
                  <String HEIGHT="42" WIDTH="82" VPOS="398" HPOS="372" CONTENT="Cum"/>
                  <SP HEIGHT="42" WIDTH="12" VPOS="398" HPOS="454"/>
                  <String HEIGHT="42"
                          WIDTH="118"
                          VPOS="398"
                          HPOS="419"
                          CONTENT="dictis"/>
                  <SP HEIGHT="42" WIDTH="12" VPOS="398" HPOS="536"/>
                  <String HEIGHT="42"
                          WIDTH="212"
                          VPOS="398"
                          HPOS="501"
                          CONTENT="responsionibus"/>
                  <SP HEIGHT="42" WIDTH="12" VPOS="398" HPOS="713"/>
                  <String HEIGHT="42"
                          WIDTH="153"
                          VPOS="398"
                          HPOS="678"
                          CONTENT="concordat"/>
                  <SP HEIGHT="42" WIDTH="12" VPOS="398" HPOS="831"/>
                  <String HEIGHT="42" WIDTH="82" VPOS="398" HPOS="795" CONTENT="sco"/>
                  <SP HEIGHT="42" WIDTH="12" VPOS="398" HPOS="878"/>
                  <String HEIGHT="42" WIDTH="82" VPOS="398" HPOS="842" CONTENT="di."/>
                  <SP HEIGHT="42" WIDTH="12" VPOS="398" HPOS="925"/>
                  <String HEIGHT="42" WIDTH="59" VPOS="398" HPOS="889" CONTENT="2"/>
                  <SP HEIGHT="42" WIDTH="12" VPOS="398" HPOS="948"/>
                  <String HEIGHT="42" WIDTH="59" VPOS="398" HPOS="901" CONTENT="pri"/>
               </TextLine>
               <TextLine ID="r1l15"
                         BASELINE="470"
                         HEIGHT="41"
                         WIDTH="594"
                         VPOS="429"
                         HPOS="360">
                  <String HEIGHT="41" WIDTH="83" VPOS="429" HPOS="348" CONTENT="mi."/>
                  <SP HEIGHT="41" WIDTH="12" VPOS="429" HPOS="431"/>
                  <String HEIGHT="41" WIDTH="71" VPOS="429" HPOS="396" CONTENT="q."/>
                  <SP HEIGHT="41" WIDTH="12" VPOS="429" HPOS="467"/>
                  <String HEIGHT="41" WIDTH="71" VPOS="429" HPOS="431" CONTENT="4."/>
                  <SP HEIGHT="41" WIDTH="12" VPOS="429" HPOS="503"/>
                  <String HEIGHT="41" WIDTH="59" VPOS="429" HPOS="467" CONTENT="⁋"/>
                  <SP HEIGHT="41" WIDTH="12" VPOS="429" HPOS="526"/>
                  <String HEIGHT="41" WIDTH="71" VPOS="429" HPOS="491" CONTENT="Ad"/>
                  <SP HEIGHT="41" WIDTH="12" VPOS="429" HPOS="562"/>
                  <String HEIGHT="41"
                          WIDTH="119"
                          VPOS="429"
                          HPOS="526"
                          CONTENT="primum"/>
                  <SP HEIGHT="41" WIDTH="12" VPOS="429" HPOS="645"/>
                  <String HEIGHT="41"
                          WIDTH="166"
                          VPOS="429"
                          HPOS="609"
                          CONTENT="argumentum"/>
                  <SP HEIGHT="41" WIDTH="12" VPOS="429" HPOS="776"/>
                  <String HEIGHT="41"
                          WIDTH="166"
                          VPOS="429"
                          HPOS="740"
                          CONTENT="principale"/>
                  <SP HEIGHT="41" WIDTH="12" VPOS="429" HPOS="906"/>
                  <String HEIGHT="41" WIDTH="83" VPOS="429" HPOS="871" CONTENT="vbi"/>
                  <SP HEIGHT="41" WIDTH="12" VPOS="429" HPOS="954"/>
                  <String HEIGHT="41" WIDTH="48" VPOS="429" HPOS="906" CONTENT="di"/>
               </TextLine>
               <TextLine ID="r1l17"
                         BASELINE="495"
                         HEIGHT="41"
                         WIDTH="602"
                         VPOS="454"
                         HPOS="361">
                  <String HEIGHT="41" WIDTH="80" VPOS="454" HPOS="350" CONTENT="cit"/>
                  <SP HEIGHT="41" WIDTH="11" VPOS="454" HPOS="429"/>
                  <String HEIGHT="41" WIDTH="91" VPOS="454" HPOS="395" CONTENT="quod"/>
                  <SP HEIGHT="41" WIDTH="11" VPOS="454" HPOS="486"/>
                  <String HEIGHT="41"
                          WIDTH="102"
                          VPOS="454"
                          HPOS="452"
                          CONTENT="sicut"/>
                  <SP HEIGHT="41" WIDTH="11" VPOS="454" HPOS="554"/>
                  <String HEIGHT="41" WIDTH="68" VPOS="454" HPOS="520" CONTENT="in"/>
                  <SP HEIGHT="41" WIDTH="11" VPOS="454" HPOS="588"/>
                  <String HEIGHT="41"
                          WIDTH="148"
                          VPOS="454"
                          HPOS="554"
                          CONTENT="creaturis"/>
                  <SP HEIGHT="41" WIDTH="11" VPOS="454" HPOS="702"/>
                  <String HEIGHT="41"
                          WIDTH="125"
                          VPOS="454"
                          HPOS="668"
                          CONTENT="commune"/>
                  <SP HEIGHT="41" WIDTH="11" VPOS="454" HPOS="793"/>
                  <String HEIGHT="41" WIDTH="68" VPOS="454" HPOS="759" CONTENT="se"/>
                  <SP HEIGHT="41" WIDTH="11" VPOS="454" HPOS="827"/>
                  <String HEIGHT="41"
                          WIDTH="102"
                          VPOS="454"
                          HPOS="793"
                          CONTENT="habet"/>
                  <SP HEIGHT="41" WIDTH="11" VPOS="454" HPOS="895"/>
                  <String HEIGHT="41" WIDTH="68" VPOS="454" HPOS="861" CONTENT="vt"/>
                  <SP HEIGHT="41" WIDTH="11" VPOS="454" HPOS="929"/>
                  <String HEIGHT="41"
                          WIDTH="80"
                          VPOS="454"
                          HPOS="883"
                          CONTENT="quale"/>
               </TextLine>
               <TextLine ID="r1l19"
                         BASELINE="523"
                         HEIGHT="40"
                         WIDTH="596"
                         VPOS="483"
                         HPOS="362">
                  <String HEIGHT="40" WIDTH="97" VPOS="483" HPOS="350" CONTENT="quid"/>
                  <SP HEIGHT="40" WIDTH="12" VPOS="483" HPOS="447"/>
                  <String HEIGHT="40"
                          WIDTH="158"
                          VPOS="483"
                          HPOS="411"
                          CONTENT="singulare"/>
                  <SP HEIGHT="40" WIDTH="12" VPOS="483" HPOS="569"/>
                  <String HEIGHT="40" WIDTH="97" VPOS="483" HPOS="532" CONTENT="vero"/>
                  <SP HEIGHT="40" WIDTH="12" VPOS="483" HPOS="630"/>
                  <String HEIGHT="40" WIDTH="73" VPOS="483" HPOS="593" CONTENT="vt"/>
                  <SP HEIGHT="40" WIDTH="12" VPOS="483" HPOS="666"/>
                  <String HEIGHT="40" WIDTH="85" VPOS="483" HPOS="630" CONTENT="hoc"/>
                  <SP HEIGHT="40" WIDTH="12" VPOS="483" HPOS="715"/>
                  <String HEIGHT="40"
                          WIDTH="134"
                          VPOS="483"
                          HPOS="678"
                          CONTENT="aliquid"/>
                  <SP HEIGHT="40" WIDTH="12" VPOS="483" HPOS="812"/>
                  <String HEIGHT="40" WIDTH="85" VPOS="483" HPOS="776" CONTENT="ita"/>
                  <SP HEIGHT="40" WIDTH="12" VPOS="483" HPOS="861"/>
                  <String HEIGHT="40" WIDTH="85" VPOS="483" HPOS="824" CONTENT="hec"/>
                  <SP HEIGHT="40" WIDTH="12" VPOS="483" HPOS="909"/>
                  <String HEIGHT="40"
                          WIDTH="97"
                          VPOS="483"
                          HPOS="861"
                          CONTENT="essen"
                          SUBS_TYPE="HypPart1"
                          SUBS_CONTENT="essentia"/>
                  <HYP CONTENT="-"/>
               </TextLine>
               <TextLine ID="r1l21"
                         BASELINE="552"
                         HEIGHT="36"
                         WIDTH="593"
                         VPOS="516"
                         HPOS="363">
                  <String HEIGHT="36"
                          WIDTH="77"
                          VPOS="516"
                          HPOS="352"
                          CONTENT="tia"
                          SUBS_TYPE="HypPart2"
                          SUBS_CONTENT="essentia"/>
                  <SP HEIGHT="36" WIDTH="11" VPOS="516" HPOS="429"/>
                  <String HEIGHT="36"
                          WIDTH="121"
                          VPOS="516"
                          HPOS="396"
                          CONTENT="ommunis"/>
                  <SP HEIGHT="36" WIDTH="11" VPOS="516" HPOS="517"/>
                  <String HEIGHT="36"
                          WIDTH="132"
                          VPOS="516"
                          HPOS="484"
                          CONTENT="personis"/>
                  <SP HEIGHT="36" WIDTH="11" VPOS="516" HPOS="616"/>
                  <String HEIGHT="36"
                          WIDTH="99"
                          VPOS="516"
                          HPOS="583"
                          CONTENT="habet"/>
                  <SP HEIGHT="36" WIDTH="11" VPOS="516" HPOS="681"/>
                  <String HEIGHT="36"
                          WIDTH="132"
                          VPOS="516"
                          HPOS="649"
                          CONTENT="rationem"/>
                  <SP HEIGHT="36" WIDTH="11" VPOS="516" HPOS="780"/>
                  <String HEIGHT="36"
                          WIDTH="110"
                          VPOS="516"
                          HPOS="747"
                          CONTENT="qualis"/>
                  <SP HEIGHT="36" WIDTH="11" VPOS="516" HPOS="857"/>
                  <String HEIGHT="36" WIDTH="88" VPOS="516" HPOS="824" CONTENT="quid"/>
                  <SP HEIGHT="36" WIDTH="11" VPOS="516" HPOS="912"/>
                  <String HEIGHT="36" WIDTH="66" VPOS="516" HPOS="879" CONTENT="et"/>
                  <SP HEIGHT="36" WIDTH="11" VPOS="516" HPOS="945"/>
                  <String HEIGHT="36" WIDTH="55" VPOS="516" HPOS="901" CONTENT="per"/>
               </TextLine>
               <TextLine ID="line_1612382281471_680"
                         BASELINE="596"
                         HEIGHT="41"
                         WIDTH="10"
                         VPOS="555"
                         HPOS="357">
                  <String HEIGHT="41" WIDTH="30" VPOS="555" HPOS="337" CONTENT="e"/>
               </TextLine>
               <TextLine ID="r1l25"
                         BASELINE="614"
                         HEIGHT="44"
                         WIDTH="598"
                         VPOS="570"
                         HPOS="361">
                  <String HEIGHT="44" WIDTH="72" VPOS="570" HPOS="349" CONTENT="um"/>
                  <SP HEIGHT="44" WIDTH="12" VPOS="570" HPOS="421"/>
                  <String HEIGHT="44" WIDTH="72" VPOS="570" HPOS="385" CONTENT="in"/>
                  <SP HEIGHT="44" WIDTH="12" VPOS="570" HPOS="457"/>
                  <String HEIGHT="44"
                          WIDTH="120"
                          VPOS="570"
                          HPOS="421"
                          CONTENT="dictis"/>
                  <SP HEIGHT="44" WIDTH="12" VPOS="570" HPOS="540"/>
                  <String HEIGHT="44"
                          WIDTH="179"
                          VPOS="570"
                          HPOS="505"
                          CONTENT="sillogismis"/>
                  <SP HEIGHT="44" WIDTH="12" VPOS="570" HPOS="684"/>
                  <String HEIGHT="44" WIDTH="84" VPOS="570" HPOS="648" CONTENT="est"/>
                  <SP HEIGHT="44" WIDTH="12" VPOS="570" HPOS="732"/>
                  <String HEIGHT="44"
                          WIDTH="108"
                          VPOS="570"
                          HPOS="696"
                          CONTENT="quale"/>
                  <SP HEIGHT="44" WIDTH="12" VPOS="570" HPOS="804"/>
                  <String HEIGHT="44" WIDTH="96" VPOS="570" HPOS="768" CONTENT="quid"/>
                  <SP HEIGHT="44" WIDTH="12" VPOS="570" HPOS="863"/>
                  <String HEIGHT="44" WIDTH="72" VPOS="570" HPOS="827" CONTENT="et"/>
                  <SP HEIGHT="44" WIDTH="12" VPOS="570" HPOS="899"/>
                  <String HEIGHT="44" WIDTH="84" VPOS="570" HPOS="863" CONTENT="non"/>
                  <SP HEIGHT="44" WIDTH="12" VPOS="570" HPOS="947"/>
                  <String HEIGHT="44" WIDTH="60" VPOS="570" HPOS="899" CONTENT="hoc"/>
               </TextLine>
               <TextLine ID="r1l27"
                         BASELINE="638"
                         HEIGHT="42"
                         WIDTH="598"
                         VPOS="596"
                         HPOS="366">
                  <String HEIGHT="42"
                          WIDTH="153"
                          VPOS="596"
                          HPOS="353"
                          CONTENT="aliquid."/>
                  <SP HEIGHT="42" WIDTH="13" VPOS="596" HPOS="506"/>
                  <String HEIGHT="42" WIDTH="64" VPOS="596" HPOS="468" CONTENT="⁋"/>
                  <SP HEIGHT="42" WIDTH="13" VPOS="596" HPOS="531"/>
                  <String HEIGHT="42" WIDTH="76" VPOS="596" HPOS="493" CONTENT="Ad"/>
                  <SP HEIGHT="42" WIDTH="13" VPOS="596" HPOS="570"/>
                  <String HEIGHT="42"
                          WIDTH="140"
                          VPOS="596"
                          HPOS="531"
                          CONTENT="tertium"/>
                  <SP HEIGHT="42" WIDTH="13" VPOS="596" HPOS="671"/>
                  <String HEIGHT="42"
                          WIDTH="204"
                          VPOS="596"
                          HPOS="633"
                          CONTENT="paralogismum"/>
                  <SP HEIGHT="42" WIDTH="13" VPOS="596" HPOS="837"/>
                  <String HEIGHT="42" WIDTH="89" VPOS="596" HPOS="799" CONTENT="cum"/>
                  <SP HEIGHT="42" WIDTH="13" VPOS="596" HPOS="888"/>
                  <String HEIGHT="42"
                          WIDTH="127"
                          VPOS="596"
                          HPOS="837"
                          CONTENT="arguitur"/>
               </TextLine>
               <TextLine ID="r1l29"
                         BASELINE="665"
                         HEIGHT="35"
                         WIDTH="598"
                         VPOS="630"
                         HPOS="364">
                  <String HEIGHT="35" WIDTH="76" VPOS="630" HPOS="353" CONTENT="sic"/>
                  <SP HEIGHT="35" WIDTH="11" VPOS="630" HPOS="429"/>
                  <String HEIGHT="35"
                          WIDTH="98"
                          VPOS="630"
                          HPOS="397"
                          CONTENT="omnis"/>
                  <SP HEIGHT="35" WIDTH="11" VPOS="630" HPOS="494"/>
                  <String HEIGHT="35"
                          WIDTH="130"
                          VPOS="630"
                          HPOS="462"
                          CONTENT="essentia"/>
                  <SP HEIGHT="35" WIDTH="11" VPOS="630" HPOS="592"/>
                  <String HEIGHT="35"
                          WIDTH="109"
                          VPOS="630"
                          HPOS="560"
                          CONTENT="diuina"/>
                  <SP HEIGHT="35" WIDTH="11" VPOS="630" HPOS="668"/>
                  <String HEIGHT="35" WIDTH="76" VPOS="630" HPOS="636" CONTENT="est"/>
                  <SP HEIGHT="35" WIDTH="11" VPOS="630" HPOS="712"/>
                  <String HEIGHT="35"
                          WIDTH="120"
                          VPOS="630"
                          HPOS="679"
                          CONTENT="filius."/>
                  <SP HEIGHT="35" WIDTH="11" VPOS="630" HPOS="799"/>
                  <String HEIGHT="35"
                          WIDTH="130"
                          VPOS="630"
                          HPOS="766"
                          CONTENT="dicendum"/>
                  <SP HEIGHT="35" WIDTH="11" VPOS="630" HPOS="897"/>
                  <String HEIGHT="35" WIDTH="76" VPOS="630" HPOS="864" CONTENT="est"/>
                  <SP HEIGHT="35" WIDTH="11" VPOS="630" HPOS="940"/>
                  <String HEIGHT="35" WIDTH="65" VPOS="630" HPOS="897" CONTENT="quod"/>
               </TextLine>
               <TextLine ID="r1l31"
                         BASELINE="696"
                         HEIGHT="37"
                         WIDTH="592"
                         VPOS="659"
                         HPOS="366">
                  <String HEIGHT="37" WIDTH="73" VPOS="659" HPOS="356" CONTENT="ibi"/>
                  <SP HEIGHT="37" WIDTH="10" VPOS="659" HPOS="428"/>
                  <String HEIGHT="37" WIDTH="73" VPOS="659" HPOS="397" CONTENT="est"/>
                  <SP HEIGHT="37" WIDTH="10" VPOS="659" HPOS="470"/>
                  <String HEIGHT="37"
                          WIDTH="104"
                          VPOS="659"
                          HPOS="439"
                          CONTENT="figura"/>
                  <SP HEIGHT="37" WIDTH="10" VPOS="659" HPOS="543"/>
                  <String HEIGHT="37"
                          WIDTH="135"
                          VPOS="659"
                          HPOS="511"
                          CONTENT="dictionis"/>
                  <SP HEIGHT="37" WIDTH="10" VPOS="659" HPOS="646"/>
                  <String HEIGHT="37" WIDTH="83" VPOS="659" HPOS="615" CONTENT="quia"/>
                  <SP HEIGHT="37" WIDTH="10" VPOS="659" HPOS="698"/>
                  <String HEIGHT="37" WIDTH="83" VPOS="659" HPOS="667" CONTENT="voce"/>
                  <SP HEIGHT="37" WIDTH="10" VPOS="659" HPOS="750"/>
                  <String HEIGHT="37"
                          WIDTH="93"
                          VPOS="659"
                          HPOS="719"
                          CONTENT="tenus"/>
                  <SP HEIGHT="37" WIDTH="10" VPOS="659" HPOS="813"/>
                  <String HEIGHT="37" WIDTH="73" VPOS="659" HPOS="781" CONTENT="est"/>
                  <SP HEIGHT="37" WIDTH="10" VPOS="659" HPOS="854"/>
                  <String HEIGHT="37"
                          WIDTH="114"
                          VPOS="659"
                          HPOS="823"
                          CONTENT="illatio"/>
                  <SP HEIGHT="37" WIDTH="10" VPOS="659" HPOS="937"/>
                  <String HEIGHT="37" WIDTH="62" VPOS="659" HPOS="896" CONTENT="ista"/>
               </TextLine>
               <TextLine ID="r1l33"
                         BASELINE="723"
                         HEIGHT="38"
                         WIDTH="593"
                         VPOS="685"
                         HPOS="365">
                  <String HEIGHT="38"
                          WIDTH="116"
                          VPOS="685"
                          HPOS="354"
                          CONTENT="similis"/>
                  <SP HEIGHT="38" WIDTH="11" VPOS="685" HPOS="471"/>
                  <String HEIGHT="38"
                          WIDTH="138"
                          VPOS="685"
                          HPOS="439"
                          CONTENT="illationi"/>
                  <SP HEIGHT="38" WIDTH="11" VPOS="685" HPOS="577"/>
                  <String HEIGHT="38"
                          WIDTH="127"
                          VPOS="685"
                          HPOS="545"
                          CONTENT="regulate"/>
                  <SP HEIGHT="38" WIDTH="11" VPOS="685" HPOS="672"/>
                  <String HEIGHT="38" WIDTH="74" VPOS="685" HPOS="640" CONTENT="per"/>
                  <SP HEIGHT="38" WIDTH="11" VPOS="685" HPOS="714"/>
                  <String HEIGHT="38" WIDTH="85" VPOS="685" HPOS="683" CONTENT="dici"/>
                  <SP HEIGHT="38" WIDTH="11" VPOS="685" HPOS="767"/>
                  <String HEIGHT="38" WIDTH="64" VPOS="685" HPOS="736" CONTENT="de"/>
                  <SP HEIGHT="38" WIDTH="11" VPOS="685" HPOS="799"/>
                  <String HEIGHT="38" WIDTH="85" VPOS="685" HPOS="767" CONTENT="omni"/>
                  <SP HEIGHT="38" WIDTH="11" VPOS="685" HPOS="852"/>
                  <String HEIGHT="38" WIDTH="64" VPOS="685" HPOS="820" CONTENT="et"/>
                  <SP HEIGHT="38" WIDTH="11" VPOS="685" HPOS="884"/>
                  <String HEIGHT="38"
                          WIDTH="95"
                          VPOS="685"
                          HPOS="852"
                          CONTENT="tamen"/>
                  <SP HEIGHT="38" WIDTH="11" VPOS="685" HPOS="947"/>
                  <String HEIGHT="38" WIDTH="53" VPOS="685" HPOS="905" CONTENT="non"/>
               </TextLine>
               <TextLine ID="r1l35"
                         BASELINE="751"
                         HEIGHT="42"
                         WIDTH="594"
                         VPOS="709"
                         HPOS="372">
                  <String HEIGHT="42" WIDTH="70" VPOS="709" HPOS="362" CONTENT="sic"/>
                  <SP HEIGHT="42" WIDTH="10" VPOS="709" HPOS="432"/>
                  <String HEIGHT="42"
                          WIDTH="131"
                          VPOS="709"
                          HPOS="402"
                          CONTENT="regulatur"/>
                  <SP HEIGHT="42" WIDTH="10" VPOS="709" HPOS="533"/>
                  <String HEIGHT="42" WIDTH="60" VPOS="709" HPOS="503" CONTENT="et"/>
                  <SP HEIGHT="42" WIDTH="10" VPOS="709" HPOS="563"/>
                  <String HEIGHT="42" WIDTH="81" VPOS="709" HPOS="533" CONTENT="iter"/>
                  <SP HEIGHT="42" WIDTH="10" VPOS="709" HPOS="614"/>
                  <String HEIGHT="42" WIDTH="70" VPOS="709" HPOS="583" CONTENT="est"/>
                  <SP HEIGHT="42" WIDTH="10" VPOS="709" HPOS="654"/>
                  <String HEIGHT="42" WIDTH="70" VPOS="709" HPOS="624" CONTENT="ibi"/>
                  <SP HEIGHT="42" WIDTH="10" VPOS="709" HPOS="694"/>
                  <String HEIGHT="42"
                          WIDTH="121"
                          VPOS="709"
                          HPOS="664"
                          CONTENT="fallacia"/>
                  <SP HEIGHT="42" WIDTH="10" VPOS="709" HPOS="785"/>
                  <String HEIGHT="42"
                          WIDTH="171"
                          VPOS="709"
                          HPOS="755"
                          CONTENT="aesencedentis"/>
                  <SP HEIGHT="42" WIDTH="10" VPOS="709" HPOS="926"/>
                  <String HEIGHT="42" WIDTH="60" VPOS="709" HPOS="896" CONTENT="et"/>
                  <SP HEIGHT="42" WIDTH="10" VPOS="709" HPOS="956"/>
                  <String HEIGHT="42" WIDTH="50" VPOS="709" HPOS="916" CONTENT="con"/>
               </TextLine>
               <TextLine ID="r1l37"
                         BASELINE="779"
                         HEIGHT="41"
                         WIDTH="589"
                         VPOS="738"
                         HPOS="373">
                  <String HEIGHT="41"
                          WIDTH="162"
                          VPOS="738"
                          HPOS="361"
                          CONTENT="sequentis."/>
                  <SP HEIGHT="41" WIDTH="12" VPOS="738" HPOS="523"/>
                  <String HEIGHT="41"
                          WIDTH="104"
                          VPOS="738"
                          HPOS="488"
                          CONTENT="sicut"/>
                  <SP HEIGHT="41" WIDTH="12" VPOS="738" HPOS="592"/>
                  <String HEIGHT="41"
                          WIDTH="104"
                          VPOS="738"
                          HPOS="558"
                          CONTENT="alibi"/>
                  <SP HEIGHT="41" WIDTH="12" VPOS="738" HPOS="662"/>
                  <String HEIGHT="41" WIDTH="81" VPOS="738" HPOS="627" CONTENT="ibi"/>
                  <SP HEIGHT="41" WIDTH="12" VPOS="738" HPOS="708"/>
                  <String HEIGHT="41"
                          WIDTH="139"
                          VPOS="738"
                          HPOS="673"
                          CONTENT="arguitur"/>
                  <SP HEIGHT="41" WIDTH="12" VPOS="738" HPOS="812"/>
                  <String HEIGHT="41" WIDTH="69" VPOS="738" HPOS="777" CONTENT="ex"/>
                  <SP HEIGHT="41" WIDTH="12" VPOS="738" HPOS="847"/>
                  <String HEIGHT="41"
                          WIDTH="162"
                          VPOS="738"
                          HPOS="800"
                          CONTENT="particulari"
                          SUBS_TYPE="HypPart1"
                          SUBS_CONTENT="particularibus"/>
                  <HYP CONTENT="-"/>
               </TextLine>
               <TextLine ID="r1l40"
                         BASELINE="808"
                         HEIGHT="40"
                         WIDTH="587"
                         VPOS="768"
                         HPOS="373">
                  <String HEIGHT="40"
                          WIDTH="65"
                          VPOS="768"
                          HPOS="364"
                          CONTENT="bus"
                          SUBS_TYPE="HypPart2"
                          SUBS_CONTENT="particularibus"/>
                  <SP HEIGHT="40" WIDTH="9" VPOS="768" HPOS="429"/>
                  <String HEIGHT="40" WIDTH="56" VPOS="768" HPOS="401" CONTENT="ex"/>
                  <SP HEIGHT="40" WIDTH="9" VPOS="768" HPOS="457"/>
                  <String HEIGHT="40"
                          WIDTH="93"
                          VPOS="768"
                          HPOS="429"
                          CONTENT="quibus"/>
                  <SP HEIGHT="40" WIDTH="9" VPOS="768" HPOS="522"/>
                  <String HEIGHT="40"
                          WIDTH="112"
                          VPOS="768"
                          HPOS="494"
                          CONTENT="secundum"/>
                  <SP HEIGHT="40" WIDTH="9" VPOS="768" HPOS="606"/>
                  <String HEIGHT="40"
                          WIDTH="140"
                          VPOS="768"
                          HPOS="578"
                          CONTENT="philosophum"/>
                  <SP HEIGHT="40" WIDTH="9" VPOS="768" HPOS="718"/>
                  <String HEIGHT="40"
                          WIDTH="84"
                          VPOS="768"
                          HPOS="690"
                          CONTENT="nihil"/>
                  <SP HEIGHT="40" WIDTH="9" VPOS="768" HPOS="774"/>
                  <String HEIGHT="40"
                          WIDTH="112"
                          VPOS="768"
                          HPOS="746"
                          CONTENT="sequitur"/>
                  <SP HEIGHT="40" WIDTH="9" VPOS="768" HPOS="858"/>
                  <String HEIGHT="40" WIDTH="75" VPOS="768" HPOS="830" CONTENT="quia"/>
                  <SP HEIGHT="40" WIDTH="9" VPOS="768" HPOS="904"/>
                  <String HEIGHT="40"
                          WIDTH="84"
                          VPOS="768"
                          HPOS="876"
                          CONTENT="maior"/>
                  <SP HEIGHT="40" WIDTH="9" VPOS="768" HPOS="960"/>
                  <String HEIGHT="40" WIDTH="37" VPOS="768" HPOS="923" CONTENT="no"/>
               </TextLine>
               <TextLine ID="r1l43"
                         BASELINE="836"
                         HEIGHT="41"
                         WIDTH="597"
                         VPOS="795"
                         HPOS="368">
                  <String HEIGHT="41" WIDTH="82" VPOS="795" HPOS="356" CONTENT="est"/>
                  <SP HEIGHT="41" WIDTH="12" VPOS="795" HPOS="438"/>
                  <String HEIGHT="41"
                          WIDTH="187"
                          VPOS="795"
                          HPOS="403"
                          CONTENT="sufficienter"/>
                  <SP HEIGHT="41" WIDTH="12" VPOS="795" HPOS="590"/>
                  <String HEIGHT="41"
                          WIDTH="176"
                          VPOS="795"
                          HPOS="555"
                          CONTENT="vniuersalis"/>
                  <SP HEIGHT="41" WIDTH="12" VPOS="795" HPOS="731"/>
                  <String HEIGHT="41" WIDTH="82" VPOS="795" HPOS="696" CONTENT="nec"/>
                  <SP HEIGHT="41" WIDTH="12" VPOS="795" HPOS="778"/>
                  <String HEIGHT="41"
                          WIDTH="105"
                          VPOS="795"
                          HPOS="743"
                          CONTENT="etiam"/>
                  <SP HEIGHT="41" WIDTH="12" VPOS="795" HPOS="848"/>
                  <String HEIGHT="41"
                          WIDTH="105"
                          VPOS="795"
                          HPOS="813"
                          CONTENT="minor"/>
                  <SP HEIGHT="41" WIDTH="12" VPOS="795" HPOS="918"/>
                  <String HEIGHT="41"
                          WIDTH="94"
                          VPOS="795"
                          HPOS="871"
                          CONTENT="vniuer"/>
               </TextLine>
               <TextLine ID="r1l46"
                         BASELINE="863"
                         HEIGHT="38"
                         WIDTH="593"
                         VPOS="825"
                         HPOS="370">
                  <String HEIGHT="38"
                          WIDTH="125"
                          VPOS="825"
                          HPOS="360"
                          CONTENT="salitate"/>
                  <SP HEIGHT="38" WIDTH="10" VPOS="825" HPOS="484"/>
                  <String HEIGHT="38"
                          WIDTH="135"
                          VPOS="825"
                          HPOS="453"
                          CONTENT="requisita"/>
                  <SP HEIGHT="38" WIDTH="10" VPOS="825" HPOS="588"/>
                  <String HEIGHT="38" WIDTH="62" VPOS="825" HPOS="557" CONTENT="ad"/>
                  <SP HEIGHT="38" WIDTH="10" VPOS="825" HPOS="620"/>
                  <String HEIGHT="38"
                          WIDTH="135"
                          VPOS="825"
                          HPOS="588"
                          CONTENT="bonitatem"/>
                  <SP HEIGHT="38" WIDTH="10" VPOS="825" HPOS="724"/>
                  <String HEIGHT="38"
                          WIDTH="146"
                          VPOS="825"
                          HPOS="693"
                          CONTENT="sillogismi"/>
                  <SP HEIGHT="38" WIDTH="10" VPOS="825" HPOS="838"/>
                  <String HEIGHT="38"
                          WIDTH="146"
                          VPOS="825"
                          HPOS="807"
                          CONTENT="inferentis"/>
                  <SP HEIGHT="38" WIDTH="10" VPOS="825" HPOS="953"/>
                  <String HEIGHT="38" WIDTH="52" VPOS="825" HPOS="911" CONTENT="con"/>
               </TextLine>
               <TextLine ID="r1l49"
                         BASELINE="896"
                         HEIGHT="45"
                         WIDTH="592"
                         VPOS="851"
                         HPOS="370">
                  <String HEIGHT="45"
                          WIDTH="148"
                          VPOS="851"
                          HPOS="359"
                          CONTENT="clusionem"/>
                  <SP HEIGHT="45" WIDTH="11" VPOS="851" HPOS="507"/>
                  <String HEIGHT="45"
                          WIDTH="171"
                          VPOS="851"
                          HPOS="472"
                          CONTENT="vniuersalem"/>
                  <SP HEIGHT="45" WIDTH="11" VPOS="851" HPOS="643"/>
                  <String HEIGHT="45" WIDTH="80" VPOS="851" HPOS="609" CONTENT="vel"/>
                  <SP HEIGHT="45" WIDTH="11" VPOS="851" HPOS="689"/>
                  <String HEIGHT="45"
                          WIDTH="102"
                          VPOS="851"
                          HPOS="655"
                          CONTENT="etiam"/>
                  <SP HEIGHT="45" WIDTH="11" VPOS="851" HPOS="757"/>
                  <String HEIGHT="45"
                          WIDTH="182"
                          VPOS="851"
                          HPOS="723"
                          CONTENT="particularem"/>
                  <SP HEIGHT="45" WIDTH="11" VPOS="851" HPOS="905"/>
                  <String HEIGHT="45" WIDTH="68" VPOS="851" HPOS="871" CONTENT="de"/>
                  <SP HEIGHT="45" WIDTH="11" VPOS="851" HPOS="939"/>
                  <String HEIGHT="45" WIDTH="68" VPOS="851" HPOS="894" CONTENT="prae"/>
               </TextLine>
               <TextLine ID="r1l52"
                         BASELINE="924"
                         HEIGHT="37"
                         WIDTH="588"
                         VPOS="887"
                         HPOS="373">
                  <String HEIGHT="37"
                          WIDTH="88"
                          VPOS="887"
                          HPOS="363"
                          CONTENT="cisis"/>
                  <SP HEIGHT="37" WIDTH="10" VPOS="887" HPOS="451"/>
                  <String HEIGHT="37"
                          WIDTH="118"
                          VPOS="887"
                          HPOS="422"
                          CONTENT="terminis"/>
                  <SP HEIGHT="37" WIDTH="10" VPOS="887" HPOS="540"/>
                  <String HEIGHT="37"
                          WIDTH="157"
                          VPOS="887"
                          HPOS="510"
                          CONTENT="praemissarum"/>
                  <SP HEIGHT="37" WIDTH="10" VPOS="887" HPOS="667"/>
                  <String HEIGHT="37"
                          WIDTH="88"
                          VPOS="887"
                          HPOS="638"
                          CONTENT="licet"/>
                  <SP HEIGHT="37" WIDTH="10" VPOS="887" HPOS="726"/>
                  <String HEIGHT="37"
                          WIDTH="108"
                          VPOS="887"
                          HPOS="696"
                          CONTENT="aliquam"/>
                  <SP HEIGHT="37" WIDTH="10" VPOS="887" HPOS="804"/>
                  <String HEIGHT="37"
                          WIDTH="88"
                          VPOS="887"
                          HPOS="775"
                          CONTENT="aliam"/>
                  <SP HEIGHT="37" WIDTH="10" VPOS="887" HPOS="863"/>
                  <String HEIGHT="37" WIDTH="78" VPOS="887" HPOS="834" CONTENT="etc."/>
                  <SP HEIGHT="37" WIDTH="10" VPOS="887" HPOS="912"/>
                  <String HEIGHT="37" WIDTH="59" VPOS="887" HPOS="883" CONTENT="et"/>
                  <SP HEIGHT="37" WIDTH="10" VPOS="887" HPOS="941"/>
                  <String HEIGHT="37" WIDTH="59" VPOS="887" HPOS="902" CONTENT="ideo"/>
               </TextLine>
               <TextLine ID="r1l54"
                         BASELINE="954"
                         HEIGHT="45"
                         WIDTH="608"
                         VPOS="909"
                         HPOS="363">
                  <String HEIGHT="45" WIDTH="76" VPOS="909" HPOS="352" CONTENT="non"/>
                  <SP HEIGHT="45" WIDTH="11" VPOS="909" HPOS="428"/>
                  <String HEIGHT="45"
                          WIDTH="141"
                          VPOS="909"
                          HPOS="396"
                          CONTENT="regulatur"/>
                  <SP HEIGHT="45" WIDTH="11" VPOS="909" HPOS="537"/>
                  <String HEIGHT="45"
                          WIDTH="174"
                          VPOS="909"
                          HPOS="504"
                          CONTENT="sufficienter"/>
                  <SP HEIGHT="45" WIDTH="11" VPOS="909" HPOS="678"/>
                  <String HEIGHT="45" WIDTH="76" VPOS="909" HPOS="645" CONTENT="per"/>
                  <SP HEIGHT="45" WIDTH="11" VPOS="909" HPOS="721"/>
                  <String HEIGHT="45" WIDTH="87" VPOS="909" HPOS="689" CONTENT="dici"/>
                  <SP HEIGHT="45" WIDTH="11" VPOS="909" HPOS="776"/>
                  <String HEIGHT="45" WIDTH="65" VPOS="909" HPOS="743" CONTENT="de"/>
                  <SP HEIGHT="45" WIDTH="11" VPOS="909" HPOS="808"/>
                  <String HEIGHT="45" WIDTH="87" VPOS="909" HPOS="776" CONTENT="omni"/>
                  <SP HEIGHT="45" WIDTH="11" VPOS="909" HPOS="862"/>
                  <String HEIGHT="45" WIDTH="65" VPOS="909" HPOS="830" CONTENT="et"/>
                  <SP HEIGHT="45" WIDTH="11" VPOS="909" HPOS="895"/>
                  <String HEIGHT="45" WIDTH="76" VPOS="909" HPOS="862" CONTENT="hoc"/>
                  <SP HEIGHT="45" WIDTH="11" VPOS="909" HPOS="938"/>
                  <String HEIGHT="45"
                          WIDTH="76"
                          VPOS="909"
                          HPOS="895"
                          CONTENT="patet"/>
               </TextLine>
               <TextLine ID="r1l56"
                         BASELINE="978"
                         HEIGHT="40"
                         WIDTH="599"
                         VPOS="938"
                         HPOS="371">
                  <String HEIGHT="40" WIDTH="87" VPOS="938" HPOS="360" CONTENT="quia"/>
                  <SP HEIGHT="40" WIDTH="11" VPOS="938" HPOS="447"/>
                  <String HEIGHT="40"
                          WIDTH="120"
                          VPOS="938"
                          HPOS="415"
                          CONTENT="dicendo"/>
                  <SP HEIGHT="40" WIDTH="11" VPOS="938" HPOS="534"/>
                  <String HEIGHT="40"
                          WIDTH="98"
                          VPOS="938"
                          HPOS="502"
                          CONTENT="omnis"/>
                  <SP HEIGHT="40" WIDTH="11" VPOS="938" HPOS="600"/>
                  <String HEIGHT="40"
                          WIDTH="131"
                          VPOS="938"
                          HPOS="567"
                          CONTENT="essentia"/>
                  <SP HEIGHT="40" WIDTH="11" VPOS="938" HPOS="698"/>
                  <String HEIGHT="40"
                          WIDTH="109"
                          VPOS="938"
                          HPOS="665"
                          CONTENT="diuina"/>
                  <SP HEIGHT="40" WIDTH="11" VPOS="938" HPOS="774"/>
                  <String HEIGHT="40" WIDTH="76" VPOS="938" HPOS="741" CONTENT="est"/>
                  <SP HEIGHT="40" WIDTH="11" VPOS="938" HPOS="818"/>
                  <String HEIGHT="40"
                          WIDTH="109"
                          VPOS="938"
                          HPOS="785"
                          CONTENT="filius"/>
                  <SP HEIGHT="40" WIDTH="11" VPOS="938" HPOS="894"/>
                  <String HEIGHT="40"
                          WIDTH="98"
                          VPOS="938"
                          HPOS="861"
                          CONTENT="multa"/>
                  <SP HEIGHT="40" WIDTH="11" VPOS="938" HPOS="959"/>
                  <String HEIGHT="40" WIDTH="54" VPOS="938" HPOS="916" CONTENT="con"/>
               </TextLine>
               <TextLine ID="r1l58"
                         BASELINE="1006"
                         HEIGHT="46"
                         WIDTH="604"
                         VPOS="960"
                         HPOS="364">
                  <String HEIGHT="46"
                          WIDTH="121"
                          VPOS="960"
                          HPOS="352"
                          CONTENT="tingit"/>
                  <SP HEIGHT="46" WIDTH="12" VPOS="960" HPOS="473"/>
                  <String HEIGHT="46"
                          WIDTH="121"
                          VPOS="960"
                          HPOS="436"
                          CONTENT="sumere"/>
                  <SP HEIGHT="46" WIDTH="12" VPOS="960" HPOS="557"/>
                  <String HEIGHT="46" WIDTH="85" VPOS="960" HPOS="521" CONTENT="sub"/>
                  <SP HEIGHT="46" WIDTH="12" VPOS="960" HPOS="606"/>
                  <String HEIGHT="46"
                          WIDTH="145"
                          VPOS="960"
                          HPOS="569"
                          CONTENT="subiecto"/>
                  <SP HEIGHT="46" WIDTH="12" VPOS="960" HPOS="714"/>
                  <String HEIGHT="46"
                          WIDTH="121"
                          VPOS="960"
                          HPOS="678"
                          CONTENT="quibus"/>
                  <SP HEIGHT="46" WIDTH="12" VPOS="960" HPOS="799"/>
                  <String HEIGHT="46" WIDTH="85" VPOS="960" HPOS="763" CONTENT="non"/>
                  <SP HEIGHT="46" WIDTH="12" VPOS="960" HPOS="847"/>
                  <String HEIGHT="46"
                          WIDTH="145"
                          VPOS="960"
                          HPOS="811"
                          CONTENT="conuenit"/>
                  <SP HEIGHT="46" WIDTH="12" VPOS="960" HPOS="956"/>
                  <String HEIGHT="46" WIDTH="60" VPOS="960" HPOS="908" CONTENT="pre"/>
               </TextLine>
               <TextLine ID="r1l60"
                         BASELINE="1031"
                         HEIGHT="37"
                         WIDTH="606"
                         VPOS="994"
                         HPOS="363">
                  <String HEIGHT="37"
                          WIDTH="106"
                          VPOS="994"
                          HPOS="353"
                          CONTENT="dicatum"/>
                  <SP HEIGHT="37" WIDTH="10" VPOS="994" HPOS="459"/>
                  <String HEIGHT="37" WIDTH="58" VPOS="994" HPOS="430" CONTENT="vt"/>
                  <SP HEIGHT="37" WIDTH="10" VPOS="994" HPOS="488"/>
                  <String HEIGHT="37" WIDTH="77" VPOS="994" HPOS="459" CONTENT="pote"/>
                  <SP HEIGHT="37" WIDTH="10" VPOS="994" HPOS="536"/>
                  <String HEIGHT="37"
                          WIDTH="96"
                          VPOS="994"
                          HPOS="507"
                          CONTENT="patetr"/>
                  <SP HEIGHT="37" WIDTH="10" VPOS="994" HPOS="603"/>
                  <String HEIGHT="37"
                          WIDTH="106"
                          VPOS="994"
                          HPOS="575"
                          CONTENT="spiritu"/>
                  <SP HEIGHT="37" WIDTH="10" VPOS="994" HPOS="680"/>
                  <String HEIGHT="37"
                          WIDTH="96"
                          VPOS="994"
                          HPOS="652"
                          CONTENT="sancto"/>
                  <SP HEIGHT="37" WIDTH="10" VPOS="994" HPOS="748"/>
                  <String HEIGHT="37" WIDTH="48" VPOS="994" HPOS="719" CONTENT="⁋"/>
                  <SP HEIGHT="37" WIDTH="10" VPOS="994" HPOS="767"/>
                  <String HEIGHT="37"
                          WIDTH="125"
                          VPOS="994"
                          HPOS="738"
                          CONTENT="Similiter"/>
                  <SP HEIGHT="37" WIDTH="10" VPOS="994" HPOS="863"/>
                  <String HEIGHT="37"
                          WIDTH="87"
                          VPOS="994"
                          HPOS="834"
                          CONTENT="tamen"/>
                  <SP HEIGHT="37" WIDTH="10" VPOS="994" HPOS="921"/>
                  <String HEIGHT="37"
                          WIDTH="87"
                          VPOS="994"
                          HPOS="882"
                          CONTENT="dicimus"/>
               </TextLine>
               <TextLine ID="r1l62"
                         BASELINE="1063"
                         HEIGHT="39"
                         WIDTH="592"
                         VPOS="1024"
                         HPOS="373">
                  <String HEIGHT="39"
                          WIDTH="132"
                          VPOS="1024"
                          HPOS="362"
                          CONTENT="negatiue"/>
                  <SP HEIGHT="39" WIDTH="11" VPOS="1024" HPOS="494"/>
                  <String HEIGHT="39" WIDTH="77" VPOS="1024" HPOS="461" CONTENT="non"/>
                  <SP HEIGHT="39" WIDTH="11" VPOS="1024" HPOS="537"/>
                  <String HEIGHT="39"
                          WIDTH="99"
                          VPOS="1024"
                          HPOS="505"
                          CONTENT="tamen"/>
                  <SP HEIGHT="39" WIDTH="11" VPOS="1024" HPOS="603"/>
                  <String HEIGHT="39"
                          WIDTH="121"
                          VPOS="1024"
                          HPOS="570"
                          CONTENT="oportet"/>
                  <SP HEIGHT="39" WIDTH="11" VPOS="1024" HPOS="691"/>
                  <String HEIGHT="39"
                          WIDTH="110"
                          VPOS="1024"
                          HPOS="658"
                          CONTENT="nullus"/>
                  <SP HEIGHT="39" WIDTH="11" VPOS="1024" HPOS="768"/>
                  <String HEIGHT="39"
                          WIDTH="99"
                          VPOS="1024"
                          HPOS="735"
                          CONTENT="pater"/>
                  <SP HEIGHT="39" WIDTH="11" VPOS="1024" HPOS="833"/>
                  <String HEIGHT="39" WIDTH="77" VPOS="1024" HPOS="801" CONTENT="est"/>
                  <SP HEIGHT="39" WIDTH="11" VPOS="1024" HPOS="877"/>
                  <String HEIGHT="39"
                          WIDTH="110"
                          VPOS="1024"
                          HPOS="844"
                          CONTENT="filius"/>
                  <SP HEIGHT="39" WIDTH="11" VPOS="1024" HPOS="954"/>
                  <String HEIGHT="39" WIDTH="55" VPOS="1024" HPOS="910" CONTENT="hec"/>
               </TextLine>
               <TextLine ID="r1l64"
                         BASELINE="1092"
                         HEIGHT="39"
                         WIDTH="601"
                         VPOS="1053"
                         HPOS="367">
                  <String HEIGHT="39" WIDTH="79" VPOS="1053" HPOS="356" CONTENT="non"/>
                  <SP HEIGHT="39" WIDTH="11" VPOS="1053" HPOS="435"/>
                  <String HEIGHT="39" WIDTH="79" VPOS="1053" HPOS="401" CONTENT="est"/>
                  <SP HEIGHT="39" WIDTH="11" VPOS="1053" HPOS="480"/>
                  <String HEIGHT="39" WIDTH="68" VPOS="1053" HPOS="446" CONTENT="de"/>
                  <SP HEIGHT="39" WIDTH="11" VPOS="1053" HPOS="514"/>
                  <String HEIGHT="39"
                          WIDTH="102"
                          VPOS="1053"
                          HPOS="480"
                          CONTENT="nullo"/>
                  <SP HEIGHT="39" WIDTH="11" VPOS="1053" HPOS="582"/>
                  <String HEIGHT="39"
                          WIDTH="181"
                          VPOS="1053"
                          HPOS="548"
                          CONTENT="sufficientur"/>
                  <SP HEIGHT="39" WIDTH="11" VPOS="1053" HPOS="730"/>
                  <String HEIGHT="39" WIDTH="68" VPOS="1053" HPOS="696" CONTENT="ad"/>
                  <SP HEIGHT="39" WIDTH="11" VPOS="1053" HPOS="764"/>
                  <String HEIGHT="39"
                          WIDTH="159"
                          VPOS="1053"
                          HPOS="730"
                          CONTENT="regulandum"/>
                  <SP HEIGHT="39" WIDTH="11" VPOS="1053" HPOS="889"/>
                  <String HEIGHT="39"
                          WIDTH="125"
                          VPOS="1053"
                          HPOS="843"
                          CONTENT="sillogitr"/>
               </TextLine>
               <TextLine ID="r1l66"
                         BASELINE="1121"
                         HEIGHT="44"
                         WIDTH="598"
                         VPOS="1077"
                         HPOS="366">
                  <String HEIGHT="44" WIDTH="78" VPOS="1077" HPOS="355" CONTENT="mum"/>
                  <SP HEIGHT="44" WIDTH="11" VPOS="1077" HPOS="432"/>
                  <String HEIGHT="44"
                          WIDTH="155"
                          VPOS="1077"
                          HPOS="399"
                          CONTENT="inferentem"/>
                  <SP HEIGHT="44" WIDTH="11" VPOS="1077" HPOS="554"/>
                  <String HEIGHT="44"
                          WIDTH="177"
                          VPOS="1077"
                          HPOS="521"
                          CONTENT="conclusionem"/>
                  <SP HEIGHT="44" WIDTH="11" VPOS="1077" HPOS="698"/>
                  <String HEIGHT="44" WIDTH="66" VPOS="1077" HPOS="665" CONTENT="de"/>
                  <SP HEIGHT="44" WIDTH="11" VPOS="1077" HPOS="731"/>
                  <String HEIGHT="44"
                          WIDTH="155"
                          VPOS="1077"
                          HPOS="698"
                          CONTENT="praemissis"/>
                  <SP HEIGHT="44" WIDTH="11" VPOS="1077" HPOS="853"/>
                  <String HEIGHT="44"
                          WIDTH="133"
                          VPOS="1077"
                          HPOS="820"
                          CONTENT="terminis"/>
                  <SP HEIGHT="44" WIDTH="11" VPOS="1077" HPOS="953"/>
                  <String HEIGHT="44" WIDTH="55" VPOS="1077" HPOS="909" CONTENT="pre"/>
               </TextLine>
               <TextLine ID="r1l68"
                         BASELINE="1147"
                         HEIGHT="39"
                         WIDTH="596"
                         VPOS="1108"
                         HPOS="369">
                  <String HEIGHT="39"
                          WIDTH="128"
                          VPOS="1108"
                          HPOS="358"
                          CONTENT="missarum"/>
                  <SP HEIGHT="39" WIDTH="11" VPOS="1108" HPOS="486"/>
                  <String HEIGHT="39"
                          WIDTH="85"
                          VPOS="1108"
                          HPOS="454"
                          CONTENT="quia"/>
                  <SP HEIGHT="39" WIDTH="11" VPOS="1108" HPOS="539"/>
                  <String HEIGHT="39"
                          WIDTH="138"
                          VPOS="1108"
                          HPOS="507"
                          CONTENT="contingit"/>
                  <SP HEIGHT="39" WIDTH="11" VPOS="1108" HPOS="646"/>
                  <String HEIGHT="39"
                          WIDTH="106"
                          VPOS="1108"
                          HPOS="614"
                          CONTENT="aliqud"/>
                  <SP HEIGHT="39" WIDTH="11" VPOS="1108" HPOS="720"/>
                  <String HEIGHT="39"
                          WIDTH="106"
                          VPOS="1108"
                          HPOS="688"
                          CONTENT="sumere"/>
                  <SP HEIGHT="39" WIDTH="11" VPOS="1108" HPOS="795"/>
                  <String HEIGHT="39" WIDTH="75" VPOS="1108" HPOS="763" CONTENT="sub"/>
                  <SP HEIGHT="39" WIDTH="11" VPOS="1108" HPOS="837"/>
                  <String HEIGHT="39"
                          WIDTH="128"
                          VPOS="1108"
                          HPOS="805"
                          CONTENT="subiecto"/>
                  <SP HEIGHT="39" WIDTH="11" VPOS="1108" HPOS="933"/>
                  <String HEIGHT="39" WIDTH="53" VPOS="1108" HPOS="901" CONTENT="a"/>
                  <SP HEIGHT="39" WIDTH="11" VPOS="1108" HPOS="954"/>
                  <String HEIGHT="39" WIDTH="53" VPOS="1108" HPOS="912" CONTENT="qua"/>
               </TextLine>
               <TextLine ID="line_1612382281478_682"
                         BASELINE="1191"
                         HEIGHT="41"
                         WIDTH="10"
                         VPOS="1150"
                         HPOS="364">
                  <String HEIGHT="41" WIDTH="20" VPOS="1150" HPOS="354" CONTENT="uo"/>
               </TextLine>
               <TextLine ID="r1l72"
                         BASELINE="1205"
                         HEIGHT="37"
                         WIDTH="585"
                         VPOS="1168"
                         HPOS="375">
                  <String HEIGHT="37"
                          WIDTH="85"
                          VPOS="1168"
                          HPOS="364"
                          CONTENT="nis."/>
                  <SP HEIGHT="37" WIDTH="11" VPOS="1168" HPOS="449"/>
                  <String HEIGHT="37"
                          WIDTH="117"
                          VPOS="1168"
                          HPOS="418"
                          CONTENT="Diceres"/>
                  <SP HEIGHT="37" WIDTH="11" VPOS="1168" HPOS="535"/>
                  <String HEIGHT="37"
                          WIDTH="160"
                          VPOS="1168"
                          HPOS="503"
                          CONTENT="aristoteles"/>
                  <SP HEIGHT="37" WIDTH="11" VPOS="1168" HPOS="662"/>
                  <String HEIGHT="37" WIDTH="74" VPOS="1168" HPOS="630" CONTENT="sic"/>
                  <SP HEIGHT="37" WIDTH="11" VPOS="1168" HPOS="705"/>
                  <String HEIGHT="37"
                          WIDTH="170"
                          VPOS="1168"
                          HPOS="673"
                          CONTENT="exemplificat"/>
                  <SP HEIGHT="37" WIDTH="11" VPOS="1168" HPOS="843"/>
                  <String HEIGHT="37"
                          WIDTH="85"
                          VPOS="1168"
                          HPOS="811"
                          CONTENT="omne"/>
                  <SP HEIGHT="37" WIDTH="11" VPOS="1168" HPOS="896"/>
                  <String HEIGHT="37" WIDTH="64" VPOS="1168" HPOS="864" CONTENT="b."/>
                  <SP HEIGHT="37" WIDTH="11" VPOS="1168" HPOS="928"/>
                  <String HEIGHT="37" WIDTH="74" VPOS="1168" HPOS="896" CONTENT="est"/>
                  <SP HEIGHT="37" WIDTH="11" VPOS="1168" HPOS="971"/>
                  <String HEIGHT="37" WIDTH="32" VPOS="1168" HPOS="928" CONTENT="a"/>
               </TextLine>
               <TextLine ID="r1l74"
                         BASELINE="1236"
                         HEIGHT="43"
                         WIDTH="603"
                         VPOS="1193"
                         HPOS="372">
                  <String HEIGHT="43"
                          WIDTH="79"
                          VPOS="1193"
                          HPOS="362"
                          CONTENT="omne"/>
                  <SP HEIGHT="43" WIDTH="10" VPOS="1193" HPOS="441"/>
                  <String HEIGHT="43" WIDTH="59" VPOS="1193" HPOS="412" CONTENT="c."/>
                  <SP HEIGHT="43" WIDTH="10" VPOS="1193" HPOS="471"/>
                  <String HEIGHT="43" WIDTH="69" VPOS="1193" HPOS="441" CONTENT="est"/>
                  <SP HEIGHT="43" WIDTH="10" VPOS="1193" HPOS="510"/>
                  <String HEIGHT="43" WIDTH="59" VPOS="1193" HPOS="481" CONTENT="b."/>
                  <SP HEIGHT="43" WIDTH="10" VPOS="1193" HPOS="540"/>
                  <String HEIGHT="43"
                          WIDTH="99"
                          VPOS="1193"
                          HPOS="510"
                          CONTENT="igitur"/>
                  <SP HEIGHT="43" WIDTH="10" VPOS="1193" HPOS="609"/>
                  <String HEIGHT="43"
                          WIDTH="99"
                          VPOS="1193"
                          HPOS="580"
                          CONTENT="omnen."/>
                  <SP HEIGHT="43" WIDTH="10" VPOS="1193" HPOS="678"/>
                  <String HEIGHT="43" WIDTH="59" VPOS="1193" HPOS="649" CONTENT="c."/>
                  <SP HEIGHT="43" WIDTH="10" VPOS="1193" HPOS="708"/>
                  <String HEIGHT="43"
                          WIDTH="79"
                          VPOS="1193"
                          HPOS="678"
                          CONTENT="est."/>
                  <SP HEIGHT="43" WIDTH="10" VPOS="1193" HPOS="758"/>
                  <String HEIGHT="43" WIDTH="59" VPOS="1193" HPOS="728" CONTENT="a."/>
                  <SP HEIGHT="43" WIDTH="10" VPOS="1193" HPOS="787"/>
                  <String HEIGHT="43" WIDTH="69" VPOS="1193" HPOS="758" CONTENT="qua"/>
                  <SP HEIGHT="43" WIDTH="10" VPOS="1193" HPOS="827"/>
                  <String HEIGHT="43" WIDTH="59" VPOS="1193" HPOS="797" CONTENT="si"/>
                  <SP HEIGHT="43" WIDTH="10" VPOS="1193" HPOS="856"/>
                  <String HEIGHT="43"
                          WIDTH="109"
                          VPOS="1193"
                          HPOS="827"
                          CONTENT="diceret"/>
                  <SP HEIGHT="43" WIDTH="10" VPOS="1193" HPOS="935"/>
                  <String HEIGHT="43"
                          WIDTH="79"
                          VPOS="1193"
                          HPOS="896"
                          CONTENT="appli"
                          SUBS_TYPE="HypPart1"
                          SUBS_CONTENT="applices"/>
                  <HYP CONTENT="-"/>
               </TextLine>
               <TextLine ID="r1l76"
                         BASELINE="1259"
                         HEIGHT="37"
                         WIDTH="587"
                         VPOS="1222"
                         HPOS="378">
                  <String HEIGHT="37"
                          WIDTH="72"
                          VPOS="1222"
                          HPOS="368"
                          CONTENT="ces"
                          SUBS_TYPE="HypPart2"
                          SUBS_CONTENT="applices"/>
                  <SP HEIGHT="37" WIDTH="10" VPOS="1222" HPOS="440"/>
                  <String HEIGHT="37" WIDTH="72" VPOS="1222" HPOS="409" CONTENT="vbi"/>
                  <SP HEIGHT="37" WIDTH="10" VPOS="1222" HPOS="481"/>
                  <String HEIGHT="37"
                          WIDTH="124"
                          VPOS="1222"
                          HPOS="450"
                          CONTENT="volueris"/>
                  <SP HEIGHT="37" WIDTH="10" VPOS="1222" HPOS="574"/>
                  <String HEIGHT="37" WIDTH="62" VPOS="1222" HPOS="543" CONTENT="et"/>
                  <SP HEIGHT="37" WIDTH="10" VPOS="1222" HPOS="605"/>
                  <String HEIGHT="37"
                          WIDTH="113"
                          VPOS="1222"
                          HPOS="574"
                          CONTENT="similis"/>
                  <SP HEIGHT="37" WIDTH="10" VPOS="1222" HPOS="687"/>
                  <String HEIGHT="37"
                          WIDTH="165"
                          VPOS="1222"
                          HPOS="656"
                          CONTENT="sillogisinus"/>
                  <SP HEIGHT="37" WIDTH="10" VPOS="1222" HPOS="821"/>
                  <String HEIGHT="37"
                          WIDTH="82"
                          VPOS="1222"
                          HPOS="790"
                          CONTENT="erit"/>
                  <SP HEIGHT="37" WIDTH="10" VPOS="1222" HPOS="872"/>
                  <String HEIGHT="37"
                          WIDTH="93"
                          VPOS="1222"
                          HPOS="841"
                          CONTENT="bonus"/>
                  <SP HEIGHT="37" WIDTH="10" VPOS="1222" HPOS="934"/>
                  <String HEIGHT="37"
                          WIDTH="72"
                          VPOS="1222"
                          HPOS="893"
                          CONTENT="cuius"/>
               </TextLine>
               <TextLine ID="r1l79"
                         BASELINE="1287"
                         HEIGHT="38"
                         WIDTH="598"
                         VPOS="1249"
                         HPOS="379">
                  <String HEIGHT="38"
                          WIDTH="94"
                          VPOS="1249"
                          HPOS="369"
                          CONTENT="tamen"/>
                  <SP HEIGHT="38" WIDTH="10" VPOS="1249" HPOS="463"/>
                  <String HEIGHT="38"
                          WIDTH="136"
                          VPOS="1249"
                          HPOS="431"
                          CONTENT="oppositum"/>
                  <SP HEIGHT="38" WIDTH="10" VPOS="1249" HPOS="568"/>
                  <String HEIGHT="38"
                          WIDTH="94"
                          VPOS="1249"
                          HPOS="536"
                          CONTENT="patet"/>
                  <SP HEIGHT="38" WIDTH="10" VPOS="1249" HPOS="631"/>
                  <String HEIGHT="38" WIDTH="63" VPOS="1249" HPOS="599" CONTENT="ex"/>
                  <SP HEIGHT="38" WIDTH="10" VPOS="1249" HPOS="662"/>
                  <String HEIGHT="38"
                          WIDTH="147"
                          VPOS="1249"
                          HPOS="631"
                          CONTENT="premissis."/>
                  <SP HEIGHT="38" WIDTH="10" VPOS="1249" HPOS="778"/>
                  <String HEIGHT="38" WIDTH="52" VPOS="1249" HPOS="746" CONTENT="⁋"/>
                  <SP HEIGHT="38" WIDTH="10" VPOS="1249" HPOS="799"/>
                  <String HEIGHT="38"
                          WIDTH="157"
                          VPOS="1249"
                          HPOS="767"
                          CONTENT="Respondetur"/>
                  <SP HEIGHT="38" WIDTH="10" VPOS="1249" HPOS="925"/>
                  <String HEIGHT="38" WIDTH="63" VPOS="1249" HPOS="893" CONTENT="si"/>
                  <SP HEIGHT="38" WIDTH="10" VPOS="1249" HPOS="956"/>
                  <String HEIGHT="38"
                          WIDTH="63"
                          VPOS="1249"
                          HPOS="914"
                          CONTENT="ari"
                          SUBS_TYPE="HypPart1"
                          SUBS_CONTENT="aristoteles"/>
                  <HYP CONTENT="-"/>
               </TextLine>
               <TextLine ID="r1l82"
                         BASELINE="1315"
                         HEIGHT="34"
                         WIDTH="588"
                         VPOS="1281"
                         HPOS="381">
                  <String HEIGHT="34"
                          WIDTH="138"
                          VPOS="1281"
                          HPOS="369"
                          CONTENT="stoteles"
                          SUBS_TYPE="HypPart2"
                          SUBS_CONTENT="aristoteles"/>
                  <SP HEIGHT="34" WIDTH="12" VPOS="1281" HPOS="508"/>
                  <String HEIGHT="34"
                          WIDTH="150"
                          VPOS="1281"
                          HPOS="473"
                          CONTENT="sciuisset"/>
                  <SP HEIGHT="34" WIDTH="12" VPOS="1281" HPOS="623"/>
                  <String HEIGHT="34"
                          WIDTH="127"
                          VPOS="1281"
                          HPOS="589"
                          CONTENT="aliquam"/>
                  <SP HEIGHT="34" WIDTH="12" VPOS="1281" HPOS="715"/>
                  <String HEIGHT="34" WIDTH="81" VPOS="1281" HPOS="681" CONTENT="rem"/>
                  <SP HEIGHT="34" WIDTH="12" VPOS="1281" HPOS="761"/>
                  <String HEIGHT="34"
                          WIDTH="92"
                          VPOS="1281"
                          HPOS="727"
                          CONTENT="vnam"/>
                  <SP HEIGHT="34" WIDTH="12" VPOS="1281" HPOS="819"/>
                  <String HEIGHT="34"
                          WIDTH="92"
                          VPOS="1281"
                          HPOS="785"
                          CONTENT="esse"/>
                  <SP HEIGHT="34" WIDTH="12" VPOS="1281" HPOS="877"/>
                  <String HEIGHT="34"
                          WIDTH="115"
                          VPOS="1281"
                          HPOS="842"
                          CONTENT="plures"/>
                  <SP HEIGHT="34" WIDTH="12" VPOS="1281" HPOS="957"/>
                  <String HEIGHT="34" WIDTH="58" VPOS="1281" HPOS="911" CONTENT="res"/>
               </TextLine>
               <TextLine ID="r1l85"
                         BASELINE="1343"
                         HEIGHT="31"
                         WIDTH="592"
                         VPOS="1312"
                         HPOS="385">
                  <String HEIGHT="31"
                          WIDTH="104"
                          VPOS="1312"
                          HPOS="375"
                          CONTENT="aliter"/>
                  <SP HEIGHT="31" WIDTH="10" VPOS="1312" HPOS="478"/>
                  <String HEIGHT="31"
                          WIDTH="125"
                          VPOS="1312"
                          HPOS="447"
                          CONTENT="dixisset"/>
                  <SP HEIGHT="31" WIDTH="10" VPOS="1312" HPOS="572"/>
                  <String HEIGHT="31" WIDTH="73" VPOS="1312" HPOS="541" CONTENT="sed"/>
                  <SP HEIGHT="31" WIDTH="10" VPOS="1312" HPOS="613"/>
                  <String HEIGHT="31" WIDTH="73" VPOS="1312" HPOS="582" CONTENT="hoc"/>
                  <SP HEIGHT="31" WIDTH="10" VPOS="1312" HPOS="655"/>
                  <String HEIGHT="31" WIDTH="73" VPOS="1312" HPOS="624" CONTENT="non"/>
                  <SP HEIGHT="31" WIDTH="10" VPOS="1312" HPOS="697"/>
                  <String HEIGHT="31"
                          WIDTH="125"
                          VPOS="1312"
                          HPOS="665"
                          CONTENT="sufficit"/>
                  <SP HEIGHT="31" WIDTH="10" VPOS="1312" HPOS="790"/>
                  <String HEIGHT="31" WIDTH="62" VPOS="1312" HPOS="759" CONTENT="eo"/>
                  <SP HEIGHT="31" WIDTH="10" VPOS="1312" HPOS="821"/>
                  <String HEIGHT="31"
                          WIDTH="83"
                          VPOS="1312"
                          HPOS="790"
                          CONTENT="quod"/>
                  <SP HEIGHT="31" WIDTH="10" VPOS="1312" HPOS="873"/>
                  <String HEIGHT="31"
                          WIDTH="135"
                          VPOS="1312"
                          HPOS="842"
                          CONTENT="platonici"/>
                  <SP HEIGHT="31" WIDTH="10" VPOS="1312" HPOS="977"/>
                  <String HEIGHT="31" WIDTH="42" VPOS="1312" HPOS="935" CONTENT="po"/>
               </TextLine>
               <TextLine ID="r1l88"
                         BASELINE="1372"
                         HEIGHT="35"
                         WIDTH="591"
                         VPOS="1337"
                         HPOS="377">
                  <String HEIGHT="35"
                          WIDTH="120"
                          VPOS="1337"
                          HPOS="366"
                          CONTENT="suerunt"/>
                  <SP HEIGHT="35" WIDTH="11" VPOS="1337" HPOS="486"/>
                  <String HEIGHT="35"
                          WIDTH="164"
                          VPOS="1337"
                          HPOS="454"
                          CONTENT="quidditates"/>
                  <SP HEIGHT="35" WIDTH="11" VPOS="1337" HPOS="618"/>
                  <String HEIGHT="35"
                          WIDTH="131"
                          VPOS="1337"
                          HPOS="585"
                          CONTENT="communes"/>
                  <SP HEIGHT="35" WIDTH="11" VPOS="1337" HPOS="716"/>
                  <String HEIGHT="35"
                          WIDTH="109"
                          VPOS="1337"
                          HPOS="683"
                          CONTENT="igitur"/>
                  <SP HEIGHT="35" WIDTH="11" VPOS="1337" HPOS="793"/>
                  <String HEIGHT="35"
                          WIDTH="88"
                          VPOS="1337"
                          HPOS="760"
                          CONTENT="dare"/>
                  <SP HEIGHT="35" WIDTH="11" VPOS="1337" HPOS="848"/>
                  <String HEIGHT="35"
                          WIDTH="131"
                          VPOS="1337"
                          HPOS="815"
                          CONTENT="debuitur"/>
                  <SP HEIGHT="35" WIDTH="11" VPOS="1337" HPOS="946"/>
                  <String HEIGHT="35"
                          WIDTH="66"
                          VPOS="1337"
                          HPOS="902"
                          CONTENT="loge"/>
               </TextLine>
               <TextLine ID="r1l91"
                         BASELINE="1404"
                         HEIGHT="35"
                         WIDTH="591"
                         VPOS="1369"
                         HPOS="378">
                  <String HEIGHT="35" WIDTH="81" VPOS="1369" HPOS="366" CONTENT="cam"/>
                  <SP HEIGHT="35" WIDTH="12" VPOS="1369" HPOS="448"/>
                  <String HEIGHT="35"
                          WIDTH="139"
                          VPOS="1369"
                          HPOS="413"
                          CONTENT="communem"/>
                  <SP HEIGHT="35" WIDTH="12" VPOS="1369" HPOS="552"/>
                  <String HEIGHT="35" WIDTH="70" VPOS="1369" HPOS="517" CONTENT="et"/>
                  <SP HEIGHT="35" WIDTH="12" VPOS="1369" HPOS="587"/>
                  <String HEIGHT="35"
                          WIDTH="197"
                          VPOS="1369"
                          HPOS="552"
                          CONTENT="indifferentem"/>
                  <SP HEIGHT="35" WIDTH="12" VPOS="1369" HPOS="749"/>
                  <String HEIGHT="35"
                          WIDTH="104"
                          VPOS="1369"
                          HPOS="714"
                          CONTENT="alias"/>
                  <SP HEIGHT="35" WIDTH="12" VPOS="1369" HPOS="818"/>
                  <String HEIGHT="35" WIDTH="81" VPOS="1369" HPOS="784" CONTENT="non"/>
                  <SP HEIGHT="35" WIDTH="12" VPOS="1369" HPOS="865"/>
                  <String HEIGHT="35"
                          WIDTH="127"
                          VPOS="1369"
                          HPOS="830"
                          CONTENT="fuisset"/>
                  <SP HEIGHT="35" WIDTH="12" VPOS="1369" HPOS="957"/>
                  <String HEIGHT="35" WIDTH="58" VPOS="1369" HPOS="911" CONTENT="for"/>
               </TextLine>
               <TextLine ID="r1l93"
                         BASELINE="1427"
                         HEIGHT="33"
                         WIDTH="592"
                         VPOS="1394"
                         HPOS="379">
                  <String HEIGHT="33"
                          WIDTH="102"
                          VPOS="1394"
                          HPOS="368"
                          CONTENT="malis"/>
                  <SP HEIGHT="33" WIDTH="11" VPOS="1394" HPOS="470"/>
                  <String HEIGHT="33"
                          WIDTH="125"
                          VPOS="1394"
                          HPOS="436"
                          CONTENT="propter"/>
                  <SP HEIGHT="33" WIDTH="11" VPOS="1394" HPOS="561"/>
                  <String HEIGHT="33"
                          WIDTH="91"
                          VPOS="1394"
                          HPOS="527"
                          CONTENT="quod"/>
                  <SP HEIGHT="33" WIDTH="11" VPOS="1394" HPOS="618"/>
                  <String HEIGHT="33"
                          WIDTH="102"
                          VPOS="1394"
                          HPOS="584"
                          CONTENT="dico."/>
                  <SP HEIGHT="33" WIDTH="11" VPOS="1394" HPOS="686"/>
                  <String HEIGHT="33" WIDTH="57" VPOS="1394" HPOS="652" CONTENT="⁋"/>
                  <SP HEIGHT="33" WIDTH="11" VPOS="1394" HPOS="709"/>
                  <String HEIGHT="33" WIDTH="80" VPOS="1394" HPOS="675" CONTENT="Hic"/>
                  <SP HEIGHT="33" WIDTH="11" VPOS="1394" HPOS="755"/>
                  <String HEIGHT="33"
                          WIDTH="125"
                          VPOS="1394"
                          HPOS="721"
                          CONTENT="secudum"/>
                  <SP HEIGHT="33" WIDTH="11" VPOS="1394" HPOS="846"/>
                  <String HEIGHT="33"
                          WIDTH="114"
                          VPOS="1394"
                          HPOS="812"
                          CONTENT="verbum"/>
                  <SP HEIGHT="33" WIDTH="11" VPOS="1394" HPOS="925"/>
                  <String HEIGHT="33" WIDTH="68" VPOS="1394" HPOS="891" CONTENT="in"/>
                  <SP HEIGHT="33" WIDTH="11" VPOS="1394" HPOS="960"/>
                  <String HEIGHT="33" WIDTH="57" VPOS="1394" HPOS="914" CONTENT="quo"/>
               </TextLine>
               <TextLine ID="r1l95"
                         BASELINE="1460"
                         HEIGHT="44"
                         WIDTH="604"
                         VPOS="1416"
                         HPOS="375">
                  <String HEIGHT="44"
                          WIDTH="105"
                          VPOS="1416"
                          HPOS="363"
                          CONTENT="latet"/>
                  <SP HEIGHT="44" WIDTH="12" VPOS="1416" HPOS="468"/>
                  <String HEIGHT="44"
                          WIDTH="139"
                          VPOS="1416"
                          HPOS="433"
                          CONTENT="calculus"/>
                  <SP HEIGHT="44" WIDTH="12" VPOS="1416" HPOS="572"/>
                  <String HEIGHT="44"
                          WIDTH="105"
                          VPOS="1416"
                          HPOS="538"
                          CONTENT="huius"/>
                  <SP HEIGHT="44" WIDTH="12" VPOS="1416" HPOS="642"/>
                  <String HEIGHT="44"
                          WIDTH="139"
                          VPOS="1416"
                          HPOS="607"
                          CONTENT="secundum"/>
                  <SP HEIGHT="44" WIDTH="12" VPOS="1416" HPOS="747"/>
                  <String HEIGHT="44"
                          WIDTH="116"
                          VPOS="1416"
                          HPOS="712"
                          CONTENT="primum"/>
                  <SP HEIGHT="44" WIDTH="12" VPOS="1416" HPOS="828"/>
                  <String HEIGHT="44"
                          WIDTH="105"
                          VPOS="1416"
                          HPOS="793"
                          CONTENT="modum"/>
                  <SP HEIGHT="44" WIDTH="12" VPOS="1416" HPOS="898"/>
                  <String HEIGHT="44"
                          WIDTH="128"
                          VPOS="1416"
                          HPOS="851"
                          CONTENT="responden"/>
               </TextLine>
               <TextLine ID="r1l97"
                         BASELINE="1485"
                         HEIGHT="38"
                         WIDTH="598"
                         VPOS="1447"
                         HPOS="377">
                  <String HEIGHT="38" WIDTH="66" VPOS="1447" HPOS="366" CONTENT="di"/>
                  <SP HEIGHT="38" WIDTH="11" VPOS="1447" HPOS="432"/>
                  <String HEIGHT="38"
                          WIDTH="89"
                          VPOS="1447"
                          HPOS="399"
                          CONTENT="quod"/>
                  <SP HEIGHT="38" WIDTH="11" VPOS="1447" HPOS="488"/>
                  <String HEIGHT="38"
                          WIDTH="166"
                          VPOS="1447"
                          HPOS="455"
                          CONTENT="aristoteles"/>
                  <SP HEIGHT="38" WIDTH="11" VPOS="1447" HPOS="621"/>
                  <String HEIGHT="38" WIDTH="78" VPOS="1447" HPOS="587" CONTENT="non"/>
                  <SP HEIGHT="38" WIDTH="11" VPOS="1447" HPOS="665"/>
                  <String HEIGHT="38"
                          WIDTH="100"
                          VPOS="1447"
                          HPOS="632"
                          CONTENT="sempe"/>
                  <SP HEIGHT="38" WIDTH="11" VPOS="1447" HPOS="731"/>
                  <String HEIGHT="38"
                          WIDTH="100"
                          VPOS="1447"
                          HPOS="698"
                          CONTENT="fecit"/>
                  <SP HEIGHT="38" WIDTH="11" VPOS="1447" HPOS="798"/>
                  <String HEIGHT="38"
                          WIDTH="100"
                          VPOS="1447"
                          HPOS="765"
                          CONTENT="talia"/>
                  <SP HEIGHT="38" WIDTH="11" VPOS="1447" HPOS="864"/>
                  <String HEIGHT="38"
                          WIDTH="144"
                          VPOS="1447"
                          HPOS="831"
                          CONTENT="argumenta"/>
                  <SP HEIGHT="38" WIDTH="11" VPOS="1447" HPOS="975"/>
                  <String HEIGHT="38" WIDTH="44" VPOS="1447" HPOS="931" CONTENT="in"/>
               </TextLine>
               <TextLine ID="r1l99"
                         BASELINE="1514"
                         HEIGHT="36"
                         WIDTH="602"
                         VPOS="1478"
                         HPOS="378">
                  <String HEIGHT="36"
                          WIDTH="116"
                          VPOS="1478"
                          HPOS="367"
                          CONTENT="talibus"/>
                  <SP HEIGHT="36" WIDTH="11" VPOS="1478" HPOS="484"/>
                  <String HEIGHT="36"
                          WIDTH="127"
                          VPOS="1478"
                          HPOS="452"
                          CONTENT="terminis"/>
                  <SP HEIGHT="36" WIDTH="11" VPOS="1478" HPOS="579"/>
                  <String HEIGHT="36"
                          WIDTH="158"
                          VPOS="1478"
                          HPOS="547"
                          CONTENT="generalibus"/>
                  <SP HEIGHT="36" WIDTH="11" VPOS="1478" HPOS="705"/>
                  <String HEIGHT="36"
                          WIDTH="84"
                          VPOS="1478"
                          HPOS="674"
                          CONTENT="quia"/>
                  <SP HEIGHT="36" WIDTH="11" VPOS="1478" HPOS="758"/>
                  <String HEIGHT="36" WIDTH="63" VPOS="1478" HPOS="727" CONTENT="si"/>
                  <SP HEIGHT="36" WIDTH="11" VPOS="1478" HPOS="790"/>
                  <String HEIGHT="36" WIDTH="63" VPOS="1478" HPOS="758" CONTENT="vt"/>
                  <SP HEIGHT="36" WIDTH="11" VPOS="1478" HPOS="822"/>
                  <String HEIGHT="36"
                          WIDTH="116"
                          VPOS="1478"
                          HPOS="790"
                          CONTENT="pluries"/>
                  <SP HEIGHT="36" WIDTH="11" VPOS="1478" HPOS="906"/>
                  <String HEIGHT="36"
                          WIDTH="95"
                          VPOS="1478"
                          HPOS="874"
                          CONTENT="talis"/>
                  <SP HEIGHT="36" WIDTH="11" VPOS="1478" HPOS="969"/>
                  <String HEIGHT="36" WIDTH="53" VPOS="1478" HPOS="927" CONTENT="for"/>
               </TextLine>
               <TextLine ID="r1l101"
                         BASELINE="1541"
                         HEIGHT="33"
                         WIDTH="599"
                         VPOS="1508"
                         HPOS="378">
                  <String HEIGHT="33" WIDTH="68" VPOS="1508" HPOS="367" CONTENT="ma"/>
                  <SP HEIGHT="33" WIDTH="11" VPOS="1508" HPOS="435"/>
                  <String HEIGHT="33" WIDTH="68" VPOS="1508" HPOS="401" CONTENT="in"/>
                  <SP HEIGHT="33" WIDTH="11" VPOS="1508" HPOS="468"/>
                  <String HEIGHT="33" WIDTH="68" VPOS="1508" HPOS="435" CONTENT="eo"/>
                  <SP HEIGHT="33" WIDTH="11" VPOS="1508" HPOS="502"/>
                  <String HEIGHT="33"
                          WIDTH="158"
                          VPOS="1508"
                          HPOS="468"
                          CONTENT="inueniatur"/>
                  <SP HEIGHT="33" WIDTH="11" VPOS="1508" HPOS="627"/>
                  <String HEIGHT="33"
                          WIDTH="170"
                          VPOS="1508"
                          HPOS="593"
                          CONTENT="ascribendum"/>
                  <SP HEIGHT="33" WIDTH="11" VPOS="1508" HPOS="762"/>
                  <String HEIGHT="33" WIDTH="79" VPOS="1508" HPOS="728" CONTENT="est"/>
                  <SP HEIGHT="33" WIDTH="11" VPOS="1508" HPOS="807"/>
                  <String HEIGHT="33" WIDTH="79" VPOS="1508" HPOS="774" CONTENT="hoc"/>
                  <SP HEIGHT="33" WIDTH="11" VPOS="1508" HPOS="853"/>
                  <String HEIGHT="33"
                          WIDTH="124"
                          VPOS="1508"
                          HPOS="819"
                          CONTENT="defectu"/>
                  <SP HEIGHT="33" WIDTH="11" VPOS="1508" HPOS="943"/>
                  <String HEIGHT="33"
                          WIDTH="79"
                          VPOS="1508"
                          HPOS="898"
                          CONTENT="tran"
                          SUBS_TYPE="HypPart1"
                          SUBS_CONTENT="transtatoris"/>
                  <HYP CONTENT="-"/>
               </TextLine>
               <TextLine ID="r1l103"
                         BASELINE="1573"
                         HEIGHT="40"
                         WIDTH="595"
                         VPOS="1533"
                         HPOS="375">
                  <String HEIGHT="40"
                          WIDTH="132"
                          VPOS="1533"
                          HPOS="364"
                          CONTENT="statoris"
                          SUBS_TYPE="HypPart2"
                          SUBS_CONTENT="transtatoris"/>
                  <SP HEIGHT="40" WIDTH="11" VPOS="1533" HPOS="496"/>
                  <String HEIGHT="40" WIDTH="77" VPOS="1533" HPOS="463" CONTENT="vel"/>
                  <SP HEIGHT="40" WIDTH="11" VPOS="1533" HPOS="540"/>
                  <String HEIGHT="40"
                          WIDTH="187"
                          VPOS="1533"
                          HPOS="507"
                          CONTENT="intelligendum"/>
                  <SP HEIGHT="40" WIDTH="11" VPOS="1533" HPOS="695"/>
                  <String HEIGHT="40" WIDTH="77" VPOS="1533" HPOS="661" CONTENT="est"/>
                  <SP HEIGHT="40" WIDTH="11" VPOS="1533" HPOS="739"/>
                  <String HEIGHT="40"
                          WIDTH="99"
                          VPOS="1533"
                          HPOS="706"
                          CONTENT="sicut"/>
                  <SP HEIGHT="40" WIDTH="11" VPOS="1533" HPOS="805"/>
                  <String HEIGHT="40"
                          WIDTH="99"
                          VPOS="1533"
                          HPOS="772"
                          CONTENT="alias"/>
                  <SP HEIGHT="40" WIDTH="11" VPOS="1533" HPOS="871"/>
                  <String HEIGHT="40"
                          WIDTH="132"
                          VPOS="1533"
                          HPOS="838"
                          CONTENT="exprimit"/>
                  <SP HEIGHT="40" WIDTH="11" VPOS="1533" HPOS="970"/>
                  <String HEIGHT="40" WIDTH="44" VPOS="1533" HPOS="926" CONTENT="se"/>
               </TextLine>
               <TextLine ID="r1l105"
                         BASELINE="1598"
                         HEIGHT="37"
                         WIDTH="600"
                         VPOS="1561"
                         HPOS="377">
                  <String HEIGHT="37"
                          WIDTH="162"
                          VPOS="1561"
                          HPOS="365"
                          CONTENT="frequenter"/>
                  <SP HEIGHT="37" WIDTH="12" VPOS="1561" HPOS="527"/>
                  <String HEIGHT="37"
                          WIDTH="115"
                          VPOS="1561"
                          HPOS="492"
                          CONTENT="quando"/>
                  <SP HEIGHT="37" WIDTH="12" VPOS="1561" HPOS="608"/>
                  <String HEIGHT="37"
                          WIDTH="185"
                          VPOS="1561"
                          HPOS="573"
                          CONTENT="exemplificat"/>
                  <SP HEIGHT="37" WIDTH="12" VPOS="1561" HPOS="758"/>
                  <String HEIGHT="37"
                          WIDTH="150"
                          VPOS="1561"
                          HPOS="723"
                          CONTENT="inltermis"/>
                  <SP HEIGHT="37" WIDTH="12" VPOS="1561" HPOS="873"/>
                  <String HEIGHT="37"
                          WIDTH="150"
                          VPOS="1561"
                          HPOS="827"
                          CONTENT="generalibus"/>
               </TextLine>
               <TextLine ID="r1l107"
                         BASELINE="1628"
                         HEIGHT="38"
                         WIDTH="595"
                         VPOS="1590"
                         HPOS="379">
                  <String HEIGHT="38"
                          WIDTH="116"
                          VPOS="1590"
                          HPOS="366"
                          CONTENT="habet"/>
                  <SP HEIGHT="38" WIDTH="13" VPOS="1590" HPOS="482"/>
                  <String HEIGHT="38"
                          WIDTH="116"
                          VPOS="1590"
                          HPOS="444"
                          CONTENT="istum"/>
                  <SP HEIGHT="38" WIDTH="13" VPOS="1590" HPOS="560"/>
                  <String HEIGHT="38"
                          WIDTH="116"
                          VPOS="1590"
                          HPOS="521"
                          CONTENT="modum"/>
                  <SP HEIGHT="38" WIDTH="13" VPOS="1590" HPOS="638"/>
                  <String HEIGHT="38"
                          WIDTH="155"
                          VPOS="1590"
                          HPOS="599"
                          CONTENT="loquendi"/>
                  <SP HEIGHT="38" WIDTH="13" VPOS="1590" HPOS="754"/>
                  <String HEIGHT="38" WIDTH="91" VPOS="1590" HPOS="715" CONTENT="vel"/>
                  <SP HEIGHT="38" WIDTH="13" VPOS="1590" HPOS="806"/>
                  <String HEIGHT="38"
                          WIDTH="181"
                          VPOS="1590"
                          HPOS="767"
                          CONTENT="equalentem"/>
                  <SP HEIGHT="38" WIDTH="13" VPOS="1590" HPOS="948"/>
                  <String HEIGHT="38"
                          WIDTH="78"
                          VPOS="1590"
                          HPOS="896"
                          CONTENT="omen"/>
               </TextLine>
               <TextLine ID="r1l109"
                         BASELINE="1659"
                         HEIGHT="42"
                         WIDTH="604"
                         VPOS="1617"
                         HPOS="375">
                  <String HEIGHT="42" WIDTH="66" VPOS="1617" HPOS="364" CONTENT="in"/>
                  <SP HEIGHT="42" WIDTH="11" VPOS="1617" HPOS="430"/>
                  <String HEIGHT="42" WIDTH="77" VPOS="1617" HPOS="397" CONTENT="quo"/>
                  <SP HEIGHT="42" WIDTH="11" VPOS="1617" HPOS="474"/>
                  <String HEIGHT="42" WIDTH="66" VPOS="1617" HPOS="441" CONTENT="b."/>
                  <SP HEIGHT="42" WIDTH="11" VPOS="1617" HPOS="507"/>
                  <String HEIGHT="42" WIDTH="66" VPOS="1617" HPOS="474" CONTENT="ei"/>
                  <SP HEIGHT="42" WIDTH="11" VPOS="1617" HPOS="540"/>
                  <String HEIGHT="42" WIDTH="66" VPOS="1617" HPOS="507" CONTENT="in"/>
                  <SP HEIGHT="42" WIDTH="11" VPOS="1617" HPOS="573"/>
                  <String HEIGHT="42" WIDTH="77" VPOS="1617" HPOS="540" CONTENT="quo"/>
                  <SP HEIGHT="42" WIDTH="11" VPOS="1617" HPOS="617"/>
                  <String HEIGHT="42" WIDTH="66" VPOS="1617" HPOS="584" CONTENT="a."/>
                  <SP HEIGHT="42" WIDTH="11" VPOS="1617" HPOS="650"/>
                  <String HEIGHT="42"
                          WIDTH="99"
                          VPOS="1617"
                          HPOS="617"
                          CONTENT="idem."/>
                  <SP HEIGHT="42" WIDTH="11" VPOS="1617" HPOS="715"/>
                  <String HEIGHT="42" WIDTH="77" VPOS="1617" HPOS="682" CONTENT="oem"/>
                  <SP HEIGHT="42" WIDTH="11" VPOS="1617" HPOS="759"/>
                  <String HEIGHT="42" WIDTH="66" VPOS="1617" HPOS="726" CONTENT="in"/>
                  <SP HEIGHT="42" WIDTH="11" VPOS="1617" HPOS="792"/>
                  <String HEIGHT="42" WIDTH="77" VPOS="1617" HPOS="759" CONTENT="quo"/>
                  <SP HEIGHT="42" WIDTH="11" VPOS="1617" HPOS="836"/>
                  <String HEIGHT="42" WIDTH="77" VPOS="1617" HPOS="803" CONTENT=".c."/>
                  <SP HEIGHT="42" WIDTH="11" VPOS="1617" HPOS="880"/>
                  <String HEIGHT="42" WIDTH="66" VPOS="1617" HPOS="847" CONTENT="ei"/>
                  <SP HEIGHT="42" WIDTH="11" VPOS="1617" HPOS="913"/>
                  <String HEIGHT="42" WIDTH="66" VPOS="1617" HPOS="880" CONTENT="in"/>
                  <SP HEIGHT="42" WIDTH="11" VPOS="1617" HPOS="946"/>
                  <String HEIGHT="42"
                          WIDTH="88"
                          VPOS="1617"
                          HPOS="913"
                          CONTENT="quo."/>
                  <SP HEIGHT="42" WIDTH="11" VPOS="1617" HPOS="1001"/>
                  <String HEIGHT="42" WIDTH="22" VPOS="1617" HPOS="957" CONTENT=""/>
               </TextLine>
               <TextLine ID="r1l111"
                         BASELINE="1685"
                         HEIGHT="43"
                         WIDTH="597"
                         VPOS="1642"
                         HPOS="377">
                  <String HEIGHT="43" WIDTH="59" VPOS="1642" HPOS="367" CONTENT="b."/>
                  <SP HEIGHT="43" WIDTH="10" VPOS="1642" HPOS="426"/>
                  <String HEIGHT="43"
                          WIDTH="78"
                          VPOS="1642"
                          HPOS="397"
                          CONTENT="idem"/>
                  <SP HEIGHT="43" WIDTH="10" VPOS="1642" HPOS="475"/>
                  <String HEIGHT="43"
                          WIDTH="98"
                          VPOS="1642"
                          HPOS="446"
                          CONTENT="igitur"/>
                  <SP HEIGHT="43" WIDTH="10" VPOS="1642" HPOS="543"/>
                  <String HEIGHT="43"
                          WIDTH="88"
                          VPOS="1642"
                          HPOS="514"
                          CONTENT="omnen"/>
                  <SP HEIGHT="43" WIDTH="10" VPOS="1642" HPOS="602"/>
                  <String HEIGHT="43" WIDTH="59" VPOS="1642" HPOS="573" CONTENT="in"/>
                  <SP HEIGHT="43" WIDTH="10" VPOS="1642" HPOS="631"/>
                  <String HEIGHT="43" WIDTH="69" VPOS="1642" HPOS="602" CONTENT="quo"/>
                  <SP HEIGHT="43" WIDTH="10" VPOS="1642" HPOS="671"/>
                  <String HEIGHT="43" WIDTH="69" VPOS="1642" HPOS="641" CONTENT=".c."/>
                  <SP HEIGHT="43" WIDTH="10" VPOS="1642" HPOS="710"/>
                  <String HEIGHT="43" WIDTH="59" VPOS="1642" HPOS="680" CONTENT="ei"/>
                  <SP HEIGHT="43" WIDTH="10" VPOS="1642" HPOS="739"/>
                  <String HEIGHT="43" WIDTH="59" VPOS="1642" HPOS="710" CONTENT="in"/>
                  <SP HEIGHT="43" WIDTH="10" VPOS="1642" HPOS="768"/>
                  <String HEIGHT="43" WIDTH="69" VPOS="1642" HPOS="739" CONTENT="quo"/>
                  <SP HEIGHT="43" WIDTH="10" VPOS="1642" HPOS="808"/>
                  <String HEIGHT="43" WIDTH="59" VPOS="1642" HPOS="778" CONTENT="a."/>
                  <SP HEIGHT="43" WIDTH="10" VPOS="1642" HPOS="837"/>
                  <String HEIGHT="43"
                          WIDTH="78"
                          VPOS="1642"
                          HPOS="808"
                          CONTENT="idem"/>
                  <SP HEIGHT="43" WIDTH="10" VPOS="1642" HPOS="886"/>
                  <String HEIGHT="43"
                          WIDTH="78"
                          VPOS="1642"
                          HPOS="857"
                          CONTENT="quod"/>
                  <SP HEIGHT="43" WIDTH="10" VPOS="1642" HPOS="935"/>
                  <String HEIGHT="43" WIDTH="69" VPOS="1642" HPOS="905" CONTENT="est"/>
                  <SP HEIGHT="43" WIDTH="10" VPOS="1642" HPOS="974"/>
                  <String HEIGHT="43" WIDTH="39" VPOS="1642" HPOS="935" CONTENT="di"/>
               </TextLine>
               <TextLine ID="r1l113"
                         BASELINE="1711"
                         HEIGHT="39"
                         WIDTH="606"
                         VPOS="1672"
                         HPOS="377">
                  <String HEIGHT="39"
                          WIDTH="92"
                          VPOS="1672"
                          HPOS="367"
                          CONTENT="ctum."/>
                  <SP HEIGHT="39" WIDTH="10" VPOS="1672" HPOS="459"/>
                  <String HEIGHT="39"
                          WIDTH="82"
                          VPOS="1672"
                          HPOS="428"
                          CONTENT="omne"/>
                  <SP HEIGHT="39" WIDTH="10" VPOS="1672" HPOS="511"/>
                  <String HEIGHT="39"
                          WIDTH="82"
                          VPOS="1672"
                          HPOS="480"
                          CONTENT="idem"/>
                  <SP HEIGHT="39" WIDTH="10" VPOS="1672" HPOS="562"/>
                  <String HEIGHT="39" WIDTH="62" VPOS="1672" HPOS="531" CONTENT="ei"/>
                  <SP HEIGHT="39" WIDTH="10" VPOS="1672" HPOS="593"/>
                  <String HEIGHT="39"
                          WIDTH="82"
                          VPOS="1672"
                          HPOS="562"
                          CONTENT="quod"/>
                  <SP HEIGHT="39" WIDTH="10" VPOS="1672" HPOS="644"/>
                  <String HEIGHT="39" WIDTH="72" VPOS="1672" HPOS="613" CONTENT="est"/>
                  <SP HEIGHT="39" WIDTH="10" VPOS="1672" HPOS="685"/>
                  <String HEIGHT="39" WIDTH="62" VPOS="1672" HPOS="654" CONTENT="b."/>
                  <SP HEIGHT="39" WIDTH="10" VPOS="1672" HPOS="716"/>
                  <String HEIGHT="39" WIDTH="72" VPOS="1672" HPOS="685" CONTENT="est"/>
                  <SP HEIGHT="39" WIDTH="10" VPOS="1672" HPOS="757"/>
                  <String HEIGHT="39"
                          WIDTH="82"
                          VPOS="1672"
                          HPOS="726"
                          CONTENT="idem"/>
                  <SP HEIGHT="39" WIDTH="10" VPOS="1672" HPOS="808"/>
                  <String HEIGHT="39" WIDTH="62" VPOS="1672" HPOS="778" CONTENT="ei"/>
                  <SP HEIGHT="39" WIDTH="10" VPOS="1672" HPOS="839"/>
                  <String HEIGHT="39"
                          WIDTH="82"
                          VPOS="1672"
                          HPOS="808"
                          CONTENT="quod"/>
                  <SP HEIGHT="39" WIDTH="10" VPOS="1672" HPOS="891"/>
                  <String HEIGHT="39" WIDTH="72" VPOS="1672" HPOS="860" CONTENT="est"/>
                  <SP HEIGHT="39" WIDTH="10" VPOS="1672" HPOS="932"/>
                  <String HEIGHT="39" WIDTH="62" VPOS="1672" HPOS="901" CONTENT="a."/>
                  <SP HEIGHT="39" WIDTH="10" VPOS="1672" HPOS="962"/>
                  <String HEIGHT="39" WIDTH="72" VPOS="1672" HPOS="932" CONTENT="sed"/>
                  <SP HEIGHT="39" WIDTH="10" VPOS="1672" HPOS="1004"/>
                  <String HEIGHT="39" WIDTH="21" VPOS="1672" HPOS="962" CONTENT=""/>
               </TextLine>
               <TextLine ID="r1l115"
                         BASELINE="1739"
                         HEIGHT="34"
                         WIDTH="600"
                         VPOS="1705"
                         HPOS="381">
                  <String HEIGHT="34"
                          WIDTH="79"
                          VPOS="1705"
                          HPOS="371"
                          CONTENT="omen"/>
                  <SP HEIGHT="34" WIDTH="10" VPOS="1705" HPOS="450"/>
                  <String HEIGHT="34"
                          WIDTH="79"
                          VPOS="1705"
                          HPOS="420"
                          CONTENT="idem"/>
                  <SP HEIGHT="34" WIDTH="10" VPOS="1705" HPOS="499"/>
                  <String HEIGHT="34" WIDTH="59" VPOS="1705" HPOS="470" CONTENT="ei"/>
                  <SP HEIGHT="34" WIDTH="10" VPOS="1705" HPOS="529"/>
                  <String HEIGHT="34"
                          WIDTH="79"
                          VPOS="1705"
                          HPOS="499"
                          CONTENT="quod"/>
                  <SP HEIGHT="34" WIDTH="10" VPOS="1705" HPOS="578"/>
                  <String HEIGHT="34" WIDTH="69" VPOS="1705" HPOS="548" CONTENT="est"/>
                  <SP HEIGHT="34" WIDTH="10" VPOS="1705" HPOS="617"/>
                  <String HEIGHT="34" WIDTH="69" VPOS="1705" HPOS="588" CONTENT=".c."/>
                  <SP HEIGHT="34" WIDTH="10" VPOS="1705" HPOS="656"/>
                  <String HEIGHT="34" WIDTH="69" VPOS="1705" HPOS="627" CONTENT="est"/>
                  <SP HEIGHT="34" WIDTH="10" VPOS="1705" HPOS="696"/>
                  <String HEIGHT="34"
                          WIDTH="79"
                          VPOS="1705"
                          HPOS="666"
                          CONTENT="idem"/>
                  <SP HEIGHT="34" WIDTH="10" VPOS="1705" HPOS="745"/>
                  <String HEIGHT="34" WIDTH="59" VPOS="1705" HPOS="715" CONTENT="ei"/>
                  <SP HEIGHT="34" WIDTH="10" VPOS="1705" HPOS="774"/>
                  <String HEIGHT="34"
                          WIDTH="79"
                          VPOS="1705"
                          HPOS="745"
                          CONTENT="quod"/>
                  <SP HEIGHT="34" WIDTH="10" VPOS="1705" HPOS="824"/>
                  <String HEIGHT="34" WIDTH="69" VPOS="1705" HPOS="794" CONTENT="est"/>
                  <SP HEIGHT="34" WIDTH="10" VPOS="1705" HPOS="863"/>
                  <String HEIGHT="34" WIDTH="59" VPOS="1705" HPOS="833" CONTENT="b."/>
                  <SP HEIGHT="34" WIDTH="10" VPOS="1705" HPOS="892"/>
                  <String HEIGHT="34"
                          WIDTH="98"
                          VPOS="1705"
                          HPOS="863"
                          CONTENT="igitur"/>
                  <SP HEIGHT="34" WIDTH="10" VPOS="1705" HPOS="961"/>
                  <String HEIGHT="34"
                          WIDTH="59"
                          VPOS="1705"
                          HPOS="922"
                          CONTENT="omne"/>
               </TextLine>
               <TextLine ID="r1l117"
                         BASELINE="1768"
                         HEIGHT="34"
                         WIDTH="591"
                         VPOS="1734"
                         HPOS="388">
                  <String HEIGHT="34"
                          WIDTH="75"
                          VPOS="1734"
                          HPOS="379"
                          CONTENT="idem"/>
                  <SP HEIGHT="34" WIDTH="9" VPOS="1734" HPOS="454"/>
                  <String HEIGHT="34" WIDTH="56" VPOS="1734" HPOS="426" CONTENT="ei"/>
                  <SP HEIGHT="34" WIDTH="9" VPOS="1734" HPOS="482"/>
                  <String HEIGHT="34"
                          WIDTH="75"
                          VPOS="1734"
                          HPOS="454"
                          CONTENT="quod"/>
                  <SP HEIGHT="34" WIDTH="9" VPOS="1734" HPOS="529"/>
                  <String HEIGHT="34" WIDTH="66" VPOS="1734" HPOS="501" CONTENT="est"/>
                  <SP HEIGHT="34" WIDTH="9" VPOS="1734" HPOS="566"/>
                  <String HEIGHT="34" WIDTH="66" VPOS="1734" HPOS="538" CONTENT=".c."/>
                  <SP HEIGHT="34" WIDTH="9" VPOS="1734" HPOS="604"/>
                  <String HEIGHT="34" WIDTH="66" VPOS="1734" HPOS="576" CONTENT="est"/>
                  <SP HEIGHT="34" WIDTH="9" VPOS="1734" HPOS="641"/>
                  <String HEIGHT="34"
                          WIDTH="75"
                          VPOS="1734"
                          HPOS="613"
                          CONTENT="idem"/>
                  <SP HEIGHT="34" WIDTH="9" VPOS="1734" HPOS="688"/>
                  <String HEIGHT="34" WIDTH="56" VPOS="1734" HPOS="660" CONTENT="ei"/>
                  <SP HEIGHT="34" WIDTH="9" VPOS="1734" HPOS="716"/>
                  <String HEIGHT="34"
                          WIDTH="75"
                          VPOS="1734"
                          HPOS="688"
                          CONTENT="quod"/>
                  <SP HEIGHT="34" WIDTH="9" VPOS="1734" HPOS="763"/>
                  <String HEIGHT="34" WIDTH="66" VPOS="1734" HPOS="735" CONTENT="est"/>
                  <SP HEIGHT="34" WIDTH="9" VPOS="1734" HPOS="801"/>
                  <String HEIGHT="34" WIDTH="56" VPOS="1734" HPOS="773" CONTENT="a."/>
                  <SP HEIGHT="34" WIDTH="9" VPOS="1734" HPOS="829"/>
                  <String HEIGHT="34" WIDTH="66" VPOS="1734" HPOS="801" CONTENT="vel"/>
                  <SP HEIGHT="34" WIDTH="9" VPOS="1734" HPOS="866"/>
                  <String HEIGHT="34"
                          WIDTH="131"
                          VPOS="1734"
                          HPOS="838"
                          CONTENT="simplicius"/>
                  <SP HEIGHT="34" WIDTH="9" VPOS="1734" HPOS="970"/>
                  <String HEIGHT="34" WIDTH="47" VPOS="1734" HPOS="932" CONTENT="sic"/>
               </TextLine>
               <TextLine ID="r1l119"
                         BASELINE="1798"
                         HEIGHT="40"
                         WIDTH="596"
                         VPOS="1758"
                         HPOS="387">
                  <String HEIGHT="40"
                          WIDTH="79"
                          VPOS="1758"
                          HPOS="377"
                          CONTENT="omne"/>
                  <SP HEIGHT="40" WIDTH="10" VPOS="1758" HPOS="457"/>
                  <String HEIGHT="40"
                          WIDTH="89"
                          VPOS="1758"
                          HPOS="427"
                          CONTENT="idem."/>
                  <SP HEIGHT="40" WIDTH="10" VPOS="1758" HPOS="516"/>
                  <String HEIGHT="40" WIDTH="60" VPOS="1758" HPOS="486" CONTENT="b."/>
                  <SP HEIGHT="40" WIDTH="10" VPOS="1758" HPOS="546"/>
                  <String HEIGHT="40" WIDTH="70" VPOS="1758" HPOS="516" CONTENT="est"/>
                  <SP HEIGHT="40" WIDTH="10" VPOS="1758" HPOS="586"/>
                  <String HEIGHT="40"
                          WIDTH="79"
                          VPOS="1758"
                          HPOS="556"
                          CONTENT="idem"/>
                  <SP HEIGHT="40" WIDTH="10" VPOS="1758" HPOS="635"/>
                  <String HEIGHT="40" WIDTH="60" VPOS="1758" HPOS="606" CONTENT="a."/>
                  <SP HEIGHT="40" WIDTH="10" VPOS="1758" HPOS="665"/>
                  <String HEIGHT="40"
                          WIDTH="89"
                          VPOS="1758"
                          HPOS="635"
                          CONTENT="omnem"/>
                  <SP HEIGHT="40" WIDTH="10" VPOS="1758" HPOS="725"/>
                  <String HEIGHT="40"
                          WIDTH="79"
                          VPOS="1758"
                          HPOS="695"
                          CONTENT="idem"/>
                  <SP HEIGHT="40" WIDTH="10" VPOS="1758" HPOS="774"/>
                  <String HEIGHT="40" WIDTH="50" VPOS="1758" HPOS="745" CONTENT="."/>
                  <SP HEIGHT="40" WIDTH="10" VPOS="1758" HPOS="794"/>
                  <String HEIGHT="40" WIDTH="60" VPOS="1758" HPOS="764" CONTENT="c."/>
                  <SP HEIGHT="40" WIDTH="10" VPOS="1758" HPOS="824"/>
                  <String HEIGHT="40" WIDTH="70" VPOS="1758" HPOS="794" CONTENT="est"/>
                  <SP HEIGHT="40" WIDTH="10" VPOS="1758" HPOS="864"/>
                  <String HEIGHT="40"
                          WIDTH="79"
                          VPOS="1758"
                          HPOS="834"
                          CONTENT="idem"/>
                  <SP HEIGHT="40" WIDTH="10" VPOS="1758" HPOS="913"/>
                  <String HEIGHT="40" WIDTH="60" VPOS="1758" HPOS="884" CONTENT="b."/>
                  <SP HEIGHT="40" WIDTH="10" VPOS="1758" HPOS="943"/>
                  <String HEIGHT="40"
                          WIDTH="79"
                          VPOS="1758"
                          HPOS="904"
                          CONTENT="igitur"/>
               </TextLine>
               <TextLine ID="r1l121"
                         BASELINE="1824"
                         HEIGHT="35"
                         WIDTH="592"
                         VPOS="1789"
                         HPOS="382">
                  <String HEIGHT="35"
                          WIDTH="79"
                          VPOS="1789"
                          HPOS="372"
                          CONTENT="omne"/>
                  <SP HEIGHT="35" WIDTH="10" VPOS="1789" HPOS="451"/>
                  <String HEIGHT="35"
                          WIDTH="79"
                          VPOS="1789"
                          HPOS="421"
                          CONTENT="idem"/>
                  <SP HEIGHT="35" WIDTH="10" VPOS="1789" HPOS="500"/>
                  <String HEIGHT="35" WIDTH="69" VPOS="1789" HPOS="471" CONTENT=".c."/>
                  <SP HEIGHT="35" WIDTH="10" VPOS="1789" HPOS="540"/>
                  <String HEIGHT="35" WIDTH="69" VPOS="1789" HPOS="510" CONTENT="est"/>
                  <SP HEIGHT="35" WIDTH="10" VPOS="1789" HPOS="579"/>
                  <String HEIGHT="35"
                          WIDTH="89"
                          VPOS="1789"
                          HPOS="550"
                          CONTENT="idem."/>
                  <SP HEIGHT="35" WIDTH="10" VPOS="1789" HPOS="639"/>
                  <String HEIGHT="35" WIDTH="59" VPOS="1789" HPOS="609" CONTENT="a."/>
                  <SP HEIGHT="35" WIDTH="10" VPOS="1789" HPOS="668"/>
                  <String HEIGHT="35" WIDTH="59" VPOS="1789" HPOS="639" CONTENT="et"/>
                  <SP HEIGHT="35" WIDTH="10" VPOS="1789" HPOS="698"/>
                  <String HEIGHT="35" WIDTH="69" VPOS="1789" HPOS="668" CONTENT="ita"/>
                  <SP HEIGHT="35" WIDTH="10" VPOS="1789" HPOS="737"/>
                  <String HEIGHT="35"
                          WIDTH="158"
                          VPOS="1789"
                          HPOS="708"
                          CONTENT="consequenter"/>
                  <SP HEIGHT="35" WIDTH="10" VPOS="1789" HPOS="865"/>
                  <String HEIGHT="35" WIDTH="59" VPOS="1789" HPOS="836" CONTENT="de"/>
                  <SP HEIGHT="35" WIDTH="10" VPOS="1789" HPOS="895"/>
                  <String HEIGHT="35"
                          WIDTH="109"
                          VPOS="1789"
                          HPOS="865"
                          CONTENT="omnibus"/>
                  <SP HEIGHT="35" WIDTH="10" VPOS="1789" HPOS="974"/>
                  <String HEIGHT="35" WIDTH="39" VPOS="1789" HPOS="935" CONTENT="re"/>
               </TextLine>
               <TextLine ID="r1l123"
                         BASELINE="1854"
                         HEIGHT="33"
                         WIDTH="601"
                         VPOS="1821"
                         HPOS="382">
                  <String HEIGHT="33"
                          WIDTH="109"
                          VPOS="1821"
                          HPOS="371"
                          CONTENT="spectu"/>
                  <SP HEIGHT="33" WIDTH="11" VPOS="1821" HPOS="480"/>
                  <String HEIGHT="33"
                          WIDTH="109"
                          VPOS="1821"
                          HPOS="448"
                          CONTENT="omnium"/>
                  <SP HEIGHT="33" WIDTH="11" VPOS="1821" HPOS="557"/>
                  <String HEIGHT="33"
                          WIDTH="142"
                          VPOS="1821"
                          HPOS="524"
                          CONTENT="figurarum"/>
                  <SP HEIGHT="33" WIDTH="11" VPOS="1821" HPOS="666"/>
                  <String HEIGHT="33" WIDTH="66" VPOS="1821" HPOS="633" CONTENT="et"/>
                  <SP HEIGHT="33" WIDTH="11" VPOS="1821" HPOS="699"/>
                  <String HEIGHT="33"
                          WIDTH="98"
                          VPOS="1821"
                          HPOS="666"
                          CONTENT="talis"/>
                  <SP HEIGHT="33" WIDTH="11" VPOS="1821" HPOS="764"/>
                  <String HEIGHT="33"
                          WIDTH="98"
                          VPOS="1821"
                          HPOS="732"
                          CONTENT="forma"/>
                  <SP HEIGHT="33" WIDTH="11" VPOS="1821" HPOS="830"/>
                  <String HEIGHT="33" WIDTH="76" VPOS="1821" HPOS="797" CONTENT="non"/>
                  <SP HEIGHT="33" WIDTH="11" VPOS="1821" HPOS="874"/>
                  <String HEIGHT="33"
                          WIDTH="98"
                          VPOS="1821"
                          HPOS="841"
                          CONTENT="capit"/>
                  <SP HEIGHT="33" WIDTH="11" VPOS="1821" HPOS="939"/>
                  <String HEIGHT="33"
                          WIDTH="87"
                          VPOS="1821"
                          HPOS="896"
                          CONTENT="instan"/>
               </TextLine>
               <TextLine ID="r1l125"
                         BASELINE="1883"
                         HEIGHT="34"
                         WIDTH="602"
                         VPOS="1849"
                         HPOS="383">
                  <String HEIGHT="34"
                          WIDTH="92"
                          VPOS="1849"
                          HPOS="373"
                          CONTENT="tiam."/>
                  <SP HEIGHT="34" WIDTH="10" VPOS="1849" HPOS="465"/>
                  <String HEIGHT="34" WIDTH="51" VPOS="1849" HPOS="434" CONTENT="⁋"/>
                  <SP HEIGHT="34" WIDTH="10" VPOS="1849" HPOS="485"/>
                  <String HEIGHT="34" WIDTH="61" VPOS="1849" HPOS="454" CONTENT="Et"/>
                  <SP HEIGHT="34" WIDTH="10" VPOS="1849" HPOS="516"/>
                  <String HEIGHT="34"
                          WIDTH="82"
                          VPOS="1849"
                          HPOS="485"
                          CONTENT="ideo"/>
                  <SP HEIGHT="34" WIDTH="10" VPOS="1849" HPOS="567"/>
                  <String HEIGHT="34"
                          WIDTH="122"
                          VPOS="1849"
                          HPOS="536"
                          CONTENT="vlterius"/>
                  <SP HEIGHT="34" WIDTH="10" VPOS="1849" HPOS="658"/>
                  <String HEIGHT="34"
                          WIDTH="92"
                          VPOS="1849"
                          HPOS="628"
                          CONTENT="esset"/>
                  <SP HEIGHT="34" WIDTH="10" VPOS="1849" HPOS="720"/>
                  <String HEIGHT="34"
                          WIDTH="122"
                          VPOS="1849"
                          HPOS="689"
                          CONTENT="dicendum"/>
                  <SP HEIGHT="34" WIDTH="10" VPOS="1849" HPOS="812"/>
                  <String HEIGHT="34"
                          WIDTH="82"
                          VPOS="1849"
                          HPOS="781"
                          CONTENT="quod"/>
                  <SP HEIGHT="34" WIDTH="10" VPOS="1849" HPOS="863"/>
                  <String HEIGHT="34"
                          WIDTH="133"
                          VPOS="1849"
                          HPOS="832"
                          CONTENT="vbicumque"/>
                  <SP HEIGHT="34" WIDTH="10" VPOS="1849" HPOS="965"/>
                  <String HEIGHT="34"
                          WIDTH="61"
                          VPOS="1849"
                          HPOS="924"
                          CONTENT="ter"
                          SUBS_TYPE="HypPart1"
                          SUBS_CONTENT="termini"/>
                  <HYP CONTENT="-"/>
               </TextLine>
               <TextLine ID="r1l127"
                         BASELINE="1913"
                         HEIGHT="39"
                         WIDTH="596"
                         VPOS="1874"
                         HPOS="385">
                  <String HEIGHT="39"
                          WIDTH="93"
                          VPOS="1874"
                          HPOS="373"
                          CONTENT="mini"
                          SUBS_TYPE="HypPart2"
                          SUBS_CONTENT="termini"/>
                  <SP HEIGHT="39" WIDTH="12" VPOS="1874" HPOS="467"/>
                  <String HEIGHT="39"
                          WIDTH="152"
                          VPOS="1874"
                          HPOS="432"
                          CONTENT="simplices"/>
                  <SP HEIGHT="39" WIDTH="12" VPOS="1874" HPOS="584"/>
                  <String HEIGHT="39"
                          WIDTH="140"
                          VPOS="1874"
                          HPOS="549"
                          CONTENT="equalent"/>
                  <SP HEIGHT="39" WIDTH="12" VPOS="1874" HPOS="689"/>
                  <String HEIGHT="39"
                          WIDTH="140"
                          VPOS="1874"
                          HPOS="654"
                          CONTENT="terminis"/>
                  <SP HEIGHT="39" WIDTH="12" VPOS="1874" HPOS="794"/>
                  <String HEIGHT="39"
                          WIDTH="129"
                          VPOS="1874"
                          HPOS="759"
                          CONTENT="talitur"/>
                  <SP HEIGHT="39" WIDTH="12" VPOS="1874" HPOS="888"/>
                  <String HEIGHT="39"
                          WIDTH="140"
                          VPOS="1874"
                          HPOS="841"
                          CONTENT="circumlocu"/>
               </TextLine>
               <TextLine ID="r1l129"
                         BASELINE="1940"
                         HEIGHT="35"
                         WIDTH="598"
                         VPOS="1905"
                         HPOS="389">
                  <String HEIGHT="35" WIDTH="76" VPOS="1905" HPOS="378" CONTENT="tis"/>
                  <SP HEIGHT="35" WIDTH="11" VPOS="1905" HPOS="454"/>
                  <String HEIGHT="35"
                          WIDTH="120"
                          VPOS="1905"
                          HPOS="422"
                          CONTENT="valeret"/>
                  <SP HEIGHT="35" WIDTH="11" VPOS="1905" HPOS="541"/>
                  <String HEIGHT="35"
                          WIDTH="120"
                          VPOS="1905"
                          HPOS="509"
                          CONTENT="illatio"/>
                  <SP HEIGHT="35" WIDTH="11" VPOS="1905" HPOS="628"/>
                  <String HEIGHT="35" WIDTH="65" VPOS="1905" HPOS="596" CONTENT="in"/>
                  <SP HEIGHT="35" WIDTH="11" VPOS="1905" HPOS="661"/>
                  <String HEIGHT="35"
                          WIDTH="120"
                          VPOS="1905"
                          HPOS="628"
                          CONTENT="talibus"/>
                  <SP HEIGHT="35" WIDTH="11" VPOS="1905" HPOS="748"/>
                  <String HEIGHT="35"
                          WIDTH="130"
                          VPOS="1905"
                          HPOS="715"
                          CONTENT="terminis"/>
                  <SP HEIGHT="35" WIDTH="11" VPOS="1905" HPOS="846"/>
                  <String HEIGHT="35"
                          WIDTH="163"
                          VPOS="1905"
                          HPOS="813"
                          CONTENT="simplicibus"/>
                  <SP HEIGHT="35" WIDTH="11" VPOS="1905" HPOS="976"/>
                  <String HEIGHT="35"
                          WIDTH="54"
                          VPOS="1905"
                          HPOS="933"
                          CONTENT="si"
                          SUBS_TYPE="HypPart1"
                          SUBS_CONTENT="sine"/>
                  <HYP CONTENT="-"/>
               </TextLine>
               <TextLine ID="r1l131"
                         BASELINE="1966"
                         HEIGHT="38"
                         WIDTH="598"
                         VPOS="1928"
                         HPOS="385">
                  <String HEIGHT="38"
                          WIDTH="75"
                          VPOS="1928"
                          HPOS="373"
                          CONTENT="ne"
                          SUBS_TYPE="HypPart2"
                          SUBS_CONTENT="sine"/>
                  <SP HEIGHT="38" WIDTH="12" VPOS="1928" HPOS="447"/>
                  <String HEIGHT="38"
                          WIDTH="237"
                          VPOS="1928"
                          HPOS="410"
                          CONTENT="circumlocutione"/>
                  <SP HEIGHT="38" WIDTH="12" VPOS="1928" HPOS="647"/>
                  <String HEIGHT="38" WIDTH="75" VPOS="1928" HPOS="609" CONTENT="et"/>
                  <SP HEIGHT="38" WIDTH="12" VPOS="1928" HPOS="684"/>
                  <String HEIGHT="38" WIDTH="87" VPOS="1928" HPOS="647" CONTENT="vbi"/>
                  <SP HEIGHT="38" WIDTH="12" VPOS="1928" HPOS="734"/>
                  <String HEIGHT="38"
                          WIDTH="100"
                          VPOS="1928"
                          HPOS="696"
                          CONTENT="non."/>
                  <SP HEIGHT="38" WIDTH="12" VPOS="1928" HPOS="796"/>
                  <String HEIGHT="38" WIDTH="87" VPOS="1928" HPOS="759" CONTENT="hoc"/>
                  <SP HEIGHT="38" WIDTH="12" VPOS="1928" HPOS="846"/>
                  <String HEIGHT="38"
                          WIDTH="125"
                          VPOS="1928"
                          HPOS="809"
                          CONTENT="semper"/>
                  <SP HEIGHT="38" WIDTH="12" VPOS="1928" HPOS="933"/>
                  <String HEIGHT="38"
                          WIDTH="100"
                          VPOS="1928"
                          HPOS="883"
                          CONTENT="memori"/>
               </TextLine>
               <TextLine ID="r1l133"
                         BASELINE="1997"
                         HEIGHT="35"
                         WIDTH="588"
                         VPOS="1962"
                         HPOS="391">
                  <String HEIGHT="35" WIDTH="69" VPOS="1962" HPOS="381" CONTENT="ter"/>
                  <SP HEIGHT="35" WIDTH="10" VPOS="1962" HPOS="450"/>
                  <String HEIGHT="35"
                          WIDTH="98"
                          VPOS="1962"
                          HPOS="420"
                          CONTENT="habito"/>
                  <SP HEIGHT="35" WIDTH="10" VPOS="1962" HPOS="518"/>
                  <String HEIGHT="35" WIDTH="69" VPOS="1962" HPOS="489" CONTENT="pro"/>
                  <SP HEIGHT="35" WIDTH="10" VPOS="1962" HPOS="558"/>
                  <String HEIGHT="35"
                          WIDTH="98"
                          VPOS="1962"
                          HPOS="528"
                          CONTENT="regula"/>
                  <SP HEIGHT="35" WIDTH="10" VPOS="1962" HPOS="626"/>
                  <String HEIGHT="35"
                          WIDTH="78"
                          VPOS="1962"
                          HPOS="597"
                          CONTENT="quod"/>
                  <SP HEIGHT="35" WIDTH="10" VPOS="1962" HPOS="675"/>
                  <String HEIGHT="35" WIDTH="59" VPOS="1962" HPOS="646" CONTENT="si"/>
                  <SP HEIGHT="35" WIDTH="10" VPOS="1962" HPOS="705"/>
                  <String HEIGHT="35" WIDTH="69" VPOS="1962" HPOS="675" CONTENT="per"/>
                  <SP HEIGHT="35" WIDTH="10" VPOS="1962" HPOS="744"/>
                  <String HEIGHT="35"
                          WIDTH="108"
                          VPOS="1962"
                          HPOS="714"
                          CONTENT="maionem"/>
                  <SP HEIGHT="35" WIDTH="10" VPOS="1962" HPOS="822"/>
                  <String HEIGHT="35"
                          WIDTH="127"
                          VPOS="1962"
                          HPOS="793"
                          CONTENT="denotetur"/>
                  <SP HEIGHT="35" WIDTH="10" VPOS="1962" HPOS="920"/>
                  <String HEIGHT="35"
                          WIDTH="78"
                          VPOS="1962"
                          HPOS="891"
                          CONTENT="quod"/>
                  <SP HEIGHT="35" WIDTH="10" VPOS="1962" HPOS="969"/>
                  <String HEIGHT="35" WIDTH="49" VPOS="1962" HPOS="930" CONTENT="cui"/>
               </TextLine>
               <TextLine ID="r1l135"
                         BASELINE="2028"
                         HEIGHT="43"
                         WIDTH="594"
                         VPOS="1985"
                         HPOS="387">
                  <String HEIGHT="43"
                          WIDTH="104"
                          VPOS="1985"
                          HPOS="377"
                          CONTENT="cumque"/>
                  <SP HEIGHT="43" WIDTH="10" VPOS="1985" HPOS="481"/>
                  <String HEIGHT="43"
                          WIDTH="135"
                          VPOS="1985"
                          HPOS="450"
                          CONTENT="conueniat"/>
                  <SP HEIGHT="43" WIDTH="10" VPOS="1985" HPOS="585"/>
                  <String HEIGHT="43"
                          WIDTH="135"
                          VPOS="1985"
                          HPOS="554"
                          CONTENT="subiectum"/>
                  <SP HEIGHT="43" WIDTH="10" VPOS="1985" HPOS="689"/>
                  <String HEIGHT="43"
                          WIDTH="135"
                          VPOS="1985"
                          HPOS="658"
                          CONTENT="conueniat"/>
                  <SP HEIGHT="43" WIDTH="10" VPOS="1985" HPOS="793"/>
                  <String HEIGHT="43" WIDTH="63" VPOS="1985" HPOS="762" CONTENT="et"/>
                  <SP HEIGHT="43" WIDTH="10" VPOS="1985" HPOS="825"/>
                  <String HEIGHT="43"
                          WIDTH="156"
                          VPOS="1985"
                          HPOS="793"
                          CONTENT="praedicatum"/>
                  <SP HEIGHT="43" WIDTH="10" VPOS="1985" HPOS="950"/>
                  <String HEIGHT="43" WIDTH="63" VPOS="1985" HPOS="918" CONTENT="et"/>
                  <SP HEIGHT="43" WIDTH="10" VPOS="1985" HPOS="981"/>
                  <String HEIGHT="43" WIDTH="42" VPOS="1985" HPOS="939" CONTENT="be"/>
               </TextLine>
               <TextLine ID="r1l138"
                         BASELINE="2048"
                         HEIGHT="29"
                         WIDTH="544"
                         VPOS="2019"
                         HPOS="393">
                  <String HEIGHT="29" WIDTH="76" VPOS="2019" HPOS="380" CONTENT="ne"/>
                  <SP HEIGHT="29" WIDTH="13" VPOS="2019" HPOS="456"/>
                  <String HEIGHT="29"
                          WIDTH="139"
                          VPOS="2019"
                          HPOS="418"
                          CONTENT="sumatur"/>
                  <SP HEIGHT="29" WIDTH="13" VPOS="2019" HPOS="557"/>
                  <String HEIGHT="29" WIDTH="89" VPOS="2019" HPOS="520" CONTENT="sub"/>
                  <SP HEIGHT="29" WIDTH="13" VPOS="2019" HPOS="608"/>
                  <String HEIGHT="29" WIDTH="89" VPOS="2019" HPOS="570" CONTENT="suo"/>
                  <SP HEIGHT="29" WIDTH="13" VPOS="2019" HPOS="659"/>
                  <String HEIGHT="29"
                          WIDTH="101"
                          VPOS="2019"
                          HPOS="621"
                          CONTENT="modo"/>
                  <SP HEIGHT="29" WIDTH="13" VPOS="2019" HPOS="722"/>
                  <String HEIGHT="29"
                          WIDTH="114"
                          VPOS="2019"
                          HPOS="684"
                          CONTENT="etiam"/>
                  <SP HEIGHT="29" WIDTH="13" VPOS="2019" HPOS="798"/>
                  <String HEIGHT="29" WIDTH="76" VPOS="2019" HPOS="760" CONTENT="de"/>
                  <SP HEIGHT="29" WIDTH="13" VPOS="2019" HPOS="836"/>
                  <String HEIGHT="29"
                          WIDTH="152"
                          VPOS="2019"
                          HPOS="785"
                          CONTENT="negatiuis."/>
               </TextLine>
               <TextLine ID="r1l141"
                         BASELINE="2083"
                         HEIGHT="52"
                         WIDTH="591"
                         VPOS="2031"
                         HPOS="394">
                  <String HEIGHT="52" WIDTH="54" VPOS="2031" HPOS="383" CONTENT="⁋"/>
                  <SP HEIGHT="52" WIDTH="11" VPOS="2031" HPOS="437"/>
                  <String HEIGHT="52"
                          WIDTH="97"
                          VPOS="2031"
                          HPOS="405"
                          CONTENT="Exhis"/>
                  <SP HEIGHT="52" WIDTH="11" VPOS="2031" HPOS="501"/>
                  <String HEIGHT="52"
                          WIDTH="97"
                          VPOS="2031"
                          HPOS="469"
                          CONTENT="patet"/>
                  <SP HEIGHT="52" WIDTH="11" VPOS="2031" HPOS="566"/>
                  <String HEIGHT="52"
                          WIDTH="86"
                          VPOS="2031"
                          HPOS="534"
                          CONTENT="quod"/>
                  <SP HEIGHT="52" WIDTH="11" VPOS="2031" HPOS="620"/>
                  <String HEIGHT="52"
                          WIDTH="97"
                          VPOS="2031"
                          HPOS="587"
                          CONTENT="licet"/>
                  <SP HEIGHT="52" WIDTH="11" VPOS="2031" HPOS="684"/>
                  <String HEIGHT="52"
                          WIDTH="97"
                          VPOS="2031"
                          HPOS="652"
                          CONTENT="omnis"/>
                  <SP HEIGHT="52" WIDTH="11" VPOS="2031" HPOS="749"/>
                  <String HEIGHT="52"
                          WIDTH="161"
                          VPOS="2031"
                          HPOS="716"
                          CONTENT="affirmatiua"/>
                  <SP HEIGHT="52" WIDTH="11" VPOS="2031" HPOS="878"/>
                  <String HEIGHT="52"
                          WIDTH="150"
                          VPOS="2031"
                          HPOS="835"
                          CONTENT="simplicitur."/>
               </TextLine>
               <TextLine ID="r1l144"
                         BASELINE="2109"
                         HEIGHT="36"
                         WIDTH="592"
                         VPOS="2073"
                         HPOS="389">
                  <String HEIGHT="36"
                          WIDTH="185"
                          VPOS="2073"
                          HPOS="377"
                          CONTENT="vniuersalis"/>
                  <SP HEIGHT="36" WIDTH="12" VPOS="2073" HPOS="562"/>
                  <String HEIGHT="36" WIDTH="74" VPOS="2073" HPOS="525" CONTENT="et"/>
                  <SP HEIGHT="36" WIDTH="12" VPOS="2073" HPOS="599"/>
                  <String HEIGHT="36" WIDTH="74" VPOS="2073" HPOS="562" CONTENT="de"/>
                  <SP HEIGHT="36" WIDTH="12" VPOS="2073" HPOS="636"/>
                  <String HEIGHT="36"
                          WIDTH="99"
                          VPOS="2073"
                          HPOS="599"
                          CONTENT="omni"/>
                  <SP HEIGHT="36" WIDTH="12" VPOS="2073" HPOS="697"/>
                  <String HEIGHT="36"
                          WIDTH="136"
                          VPOS="2073"
                          HPOS="660"
                          CONTENT="inferat"/>
                  <SP HEIGHT="36" WIDTH="12" VPOS="2073" HPOS="796"/>
                  <String HEIGHT="36"
                          WIDTH="173"
                          VPOS="2073"
                          HPOS="759"
                          CONTENT="exclusiuam"/>
                  <SP HEIGHT="36" WIDTH="12" VPOS="2073" HPOS="932"/>
                  <String HEIGHT="36" WIDTH="74" VPOS="2073" HPOS="895" CONTENT="de"/>
                  <SP HEIGHT="36" WIDTH="12" VPOS="2073" HPOS="969"/>
                  <String HEIGHT="36" WIDTH="62" VPOS="2073" HPOS="919" CONTENT="ter"/>
               </TextLine>
               <TextLine ID="line_1612382281486_684"
                         BASELINE="2139"
                         HEIGHT="43"
                         WIDTH="615"
                         VPOS="2096"
                         HPOS="376">
                  <String HEIGHT="43"
                          WIDTH="85"
                          VPOS="2096"
                          HPOS="367"
                          CONTENT="minis"/>
                  <SP HEIGHT="43" WIDTH="9" VPOS="2096" HPOS="452"/>
                  <String HEIGHT="43"
                          WIDTH="151"
                          VPOS="2096"
                          HPOS="423"
                          CONTENT="transpositis"/>
                  <SP HEIGHT="43" WIDTH="9" VPOS="2096" HPOS="575"/>
                  <String HEIGHT="43"
                          WIDTH="85"
                          VPOS="2096"
                          HPOS="546"
                          CONTENT="tamen"/>
                  <SP HEIGHT="43" WIDTH="9" VPOS="2096" HPOS="631"/>
                  <String HEIGHT="43"
                          WIDTH="76"
                          VPOS="2096"
                          HPOS="603"
                          CONTENT="ista"/>
                  <SP HEIGHT="43" WIDTH="9" VPOS="2096" HPOS="679"/>
                  <String HEIGHT="43"
                          WIDTH="151"
                          VPOS="2096"
                          HPOS="650"
                          CONTENT="consequentia"/>
                  <SP HEIGHT="43" WIDTH="9" VPOS="2096" HPOS="802"/>
                  <String HEIGHT="43" WIDTH="66" VPOS="2096" HPOS="773" CONTENT="non"/>
                  <SP HEIGHT="43" WIDTH="9" VPOS="2096" HPOS="840"/>
                  <String HEIGHT="43"
                          WIDTH="85"
                          VPOS="2096"
                          HPOS="811"
                          CONTENT="valet"/>
                  <SP HEIGHT="43" WIDTH="9" VPOS="2096" HPOS="896"/>
                  <String HEIGHT="43"
                          WIDTH="85"
                          VPOS="2096"
                          HPOS="868"
                          CONTENT="omnis"/>
                  <SP HEIGHT="43" WIDTH="9" VPOS="2096" HPOS="953"/>
                  <String HEIGHT="43"
                          WIDTH="76"
                          VPOS="2096"
                          HPOS="915"
                          CONTENT="essen"/>
               </TextLine>
            </TextBlock>
            <TextBlock ID="TextRegion_1612382332890_706"
                       HEIGHT="1904"
                       WIDTH="657"
                       VPOS="235"
                       HPOS="965">
               <Shape>
                  <Polygon POINTS="965,235 1593,235 1613,938 1621,1496 1621,2044 1622,2139 1001,2139"/>
               </Shape>
               <TextLine ID="line_1612382322753_694"
                         BASELINE="288"
                         HEIGHT="50"
                         WIDTH="616"
                         VPOS="238"
                         HPOS="983">
                  <String HEIGHT="50" WIDTH="76" VPOS="238" HPOS="972" CONTENT="tia"/>
                  <SP HEIGHT="50" WIDTH="11" VPOS="238" HPOS="1048"/>
                  <String HEIGHT="50"
                          WIDTH="108"
                          VPOS="238"
                          HPOS="1015"
                          CONTENT="diuina"/>
                  <SP HEIGHT="50" WIDTH="11" VPOS="238" HPOS="1123"/>
                  <String HEIGHT="50" WIDTH="76" VPOS="238" HPOS="1091" CONTENT="est"/>
                  <SP HEIGHT="50" WIDTH="11" VPOS="238" HPOS="1167"/>
                  <String HEIGHT="50"
                          WIDTH="97"
                          VPOS="238"
                          HPOS="1134"
                          CONTENT="pater"/>
                  <SP HEIGHT="50" WIDTH="11" VPOS="238" HPOS="1232"/>
                  <String HEIGHT="50"
                          WIDTH="108"
                          VPOS="238"
                          HPOS="1199"
                          CONTENT="igitur"/>
                  <SP HEIGHT="50" WIDTH="11" VPOS="238" HPOS="1307"/>
                  <String HEIGHT="50"
                          WIDTH="108"
                          VPOS="238"
                          HPOS="1275"
                          CONTENT="tantum"/>
                  <SP HEIGHT="50" WIDTH="11" VPOS="238" HPOS="1383"/>
                  <String HEIGHT="50"
                          WIDTH="97"
                          VPOS="238"
                          HPOS="1350"
                          CONTENT="pater"/>
                  <SP HEIGHT="50" WIDTH="11" VPOS="238" HPOS="1448"/>
                  <String HEIGHT="50" WIDTH="76" VPOS="238" HPOS="1415" CONTENT="est"/>
                  <SP HEIGHT="50" WIDTH="11" VPOS="238" HPOS="1491"/>
                  <String HEIGHT="50"
                          WIDTH="130"
                          VPOS="238"
                          HPOS="1459"
                          CONTENT="essentia"/>
                  <SP HEIGHT="50" WIDTH="11" VPOS="238" HPOS="1588"/>
                  <String HEIGHT="50"
                          WIDTH="54"
                          VPOS="238"
                          HPOS="1545"
                          CONTENT="di"
                          SUBS_TYPE="HypPart1"
                          SUBS_CONTENT="diuina"/>
                  <HYP CONTENT="-"/>
               </TextLine>
               <TextLine ID="line_1612382322753_696"
                         BASELINE="315"
                         HEIGHT="37"
                         WIDTH="613"
                         VPOS="278"
                         HPOS="988">
                  <String HEIGHT="37"
                          WIDTH="78"
                          VPOS="278"
                          HPOS="978"
                          CONTENT="uina"
                          SUBS_TYPE="HypPart2"
                          SUBS_CONTENT="diuina"/>
                  <SP HEIGHT="37" WIDTH="10" VPOS="278" HPOS="1056"/>
                  <String HEIGHT="37"
                          WIDTH="78"
                          VPOS="278"
                          HPOS="1027"
                          CONTENT="quia"/>
                  <SP HEIGHT="37" WIDTH="10" VPOS="278" HPOS="1105"/>
                  <String HEIGHT="37"
                          WIDTH="136"
                          VPOS="278"
                          HPOS="1076"
                          CONTENT="antecedens"/>
                  <SP HEIGHT="37" WIDTH="10" VPOS="278" HPOS="1212"/>
                  <String HEIGHT="37" WIDTH="68" VPOS="278" HPOS="1183" CONTENT="non"/>
                  <SP HEIGHT="37" WIDTH="10" VPOS="278" HPOS="1251"/>
                  <String HEIGHT="37" WIDTH="68" VPOS="278" HPOS="1222" CONTENT="est"/>
                  <SP HEIGHT="37" WIDTH="10" VPOS="278" HPOS="1290"/>
                  <String HEIGHT="37"
                          WIDTH="146"
                          VPOS="278"
                          HPOS="1260"
                          CONTENT="simplicitur"/>
                  <SP HEIGHT="37" WIDTH="10" VPOS="278" HPOS="1406"/>
                  <String HEIGHT="37"
                          WIDTH="136"
                          VPOS="278"
                          HPOS="1377"
                          CONTENT="vniuersale"/>
                  <SP HEIGHT="37" WIDTH="10" VPOS="278" HPOS="1513"/>
                  <String HEIGHT="37" WIDTH="58" VPOS="278" HPOS="1484" CONTENT="et"/>
                  <SP HEIGHT="37" WIDTH="10" VPOS="278" HPOS="1543"/>
                  <String HEIGHT="37" WIDTH="58" VPOS="278" HPOS="1513" CONTENT="de"/>
                  <SP HEIGHT="37" WIDTH="10" VPOS="278" HPOS="1572"/>
                  <String HEIGHT="37"
                          WIDTH="68"
                          VPOS="278"
                          HPOS="1533"
                          CONTENT="omni."/>
               </TextLine>
               <TextLine ID="line_1612382322754_698"
                         BASELINE="350"
                         HEIGHT="37"
                         WIDTH="603"
                         VPOS="313"
                         HPOS="998">
                  <String HEIGHT="37" WIDTH="54" VPOS="313" HPOS="987" CONTENT="⁋"/>
                  <SP HEIGHT="37" WIDTH="11" VPOS="313" HPOS="1041"/>
                  <String HEIGHT="37" WIDTH="65" VPOS="313" HPOS="1009" CONTENT="Ex"/>
                  <SP HEIGHT="37" WIDTH="11" VPOS="313" HPOS="1073"/>
                  <String HEIGHT="37" WIDTH="75" VPOS="313" HPOS="1041" CONTENT="hoc"/>
                  <SP HEIGHT="37" WIDTH="11" VPOS="313" HPOS="1116"/>
                  <String HEIGHT="37"
                          WIDTH="129"
                          VPOS="313"
                          HPOS="1084"
                          CONTENT="sequitur"/>
                  <SP HEIGHT="37" WIDTH="11" VPOS="313" HPOS="1213"/>
                  <String HEIGHT="37"
                          WIDTH="151"
                          VPOS="313"
                          HPOS="1181"
                          CONTENT="correlarie"/>
                  <SP HEIGHT="37" WIDTH="11" VPOS="313" HPOS="1332"/>
                  <String HEIGHT="37"
                          WIDTH="86"
                          VPOS="313"
                          HPOS="1300"
                          CONTENT="quod"/>
                  <SP HEIGHT="37" WIDTH="11" VPOS="313" HPOS="1386"/>
                  <String HEIGHT="37"
                          WIDTH="86"
                          VPOS="313"
                          HPOS="1353"
                          CONTENT="iste"/>
                  <SP HEIGHT="37" WIDTH="11" VPOS="313" HPOS="1439"/>
                  <String HEIGHT="37"
                          WIDTH="140"
                          VPOS="313"
                          HPOS="1407"
                          CONTENT="discursus"/>
                  <SP HEIGHT="37" WIDTH="11" VPOS="313" HPOS="1547"/>
                  <String HEIGHT="37" WIDTH="75" VPOS="313" HPOS="1515" CONTENT="non"/>
                  <SP HEIGHT="37" WIDTH="11" VPOS="313" HPOS="1590"/>
                  <String HEIGHT="37"
                          WIDTH="54"
                          VPOS="313"
                          HPOS="1547"
                          CONTENT="va"
                          SUBS_TYPE="HypPart1"
                          SUBS_CONTENT="valet"/>
                  <HYP CONTENT="-"/>
               </TextLine>
               <TextLine ID="r1l8"
                         BASELINE="378"
                         HEIGHT="37"
                         WIDTH="596"
                         VPOS="341"
                         HPOS="992">
                  <String HEIGHT="37"
                          WIDTH="70"
                          VPOS="341"
                          HPOS="982"
                          CONTENT="let"
                          SUBS_TYPE="HypPart2"
                          SUBS_CONTENT="valet"/>
                  <SP HEIGHT="37" WIDTH="10" VPOS="341" HPOS="1052"/>
                  <String HEIGHT="37"
                          WIDTH="89"
                          VPOS="341"
                          HPOS="1022"
                          CONTENT="licet"/>
                  <SP HEIGHT="37" WIDTH="10" VPOS="341" HPOS="1111"/>
                  <String HEIGHT="37"
                          WIDTH="99"
                          VPOS="341"
                          HPOS="1081"
                          CONTENT="habeat"/>
                  <SP HEIGHT="37" WIDTH="10" VPOS="341" HPOS="1181"/>
                  <String HEIGHT="37"
                          WIDTH="129"
                          VPOS="341"
                          HPOS="1151"
                          CONTENT="subiectum"/>
                  <SP HEIGHT="37" WIDTH="10" VPOS="341" HPOS="1280"/>
                  <String HEIGHT="37"
                          WIDTH="169"
                          VPOS="341"
                          HPOS="1250"
                          CONTENT="circumlocutum"/>
                  <SP HEIGHT="37" WIDTH="10" VPOS="341" HPOS="1419"/>
                  <String HEIGHT="37"
                          WIDTH="79"
                          VPOS="341"
                          HPOS="1389"
                          CONTENT="omne"/>
                  <SP HEIGHT="37" WIDTH="10" VPOS="341" HPOS="1469"/>
                  <String HEIGHT="37"
                          WIDTH="89"
                          VPOS="341"
                          HPOS="1439"
                          CONTENT="illud"/>
                  <SP HEIGHT="37" WIDTH="10" VPOS="341" HPOS="1528"/>
                  <String HEIGHT="37"
                          WIDTH="99"
                          VPOS="341"
                          HPOS="1489"
                          CONTENT="quodgene"/>
               </TextLine>
               <TextLine ID="r1l10"
                         BASELINE="403"
                         HEIGHT="35"
                         WIDTH="602"
                         VPOS="368"
                         HPOS="988">
                  <String HEIGHT="35" WIDTH="69" VPOS="368" HPOS="978" CONTENT="rat"/>
                  <SP HEIGHT="35" WIDTH="10" VPOS="368" HPOS="1047"/>
                  <String HEIGHT="35"
                          WIDTH="118"
                          VPOS="368"
                          HPOS="1018"
                          CONTENT="generat."/>
                  <SP HEIGHT="35" WIDTH="10" VPOS="368" HPOS="1136"/>
                  <String HEIGHT="35" WIDTH="69" VPOS="368" HPOS="1106" CONTENT="sed"/>
                  <SP HEIGHT="35" WIDTH="10" VPOS="368" HPOS="1176"/>
                  <String HEIGHT="35"
                          WIDTH="89"
                          VPOS="368"
                          HPOS="1146"
                          CONTENT="omnis"/>
                  <SP HEIGHT="35" WIDTH="10" VPOS="368" HPOS="1235"/>
                  <String HEIGHT="35"
                          WIDTH="118"
                          VPOS="368"
                          HPOS="1205"
                          CONTENT="essentia"/>
                  <SP HEIGHT="35" WIDTH="10" VPOS="368" HPOS="1324"/>
                  <String HEIGHT="35"
                          WIDTH="99"
                          VPOS="368"
                          HPOS="1294"
                          CONTENT="diuina"/>
                  <SP HEIGHT="35" WIDTH="10" VPOS="368" HPOS="1393"/>
                  <String HEIGHT="35" WIDTH="69" VPOS="368" HPOS="1363" CONTENT="est"/>
                  <SP HEIGHT="35" WIDTH="10" VPOS="368" HPOS="1432"/>
                  <String HEIGHT="35"
                          WIDTH="89"
                          VPOS="368"
                          HPOS="1402"
                          CONTENT="illud"/>
                  <SP HEIGHT="35" WIDTH="10" VPOS="368" HPOS="1491"/>
                  <String HEIGHT="35"
                          WIDTH="79"
                          VPOS="368"
                          HPOS="1462"
                          CONTENT="quod"/>
                  <SP HEIGHT="35" WIDTH="10" VPOS="368" HPOS="1541"/>
                  <String HEIGHT="35"
                          WIDTH="89"
                          VPOS="368"
                          HPOS="1501"
                          CONTENT="generat"/>
               </TextLine>
               <TextLine ID="r1l12"
                         BASELINE="430"
                         HEIGHT="38"
                         WIDTH="600"
                         VPOS="392"
                         HPOS="992">
                  <String HEIGHT="38"
                          WIDTH="102"
                          VPOS="392"
                          HPOS="982"
                          CONTENT="igitur"/>
                  <SP HEIGHT="38" WIDTH="10" VPOS="392" HPOS="1084"/>
                  <String HEIGHT="38"
                          WIDTH="92"
                          VPOS="392"
                          HPOS="1053"
                          CONTENT="omnis"/>
                  <SP HEIGHT="38" WIDTH="10" VPOS="392" HPOS="1145"/>
                  <String HEIGHT="38"
                          WIDTH="122"
                          VPOS="392"
                          HPOS="1114"
                          CONTENT="essentia"/>
                  <SP HEIGHT="38" WIDTH="10" VPOS="392" HPOS="1236"/>
                  <String HEIGHT="38"
                          WIDTH="102"
                          VPOS="392"
                          HPOS="1206"
                          CONTENT="diuina"/>
                  <SP HEIGHT="38" WIDTH="10" VPOS="392" HPOS="1307"/>
                  <String HEIGHT="38"
                          WIDTH="112"
                          VPOS="392"
                          HPOS="1277"
                          CONTENT="generat"/>
                  <SP HEIGHT="38" WIDTH="10" VPOS="392" HPOS="1389"/>
                  <String HEIGHT="38"
                          WIDTH="81"
                          VPOS="392"
                          HPOS="1358"
                          CONTENT="quia"/>
                  <SP HEIGHT="38" WIDTH="10" VPOS="392" HPOS="1439"/>
                  <String HEIGHT="38"
                          WIDTH="92"
                          VPOS="392"
                          HPOS="1409"
                          CONTENT="maior"/>
                  <SP HEIGHT="38" WIDTH="10" VPOS="392" HPOS="1500"/>
                  <String HEIGHT="38" WIDTH="71" VPOS="392" HPOS="1470" CONTENT="non"/>
                  <SP HEIGHT="38" WIDTH="10" VPOS="392" HPOS="1541"/>
                  <String HEIGHT="38" WIDTH="71" VPOS="392" HPOS="1511" CONTENT="est"/>
                  <SP HEIGHT="38" WIDTH="10" VPOS="392" HPOS="1582"/>
                  <String HEIGHT="38" WIDTH="51" VPOS="392" HPOS="1541" CONTENT="suf"/>
               </TextLine>
               <TextLine ID="r1l14"
                         BASELINE="459"
                         HEIGHT="34"
                         WIDTH="603"
                         VPOS="425"
                         HPOS="988">
                  <String HEIGHT="34"
                          WIDTH="121"
                          VPOS="425"
                          HPOS="979"
                          CONTENT="ficienter"/>
                  <SP HEIGHT="34" WIDTH="9" VPOS="425" HPOS="1099"/>
                  <String HEIGHT="34"
                          WIDTH="139"
                          VPOS="425"
                          HPOS="1071"
                          CONTENT="vniuersalis"/>
                  <SP HEIGHT="34" WIDTH="9" VPOS="425" HPOS="1211"/>
                  <String HEIGHT="34" WIDTH="56" VPOS="425" HPOS="1183" CONTENT="de"/>
                  <SP HEIGHT="34" WIDTH="9" VPOS="425" HPOS="1238"/>
                  <String HEIGHT="34"
                          WIDTH="74"
                          VPOS="425"
                          HPOS="1211"
                          CONTENT="omni"/>
                  <SP HEIGHT="34" WIDTH="9" VPOS="425" HPOS="1285"/>
                  <String HEIGHT="34" WIDTH="65" VPOS="425" HPOS="1257" CONTENT="cum"/>
                  <SP HEIGHT="34" WIDTH="9" VPOS="425" HPOS="1322"/>
                  <String HEIGHT="34"
                          WIDTH="74"
                          VPOS="425"
                          HPOS="1294"
                          CONTENT="ipsa"/>
                  <SP HEIGHT="34" WIDTH="9" VPOS="425" HPOS="1368"/>
                  <String HEIGHT="34" WIDTH="65" VPOS="425" HPOS="1341" CONTENT="sit"/>
                  <SP HEIGHT="34" WIDTH="9" VPOS="425" HPOS="1405"/>
                  <String HEIGHT="34"
                          WIDTH="74"
                          VPOS="425"
                          HPOS="1378"
                          CONTENT="vera"/>
                  <SP HEIGHT="34" WIDTH="9" VPOS="425" HPOS="1452"/>
                  <String HEIGHT="34" WIDTH="56" VPOS="425" HPOS="1424" CONTENT="et"/>
                  <SP HEIGHT="34" WIDTH="9" VPOS="425" HPOS="1480"/>
                  <String HEIGHT="34"
                          WIDTH="83"
                          VPOS="425"
                          HPOS="1452"
                          CONTENT="tamen"/>
                  <SP HEIGHT="34" WIDTH="9" VPOS="425" HPOS="1535"/>
                  <String HEIGHT="34"
                          WIDTH="93"
                          VPOS="425"
                          HPOS="1498"
                          CONTENT="praedica"/>
               </TextLine>
               <TextLine ID="r1l16"
                         BASELINE="487"
                         HEIGHT="38"
                         WIDTH="603"
                         VPOS="449"
                         HPOS="996">
                  <String HEIGHT="38" WIDTH="74" VPOS="449" HPOS="985" CONTENT="tum"/>
                  <SP HEIGHT="38" WIDTH="11" VPOS="449" HPOS="1059"/>
                  <String HEIGHT="38"
                          WIDTH="85"
                          VPOS="449"
                          HPOS="1028"
                          CONTENT="suum"/>
                  <SP HEIGHT="38" WIDTH="11" VPOS="449" HPOS="1112"/>
                  <String HEIGHT="38" WIDTH="74" VPOS="449" HPOS="1081" CONTENT="non"/>
                  <SP HEIGHT="38" WIDTH="11" VPOS="449" HPOS="1155"/>
                  <String HEIGHT="38"
                          WIDTH="127"
                          VPOS="449"
                          HPOS="1123"
                          CONTENT="conuenit"/>
                  <SP HEIGHT="38" WIDTH="11" VPOS="449" HPOS="1250"/>
                  <String HEIGHT="38"
                          WIDTH="127"
                          VPOS="449"
                          HPOS="1218"
                          CONTENT="cuilibet"/>
                  <SP HEIGHT="38" WIDTH="11" VPOS="449" HPOS="1345"/>
                  <String HEIGHT="38" WIDTH="74" VPOS="449" HPOS="1313" CONTENT="cui"/>
                  <SP HEIGHT="38" WIDTH="11" VPOS="449" HPOS="1387"/>
                  <String HEIGHT="38"
                          WIDTH="148"
                          VPOS="449"
                          HPOS="1356"
                          CONTENT="subiectum."/>
                  <SP HEIGHT="38" WIDTH="11" VPOS="449" HPOS="1504"/>
                  <String HEIGHT="38" WIDTH="74" VPOS="449" HPOS="1472" CONTENT="nam"/>
                  <SP HEIGHT="38" WIDTH="11" VPOS="449" HPOS="1546"/>
                  <String HEIGHT="38"
                          WIDTH="95"
                          VPOS="449"
                          HPOS="1504"
                          CONTENT="deitati"/>
               </TextLine>
               <TextLine ID="r1l18"
                         BASELINE="516"
                         HEIGHT="38"
                         WIDTH="595"
                         VPOS="478"
                         HPOS="997">
                  <String HEIGHT="38"
                          WIDTH="106"
                          VPOS="478"
                          HPOS="986"
                          CONTENT="ommuni"/>
                  <SP HEIGHT="38" WIDTH="11" VPOS="478" HPOS="1093"/>
                  <String HEIGHT="38"
                          WIDTH="128"
                          VPOS="478"
                          HPOS="1061"
                          CONTENT="conuenit"/>
                  <SP HEIGHT="38" WIDTH="11" VPOS="478" HPOS="1188"/>
                  <String HEIGHT="38"
                          WIDTH="138"
                          VPOS="478"
                          HPOS="1156"
                          CONTENT="subicetum"/>
                  <SP HEIGHT="38" WIDTH="11" VPOS="478" HPOS="1295"/>
                  <String HEIGHT="38" WIDTH="74" VPOS="478" HPOS="1263" CONTENT="cui"/>
                  <SP HEIGHT="38" WIDTH="11" VPOS="478" HPOS="1337"/>
                  <String HEIGHT="38"
                          WIDTH="96"
                          VPOS="478"
                          HPOS="1305"
                          CONTENT="tamen"/>
                  <SP HEIGHT="38" WIDTH="11" VPOS="478" HPOS="1401"/>
                  <String HEIGHT="38"
                          WIDTH="128"
                          VPOS="478"
                          HPOS="1369"
                          CONTENT="repugnat"/>
                  <SP HEIGHT="38" WIDTH="11" VPOS="478" HPOS="1496"/>
                  <String HEIGHT="38"
                          WIDTH="96"
                          VPOS="478"
                          HPOS="1465"
                          CONTENT="maior"/>
                  <SP HEIGHT="38" WIDTH="11" VPOS="478" HPOS="1560"/>
                  <String HEIGHT="38"
                          WIDTH="74"
                          VPOS="478"
                          HPOS="1518"
                          CONTENT="autem"/>
               </TextLine>
               <TextLine ID="r1l20"
                         BASELINE="545"
                         HEIGHT="34"
                         WIDTH="594"
                         VPOS="511"
                         HPOS="996">
                  <String HEIGHT="34"
                          WIDTH="165"
                          VPOS="511"
                          HPOS="985"
                          CONTENT="vniuersalis"/>
                  <SP HEIGHT="34" WIDTH="11" VPOS="511" HPOS="1150"/>
                  <String HEIGHT="34"
                          WIDTH="176"
                          VPOS="511"
                          HPOS="1117"
                          CONTENT="sufficienter"/>
                  <SP HEIGHT="34" WIDTH="11" VPOS="511" HPOS="1293"/>
                  <String HEIGHT="34" WIDTH="77" VPOS="511" HPOS="1260" CONTENT="pro"/>
                  <SP HEIGHT="34" WIDTH="11" VPOS="511" HPOS="1337"/>
                  <String HEIGHT="34"
                          WIDTH="88"
                          VPOS="511"
                          HPOS="1304"
                          CONTENT="ista"/>
                  <SP HEIGHT="34" WIDTH="11" VPOS="511" HPOS="1392"/>
                  <String HEIGHT="34"
                          WIDTH="165"
                          VPOS="511"
                          HPOS="1359"
                          CONTENT="conclusione"/>
                  <SP HEIGHT="34" WIDTH="11" VPOS="511" HPOS="1524"/>
                  <String HEIGHT="34"
                          WIDTH="110"
                          VPOS="511"
                          HPOS="1480"
                          CONTENT="inferen"
                          SUBS_TYPE="HypPart1"
                          SUBS_CONTENT="inferenda"/>
                  <HYP CONTENT="-"/>
               </TextLine>
               <TextLine ID="r1l22"
                         BASELINE="571"
                         HEIGHT="37"
                         WIDTH="596"
                         VPOS="534"
                         HPOS="996">
                  <String HEIGHT="37"
                          WIDTH="61"
                          VPOS="534"
                          HPOS="986"
                          CONTENT="da"
                          SUBS_TYPE="HypPart2"
                          SUBS_CONTENT="inferenda"/>
                  <SP HEIGHT="37" WIDTH="10" VPOS="534" HPOS="1047"/>
                  <String HEIGHT="37"
                          WIDTH="91"
                          VPOS="534"
                          HPOS="1016"
                          CONTENT="esset"/>
                  <SP HEIGHT="37" WIDTH="10" VPOS="534" HPOS="1107"/>
                  <String HEIGHT="37" WIDTH="71" VPOS="534" HPOS="1077" CONTENT="hec"/>
                  <SP HEIGHT="37" WIDTH="10" VPOS="534" HPOS="1148"/>
                  <String HEIGHT="37"
                          WIDTH="81"
                          VPOS="534"
                          HPOS="1117"
                          CONTENT="omne"/>
                  <SP HEIGHT="37" WIDTH="10" VPOS="534" HPOS="1198"/>
                  <String HEIGHT="37"
                          WIDTH="81"
                          VPOS="534"
                          HPOS="1168"
                          CONTENT="idem"/>
                  <SP HEIGHT="37" WIDTH="10" VPOS="534" HPOS="1249"/>
                  <String HEIGHT="37"
                          WIDTH="81"
                          VPOS="534"
                          HPOS="1218"
                          CONTENT="illi"/>
                  <SP HEIGHT="37" WIDTH="10" VPOS="534" HPOS="1299"/>
                  <String HEIGHT="37"
                          WIDTH="81"
                          VPOS="534"
                          HPOS="1269"
                          CONTENT="quod"/>
                  <SP HEIGHT="37" WIDTH="10" VPOS="534" HPOS="1350"/>
                  <String HEIGHT="37"
                          WIDTH="111"
                          VPOS="534"
                          HPOS="1319"
                          CONTENT="generat"/>
                  <SP HEIGHT="37" WIDTH="10" VPOS="534" HPOS="1430"/>
                  <String HEIGHT="37"
                          WIDTH="111"
                          VPOS="534"
                          HPOS="1400"
                          CONTENT="generat"/>
                  <SP HEIGHT="37" WIDTH="10" VPOS="534" HPOS="1511"/>
                  <String HEIGHT="37" WIDTH="61" VPOS="534" HPOS="1481" CONTENT="et"/>
                  <SP HEIGHT="37" WIDTH="10" VPOS="534" HPOS="1541"/>
                  <String HEIGHT="37" WIDTH="71" VPOS="534" HPOS="1511" CONTENT="hec"/>
                  <SP HEIGHT="37" WIDTH="10" VPOS="534" HPOS="1582"/>
                  <String HEIGHT="37" WIDTH="51" VPOS="534" HPOS="1541" CONTENT="est"/>
               </TextLine>
               <TextLine ID="r1l24"
                         BASELINE="597"
                         HEIGHT="32"
                         WIDTH="592"
                         VPOS="565"
                         HPOS="1001">
                  <String HEIGHT="32"
                          WIDTH="86"
                          VPOS="565"
                          HPOS="991"
                          CONTENT="falsa"/>
                  <SP HEIGHT="32" WIDTH="10" VPOS="565" HPOS="1077"/>
                  <String HEIGHT="32" WIDTH="67" VPOS="565" HPOS="1049" CONTENT="per"/>
                  <SP HEIGHT="32" WIDTH="10" VPOS="565" HPOS="1116"/>
                  <String HEIGHT="32"
                          WIDTH="76"
                          VPOS="565"
                          HPOS="1087"
                          CONTENT="idem"/>
                  <SP HEIGHT="32" WIDTH="10" VPOS="565" HPOS="1163"/>
                  <String HEIGHT="32"
                          WIDTH="86"
                          VPOS="565"
                          HPOS="1135"
                          CONTENT="patet"/>
                  <SP HEIGHT="32" WIDTH="10" VPOS="565" HPOS="1221"/>
                  <String HEIGHT="32"
                          WIDTH="76"
                          VPOS="565"
                          HPOS="1192"
                          CONTENT="quod"/>
                  <SP HEIGHT="32" WIDTH="10" VPOS="565" HPOS="1268"/>
                  <String HEIGHT="32"
                          WIDTH="76"
                          VPOS="565"
                          HPOS="1240"
                          CONTENT="iste"/>
                  <SP HEIGHT="32" WIDTH="10" VPOS="565" HPOS="1316"/>
                  <String HEIGHT="32"
                          WIDTH="124"
                          VPOS="565"
                          HPOS="1287"
                          CONTENT="discursus"/>
                  <SP HEIGHT="32" WIDTH="10" VPOS="565" HPOS="1412"/>
                  <String HEIGHT="32" WIDTH="67" VPOS="565" HPOS="1383" CONTENT="non"/>
                  <SP HEIGHT="32" WIDTH="10" VPOS="565" HPOS="1450"/>
                  <String HEIGHT="32"
                          WIDTH="86"
                          VPOS="565"
                          HPOS="1421"
                          CONTENT="valet"/>
                  <SP HEIGHT="32" WIDTH="10" VPOS="565" HPOS="1507"/>
                  <String HEIGHT="32"
                          WIDTH="86"
                          VPOS="565"
                          HPOS="1478"
                          CONTENT="omnem"/>
                  <SP HEIGHT="32" WIDTH="10" VPOS="565" HPOS="1564"/>
                  <String HEIGHT="32"
                          WIDTH="67"
                          VPOS="565"
                          HPOS="1526"
                          CONTENT="illud"/>
               </TextLine>
               <TextLine ID="r1l26"
                         BASELINE="634"
                         HEIGHT="42"
                         WIDTH="604"
                         VPOS="592"
                         HPOS="996">
                  <String HEIGHT="42" WIDTH="77" VPOS="592" HPOS="986" CONTENT="quod"/>
                  <SP HEIGHT="42" WIDTH="10" VPOS="592" HPOS="1063"/>
                  <String HEIGHT="42" WIDTH="67" VPOS="592" HPOS="1034" CONTENT="est"/>
                  <SP HEIGHT="42" WIDTH="10" VPOS="592" HPOS="1101"/>
                  <String HEIGHT="42"
                          WIDTH="86"
                          VPOS="592"
                          HPOS="1073"
                          CONTENT="pater"/>
                  <SP HEIGHT="42" WIDTH="10" VPOS="592" HPOS="1159"/>
                  <String HEIGHT="42" WIDTH="67" VPOS="592" HPOS="1130" CONTENT="est"/>
                  <SP HEIGHT="42" WIDTH="10" VPOS="592" HPOS="1197"/>
                  <String HEIGHT="42"
                          WIDTH="86"
                          VPOS="592"
                          HPOS="1169"
                          CONTENT="pater"/>
                  <SP HEIGHT="42" WIDTH="10" VPOS="592" HPOS="1255"/>
                  <String HEIGHT="42" WIDTH="67" VPOS="592" HPOS="1226" CONTENT="sed"/>
                  <SP HEIGHT="42" WIDTH="10" VPOS="592" HPOS="1293"/>
                  <String HEIGHT="42"
                          WIDTH="86"
                          VPOS="592"
                          HPOS="1264"
                          CONTENT="omnis"/>
                  <SP HEIGHT="42" WIDTH="10" VPOS="592" HPOS="1351"/>
                  <String HEIGHT="42"
                          WIDTH="96"
                          VPOS="592"
                          HPOS="1322"
                          CONTENT="filius"/>
                  <SP HEIGHT="42" WIDTH="10" VPOS="592" HPOS="1418"/>
                  <String HEIGHT="42" WIDTH="58" VPOS="592" HPOS="1389" CONTENT="in"/>
                  <SP HEIGHT="42" WIDTH="10" VPOS="592" HPOS="1447"/>
                  <String HEIGHT="42"
                          WIDTH="105"
                          VPOS="592"
                          HPOS="1418"
                          CONTENT="diuinis"/>
                  <SP HEIGHT="42" WIDTH="10" VPOS="592" HPOS="1523"/>
                  <String HEIGHT="42" WIDTH="67" VPOS="592" HPOS="1495" CONTENT="est"/>
                  <SP HEIGHT="42" WIDTH="10" VPOS="592" HPOS="1562"/>
                  <String HEIGHT="42"
                          WIDTH="86"
                          VPOS="592"
                          HPOS="1533"
                          CONTENT="illud"/>
                  <SP HEIGHT="42" WIDTH="10" VPOS="592" HPOS="1619"/>
                  <String HEIGHT="42" WIDTH="19" VPOS="592" HPOS="1581" CONTENT=""/>
               </TextLine>
               <TextLine ID="r1l28"
                         BASELINE="655"
                         HEIGHT="32"
                         WIDTH="603"
                         VPOS="623"
                         HPOS="994">
                  <String HEIGHT="32" WIDTH="75" VPOS="623" HPOS="985" CONTENT="quod"/>
                  <SP HEIGHT="32" WIDTH="9" VPOS="623" HPOS="1060"/>
                  <String HEIGHT="32" WIDTH="66" VPOS="623" HPOS="1032" CONTENT="est"/>
                  <SP HEIGHT="32" WIDTH="9" VPOS="623" HPOS="1098"/>
                  <String HEIGHT="32"
                          WIDTH="85"
                          VPOS="623"
                          HPOS="1069"
                          CONTENT="pater"/>
                  <SP HEIGHT="32" WIDTH="9" VPOS="623" HPOS="1154"/>
                  <String HEIGHT="32"
                          WIDTH="94"
                          VPOS="623"
                          HPOS="1126"
                          CONTENT="igitur"/>
                  <SP HEIGHT="32" WIDTH="9" VPOS="623" HPOS="1220"/>
                  <String HEIGHT="32"
                          WIDTH="85"
                          VPOS="623"
                          HPOS="1192"
                          CONTENT="omnis"/>
                  <SP HEIGHT="32" WIDTH="9" VPOS="623" HPOS="1277"/>
                  <String HEIGHT="32"
                          WIDTH="94"
                          VPOS="623"
                          HPOS="1248"
                          CONTENT="filius"/>
                  <SP HEIGHT="32" WIDTH="9" VPOS="623" HPOS="1343"/>
                  <String HEIGHT="32" WIDTH="57" VPOS="623" HPOS="1314" CONTENT="in"/>
                  <SP HEIGHT="32" WIDTH="9" VPOS="623" HPOS="1371"/>
                  <String HEIGHT="32"
                          WIDTH="104"
                          VPOS="623"
                          HPOS="1343"
                          CONTENT="diuinis"/>
                  <SP HEIGHT="32" WIDTH="9" VPOS="623" HPOS="1446"/>
                  <String HEIGHT="32" WIDTH="66" VPOS="623" HPOS="1418" CONTENT="est"/>
                  <SP HEIGHT="32" WIDTH="9" VPOS="623" HPOS="1484"/>
                  <String HEIGHT="32"
                          WIDTH="85"
                          VPOS="623"
                          HPOS="1456"
                          CONTENT="pater"/>
                  <SP HEIGHT="32" WIDTH="9" VPOS="623" HPOS="1540"/>
                  <String HEIGHT="32"
                          WIDTH="75"
                          VPOS="623"
                          HPOS="1512"
                          CONTENT="quia"/>
                  <SP HEIGHT="32" WIDTH="9" VPOS="623" HPOS="1588"/>
                  <String HEIGHT="32" WIDTH="47" VPOS="623" HPOS="1550" CONTENT="sub"/>
               </TextLine>
               <TextLine ID="r1l30"
                         BASELINE="684"
                         HEIGHT="37"
                         WIDTH="594"
                         VPOS="647"
                         HPOS="1004">
                  <String HEIGHT="37"
                          WIDTH="104"
                          VPOS="647"
                          HPOS="994"
                          CONTENT="iectum"/>
                  <SP HEIGHT="37" WIDTH="10" VPOS="647" HPOS="1098"/>
                  <String HEIGHT="37"
                          WIDTH="115"
                          VPOS="647"
                          HPOS="1067"
                          CONTENT="maioris"/>
                  <SP HEIGHT="37" WIDTH="10" VPOS="647" HPOS="1181"/>
                  <String HEIGHT="37"
                          WIDTH="125"
                          VPOS="647"
                          HPOS="1150"
                          CONTENT="pluribus"/>
                  <SP HEIGHT="37" WIDTH="10" VPOS="647" HPOS="1275"/>
                  <String HEIGHT="37"
                          WIDTH="125"
                          VPOS="647"
                          HPOS="1244"
                          CONTENT="conuenit"/>
                  <SP HEIGHT="37" WIDTH="10" VPOS="647" HPOS="1369"/>
                  <String HEIGHT="37"
                          WIDTH="83"
                          VPOS="647"
                          HPOS="1337"
                          CONTENT="quam"/>
                  <SP HEIGHT="37" WIDTH="10" VPOS="647" HPOS="1421"/>
                  <String HEIGHT="37"
                          WIDTH="167"
                          VPOS="647"
                          HPOS="1390"
                          CONTENT="praedicatum."/>
                  <SP HEIGHT="37" WIDTH="10" VPOS="647" HPOS="1556"/>
                  <String HEIGHT="37" WIDTH="52" VPOS="647" HPOS="1525" CONTENT="⁋"/>
                  <SP HEIGHT="37" WIDTH="10" VPOS="647" HPOS="1577"/>
                  <String HEIGHT="37"
                          WIDTH="63"
                          VPOS="647"
                          HPOS="1535"
                          CONTENT="Simi"/>
               </TextLine>
               <TextLine ID="r1l32"
                         BASELINE="714"
                         HEIGHT="33"
                         WIDTH="601"
                         VPOS="681"
                         HPOS="999">
                  <String HEIGHT="33"
                          WIDTH="100"
                          VPOS="681"
                          HPOS="988"
                          CONTENT="liter"/>
                  <SP HEIGHT="33" WIDTH="11" VPOS="681" HPOS="1088"/>
                  <String HEIGHT="33"
                          WIDTH="122"
                          VPOS="681"
                          HPOS="1055"
                          CONTENT="secudum"/>
                  <SP HEIGHT="33" WIDTH="11" VPOS="681" HPOS="1177"/>
                  <String HEIGHT="33"
                          WIDTH="122"
                          VPOS="681"
                          HPOS="1144"
                          CONTENT="ponetes"/>
                  <SP HEIGHT="33" WIDTH="11" VPOS="681" HPOS="1266"/>
                  <String HEIGHT="33"
                          WIDTH="178"
                          VPOS="681"
                          HPOS="1233"
                          CONTENT="communitatem"/>
                  <SP HEIGHT="33" WIDTH="11" VPOS="681" HPOS="1411"/>
                  <String HEIGHT="33"
                          WIDTH="111"
                          VPOS="681"
                          HPOS="1377"
                          CONTENT="realem"/>
                  <SP HEIGHT="33" WIDTH="11" VPOS="681" HPOS="1489"/>
                  <String HEIGHT="33" WIDTH="67" VPOS="681" HPOS="1455" CONTENT="ad"/>
                  <SP HEIGHT="33" WIDTH="11" VPOS="681" HPOS="1522"/>
                  <String HEIGHT="33"
                          WIDTH="122"
                          VPOS="681"
                          HPOS="1478"
                          CONTENT="indiuidua"/>
               </TextLine>
               <TextLine ID="r1l34"
                         BASELINE="742"
                         HEIGHT="35"
                         WIDTH="597"
                         VPOS="707"
                         HPOS="1002">
                  <String HEIGHT="35"
                          WIDTH="109"
                          VPOS="707"
                          HPOS="992"
                          CONTENT="eiusdem"/>
                  <SP HEIGHT="35" WIDTH="10" VPOS="707" HPOS="1102"/>
                  <String HEIGHT="35"
                          WIDTH="109"
                          VPOS="707"
                          HPOS="1072"
                          CONTENT="speciei"/>
                  <SP HEIGHT="35" WIDTH="10" VPOS="707" HPOS="1181"/>
                  <String HEIGHT="35" WIDTH="70" VPOS="707" HPOS="1151" CONTENT="non"/>
                  <SP HEIGHT="35" WIDTH="10" VPOS="707" HPOS="1221"/>
                  <String HEIGHT="35"
                          WIDTH="90"
                          VPOS="707"
                          HPOS="1191"
                          CONTENT="valet"/>
                  <SP HEIGHT="35" WIDTH="10" VPOS="707" HPOS="1281"/>
                  <String HEIGHT="35"
                          WIDTH="80"
                          VPOS="707"
                          HPOS="1251"
                          CONTENT="iste"/>
                  <SP HEIGHT="35" WIDTH="10" VPOS="707" HPOS="1330"/>
                  <String HEIGHT="35"
                          WIDTH="129"
                          VPOS="707"
                          HPOS="1301"
                          CONTENT="discursus"/>
                  <SP HEIGHT="35" WIDTH="10" VPOS="707" HPOS="1430"/>
                  <String HEIGHT="35"
                          WIDTH="80"
                          VPOS="707"
                          HPOS="1400"
                          CONTENT="omne"/>
                  <SP HEIGHT="35" WIDTH="10" VPOS="707" HPOS="1480"/>
                  <String HEIGHT="35"
                          WIDTH="90"
                          VPOS="707"
                          HPOS="1450"
                          CONTENT="illud"/>
                  <SP HEIGHT="35" WIDTH="10" VPOS="707" HPOS="1539"/>
                  <String HEIGHT="35"
                          WIDTH="80"
                          VPOS="707"
                          HPOS="1509"
                          CONTENT="quod"/>
                  <SP HEIGHT="35" WIDTH="10" VPOS="707" HPOS="1589"/>
                  <String HEIGHT="35"
                          WIDTH="50"
                          VPOS="707"
                          HPOS="1549"
                          CONTENT="di"
                          SUBS_TYPE="HypPart1"
                          SUBS_CONTENT="ditinguitur"/>
                  <HYP CONTENT="-"/>
               </TextLine>
               <TextLine ID="r1l36"
                         BASELINE="773"
                         HEIGHT="39"
                         WIDTH="591"
                         VPOS="734"
                         HPOS="1007">
                  <String HEIGHT="39"
                          WIDTH="122"
                          VPOS="734"
                          HPOS="998"
                          CONTENT="tinguitur"
                          SUBS_TYPE="HypPart2"
                          SUBS_CONTENT="ditinguitur"/>
                  <SP HEIGHT="39" WIDTH="9" VPOS="734" HPOS="1120"/>
                  <String HEIGHT="39" WIDTH="47" VPOS="734" HPOS="1091" CONTENT="a"/>
                  <SP HEIGHT="39" WIDTH="9" VPOS="734" HPOS="1138"/>
                  <String HEIGHT="39"
                          WIDTH="84"
                          VPOS="734"
                          HPOS="1110"
                          CONTENT="sorte"/>
                  <SP HEIGHT="39" WIDTH="9" VPOS="734" HPOS="1195"/>
                  <String HEIGHT="39"
                          WIDTH="150"
                          VPOS="734"
                          HPOS="1166"
                          CONTENT="distinguitur"/>
                  <SP HEIGHT="39" WIDTH="9" VPOS="734" HPOS="1317"/>
                  <String HEIGHT="39" WIDTH="47" VPOS="734" HPOS="1288" CONTENT="a"/>
                  <SP HEIGHT="39" WIDTH="9" VPOS="734" HPOS="1335"/>
                  <String HEIGHT="39"
                          WIDTH="84"
                          VPOS="734"
                          HPOS="1307"
                          CONTENT="sorte"/>
                  <SP HEIGHT="39" WIDTH="9" VPOS="734" HPOS="1392"/>
                  <String HEIGHT="39" WIDTH="66" VPOS="734" HPOS="1363" CONTENT="sed"/>
                  <SP HEIGHT="39" WIDTH="9" VPOS="734" HPOS="1429"/>
                  <String HEIGHT="39"
                          WIDTH="75"
                          VPOS="734"
                          HPOS="1401"
                          CONTENT="homo"/>
                  <SP HEIGHT="39" WIDTH="9" VPOS="734" HPOS="1476"/>
                  <String HEIGHT="39"
                          WIDTH="113"
                          VPOS="734"
                          HPOS="1448"
                          CONTENT="communis"/>
                  <SP HEIGHT="39" WIDTH="9" VPOS="734" HPOS="1560"/>
                  <String HEIGHT="39" WIDTH="66" VPOS="734" HPOS="1532" CONTENT="est"/>
                  <SP HEIGHT="39" WIDTH="9" VPOS="734" HPOS="1598"/>
                  <String HEIGHT="39" WIDTH="38" VPOS="734" HPOS="1560" CONTENT="il"/>
               </TextLine>
               <TextLine ID="r1l39"
                         BASELINE="799"
                         HEIGHT="32"
                         WIDTH="600"
                         VPOS="767"
                         HPOS="998">
                  <String HEIGHT="32" WIDTH="67" VPOS="767" HPOS="988" CONTENT="lud"/>
                  <SP HEIGHT="32" WIDTH="10" VPOS="767" HPOS="1055"/>
                  <String HEIGHT="32"
                          WIDTH="76"
                          VPOS="767"
                          HPOS="1027"
                          CONTENT="quod"/>
                  <SP HEIGHT="32" WIDTH="10" VPOS="767" HPOS="1103"/>
                  <String HEIGHT="32"
                          WIDTH="152"
                          VPOS="767"
                          HPOS="1074"
                          CONTENT="distinguitur"/>
                  <SP HEIGHT="32" WIDTH="10" VPOS="767" HPOS="1227"/>
                  <String HEIGHT="32"
                          WIDTH="95"
                          VPOS="767"
                          HPOS="1198"
                          CONTENT="asorte"/>
                  <SP HEIGHT="32" WIDTH="10" VPOS="767" HPOS="1293"/>
                  <String HEIGHT="32"
                          WIDTH="114"
                          VPOS="767"
                          HPOS="1265"
                          CONTENT="scilicet"/>
                  <SP HEIGHT="32" WIDTH="10" VPOS="767" HPOS="1379"/>
                  <String HEIGHT="32"
                          WIDTH="86"
                          VPOS="767"
                          HPOS="1350"
                          CONTENT="plato"/>
                  <SP HEIGHT="32" WIDTH="10" VPOS="767" HPOS="1436"/>
                  <String HEIGHT="32"
                          WIDTH="95"
                          VPOS="767"
                          HPOS="1408"
                          CONTENT="igitur"/>
                  <SP HEIGHT="32" WIDTH="10" VPOS="767" HPOS="1503"/>
                  <String HEIGHT="32" WIDTH="67" VPOS="767" HPOS="1474" CONTENT="hoc"/>
                  <SP HEIGHT="32" WIDTH="10" VPOS="767" HPOS="1541"/>
                  <String HEIGHT="32"
                          WIDTH="95"
                          VPOS="767"
                          HPOS="1503"
                          CONTENT="communis"/>
               </TextLine>
               <TextLine ID="r1l42"
                         BASELINE="827"
                         HEIGHT="37"
                         WIDTH="595"
                         VPOS="790"
                         HPOS="1001">
                  <String HEIGHT="37"
                          WIDTH="173"
                          VPOS="790"
                          HPOS="990"
                          CONTENT="distinguitur"/>
                  <SP HEIGHT="37" WIDTH="11" VPOS="790" HPOS="1163"/>
                  <String HEIGHT="37" WIDTH="54" VPOS="790" HPOS="1131" CONTENT="a"/>
                  <SP HEIGHT="37" WIDTH="11" VPOS="790" HPOS="1185"/>
                  <String HEIGHT="37"
                          WIDTH="108"
                          VPOS="790"
                          HPOS="1152"
                          CONTENT="sorte."/>
                  <SP HEIGHT="37" WIDTH="11" VPOS="790" HPOS="1261"/>
                  <String HEIGHT="37" WIDTH="54" VPOS="790" HPOS="1228" CONTENT="⁋"/>
                  <SP HEIGHT="37" WIDTH="11" VPOS="790" HPOS="1282"/>
                  <String HEIGHT="37"
                          WIDTH="130"
                          VPOS="790"
                          HPOS="1250"
                          CONTENT="Secundus"/>
                  <SP HEIGHT="37" WIDTH="11" VPOS="790" HPOS="1380"/>
                  <String HEIGHT="37"
                          WIDTH="97"
                          VPOS="790"
                          HPOS="1347"
                          CONTENT="modus"/>
                  <SP HEIGHT="37" WIDTH="11" VPOS="790" HPOS="1445"/>
                  <String HEIGHT="37"
                          WIDTH="141"
                          VPOS="790"
                          HPOS="1412"
                          CONTENT="subtilior"/>
                  <SP HEIGHT="37" WIDTH="11" VPOS="790" HPOS="1553"/>
                  <String HEIGHT="37" WIDTH="65" VPOS="790" HPOS="1520" CONTENT="et"/>
                  <SP HEIGHT="37" WIDTH="11" VPOS="790" HPOS="1585"/>
                  <String HEIGHT="37" WIDTH="54" VPOS="790" HPOS="1542" CONTENT="for"/>
               </TextLine>
               <TextLine ID="r1l45"
                         BASELINE="856"
                         HEIGHT="31"
                         WIDTH="597"
                         VPOS="825"
                         HPOS="1000">
                  <String HEIGHT="31" WIDTH="59" VPOS="825" HPOS="990" CONTENT="te"/>
                  <SP HEIGHT="31" WIDTH="10" VPOS="825" HPOS="1049"/>
                  <String HEIGHT="31"
                          WIDTH="98"
                          VPOS="825"
                          HPOS="1020"
                          CONTENT="verior"/>
                  <SP HEIGHT="31" WIDTH="10" VPOS="825" HPOS="1117"/>
                  <String HEIGHT="31"
                          WIDTH="117"
                          VPOS="825"
                          HPOS="1088"
                          CONTENT="soluendi"/>
                  <SP HEIGHT="31" WIDTH="10" VPOS="825" HPOS="1206"/>
                  <String HEIGHT="31" WIDTH="69" VPOS="825" HPOS="1176" CONTENT="est"/>
                  <SP HEIGHT="31" WIDTH="10" VPOS="825" HPOS="1245"/>
                  <String HEIGHT="31"
                          WIDTH="117"
                          VPOS="825"
                          HPOS="1215"
                          CONTENT="scilicet"/>
                  <SP HEIGHT="31" WIDTH="10" VPOS="825" HPOS="1333"/>
                  <String HEIGHT="31"
                          WIDTH="127"
                          VPOS="825"
                          HPOS="1303"
                          CONTENT="concedere"/>
                  <SP HEIGHT="31" WIDTH="10" VPOS="825" HPOS="1431"/>
                  <String HEIGHT="31"
                          WIDTH="88"
                          VPOS="825"
                          HPOS="1401"
                          CONTENT="omnes"/>
                  <SP HEIGHT="31" WIDTH="10" VPOS="825" HPOS="1489"/>
                  <String HEIGHT="31"
                          WIDTH="88"
                          VPOS="825"
                          HPOS="1460"
                          CONTENT="istas"/>
                  <SP HEIGHT="31" WIDTH="10" VPOS="825" HPOS="1548"/>
                  <String HEIGHT="31"
                          WIDTH="88"
                          VPOS="825"
                          HPOS="1509"
                          CONTENT="maiores"/>
               </TextLine>
               <TextLine ID="r1l48"
                         BASELINE="887"
                         HEIGHT="40"
                         WIDTH="589"
                         VPOS="847"
                         HPOS="1003">
                  <String HEIGHT="40" WIDTH="74" VPOS="847" HPOS="992" CONTENT="que"/>
                  <SP HEIGHT="40" WIDTH="11" VPOS="847" HPOS="1066"/>
                  <String HEIGHT="40"
                          WIDTH="126"
                          VPOS="847"
                          HPOS="1035"
                          CONTENT="videntur"/>
                  <SP HEIGHT="40" WIDTH="11" VPOS="847" HPOS="1161"/>
                  <String HEIGHT="40"
                          WIDTH="84"
                          VPOS="847"
                          HPOS="1129"
                          CONTENT="esse"/>
                  <SP HEIGHT="40" WIDTH="11" VPOS="847" HPOS="1213"/>
                  <String HEIGHT="40"
                          WIDTH="168"
                          VPOS="847"
                          HPOS="1182"
                          CONTENT="sufficientur"/>
                  <SP HEIGHT="40" WIDTH="11" VPOS="847" HPOS="1350"/>
                  <String HEIGHT="40"
                          WIDTH="158"
                          VPOS="847"
                          HPOS="1319"
                          CONTENT="vniuersales"/>
                  <SP HEIGHT="40" WIDTH="11" VPOS="847" HPOS="1476"/>
                  <String HEIGHT="40" WIDTH="63" VPOS="847" HPOS="1445" CONTENT="et"/>
                  <SP HEIGHT="40" WIDTH="11" VPOS="847" HPOS="1508"/>
                  <String HEIGHT="40" WIDTH="63" VPOS="847" HPOS="1476" CONTENT="de"/>
                  <SP HEIGHT="40" WIDTH="11" VPOS="847" HPOS="1539"/>
                  <String HEIGHT="40"
                          WIDTH="84"
                          VPOS="847"
                          HPOS="1508"
                          CONTENT="omni"/>
                  <SP HEIGHT="40" WIDTH="11" VPOS="847" HPOS="1592"/>
                  <String HEIGHT="40" WIDTH="42" VPOS="847" HPOS="1550" CONTENT="ad"/>
               </TextLine>
               <TextLine ID="r1l51"
                         BASELINE="916"
                         HEIGHT="42"
                         WIDTH="600"
                         VPOS="874"
                         HPOS="1000">
                  <String HEIGHT="42"
                          WIDTH="150"
                          VPOS="874"
                          HPOS="989"
                          CONTENT="propositum"/>
                  <SP HEIGHT="42" WIDTH="11" VPOS="874" HPOS="1139"/>
                  <String HEIGHT="42" WIDTH="64" VPOS="874" HPOS="1107" CONTENT="et"/>
                  <SP HEIGHT="42" WIDTH="11" VPOS="874" HPOS="1171"/>
                  <String HEIGHT="42"
                          WIDTH="96"
                          VPOS="874"
                          HPOS="1139"
                          CONTENT="tamen"/>
                  <SP HEIGHT="42" WIDTH="11" VPOS="874" HPOS="1236"/>
                  <String HEIGHT="42"
                          WIDTH="86"
                          VPOS="874"
                          HPOS="1204"
                          CONTENT="illi"/>
                  <SP HEIGHT="42" WIDTH="11" VPOS="874" HPOS="1289"/>
                  <String HEIGHT="42"
                          WIDTH="161"
                          VPOS="874"
                          HPOS="1257"
                          CONTENT="paralogismi"/>
                  <SP HEIGHT="42" WIDTH="11" VPOS="874" HPOS="1418"/>
                  <String HEIGHT="42" WIDTH="75" VPOS="874" HPOS="1386" CONTENT="non"/>
                  <SP HEIGHT="42" WIDTH="11" VPOS="874" HPOS="1461"/>
                  <String HEIGHT="42"
                          WIDTH="150"
                          VPOS="874"
                          HPOS="1429"
                          CONTENT="regulantur"/>
                  <SP HEIGHT="42" WIDTH="11" VPOS="874" HPOS="1579"/>
                  <String HEIGHT="42" WIDTH="75" VPOS="874" HPOS="1546" CONTENT="per"/>
                  <SP HEIGHT="42" WIDTH="11" VPOS="874" HPOS="1621"/>
                  <String HEIGHT="42" WIDTH="21" VPOS="874" HPOS="1579" CONTENT=""/>
               </TextLine>
               <TextLine ID="r1l53"
                         BASELINE="940"
                         HEIGHT="30"
                         WIDTH="594"
                         VPOS="910"
                         HPOS="1005">
                  <String HEIGHT="30" WIDTH="83" VPOS="910" HPOS="995" CONTENT="dici"/>
                  <SP HEIGHT="30" WIDTH="10" VPOS="910" HPOS="1078"/>
                  <String HEIGHT="30" WIDTH="63" VPOS="910" HPOS="1047" CONTENT="de"/>
                  <SP HEIGHT="30" WIDTH="10" VPOS="910" HPOS="1109"/>
                  <String HEIGHT="30"
                          WIDTH="83"
                          VPOS="910"
                          HPOS="1078"
                          CONTENT="omni"/>
                  <SP HEIGHT="30" WIDTH="10" VPOS="910" HPOS="1161"/>
                  <String HEIGHT="30"
                          WIDTH="83"
                          VPOS="910"
                          HPOS="1130"
                          CONTENT="quia"/>
                  <SP HEIGHT="30" WIDTH="10" VPOS="910" HPOS="1213"/>
                  <String HEIGHT="30" WIDTH="73" VPOS="910" HPOS="1182" CONTENT="non"/>
                  <SP HEIGHT="30" WIDTH="10" VPOS="910" HPOS="1255"/>
                  <String HEIGHT="30"
                          WIDTH="94"
                          VPOS="910"
                          HPOS="1224"
                          CONTENT="fiunt"/>
                  <SP HEIGHT="30" WIDTH="10" VPOS="910" HPOS="1318"/>
                  <String HEIGHT="30" WIDTH="73" VPOS="910" HPOS="1286" CONTENT="sub"/>
                  <SP HEIGHT="30" WIDTH="10" VPOS="910" HPOS="1359"/>
                  <String HEIGHT="30"
                          WIDTH="104"
                          VPOS="910"
                          HPOS="1328"
                          CONTENT="minore"/>
                  <SP HEIGHT="30" WIDTH="10" VPOS="910" HPOS="1432"/>
                  <String HEIGHT="30" WIDTH="73" VPOS="910" HPOS="1401" CONTENT="pro"/>
                  <SP HEIGHT="30" WIDTH="10" VPOS="910" HPOS="1474"/>
                  <String HEIGHT="30" WIDTH="73" VPOS="910" HPOS="1443" CONTENT="quo"/>
                  <SP HEIGHT="30" WIDTH="10" VPOS="910" HPOS="1516"/>
                  <String HEIGHT="30"
                          WIDTH="104"
                          VPOS="910"
                          HPOS="1484"
                          CONTENT="fiebat"/>
                  <SP HEIGHT="30" WIDTH="10" VPOS="910" HPOS="1589"/>
                  <String HEIGHT="30"
                          WIDTH="52"
                          VPOS="910"
                          HPOS="1547"
                          CONTENT="di"
                          SUBS_TYPE="HypPart1"
                          SUBS_CONTENT="distributio"/>
                  <HYP CONTENT="-"/>
               </TextLine>
               <TextLine ID="r1l55"
                         BASELINE="972"
                         HEIGHT="40"
                         WIDTH="601"
                         VPOS="932"
                         HPOS="1000">
                  <String HEIGHT="40"
                          WIDTH="159"
                          VPOS="932"
                          HPOS="988"
                          CONTENT="stributio"
                          SUBS_TYPE="HypPart2"
                          SUBS_CONTENT="distributio"/>
                  <SP HEIGHT="40" WIDTH="12" VPOS="932" HPOS="1147"/>
                  <String HEIGHT="40" WIDTH="74" VPOS="932" HPOS="1110" CONTENT="in"/>
                  <SP HEIGHT="40" WIDTH="12" VPOS="932" HPOS="1184"/>
                  <String HEIGHT="40"
                          WIDTH="123"
                          VPOS="932"
                          HPOS="1147"
                          CONTENT="maiore"/>
                  <SP HEIGHT="40" WIDTH="12" VPOS="932" HPOS="1270"/>
                  <String HEIGHT="40" WIDTH="86" VPOS="932" HPOS="1233" CONTENT="nec"/>
                  <SP HEIGHT="40" WIDTH="12" VPOS="932" HPOS="1319"/>
                  <String HEIGHT="40" WIDTH="86" VPOS="932" HPOS="1282" CONTENT="pro"/>
                  <SP HEIGHT="40" WIDTH="12" VPOS="932" HPOS="1368"/>
                  <String HEIGHT="40" WIDTH="86" VPOS="932" HPOS="1331" CONTENT="quo"/>
                  <SP HEIGHT="40" WIDTH="12" VPOS="932" HPOS="1417"/>
                  <String HEIGHT="40"
                          WIDTH="172"
                          VPOS="932"
                          HPOS="1380"
                          CONTENT="supponebat"/>
                  <SP HEIGHT="40" WIDTH="12" VPOS="932" HPOS="1552"/>
                  <String HEIGHT="40"
                          WIDTH="98"
                          VPOS="932"
                          HPOS="1503"
                          CONTENT="subie"
                          SUBS_TYPE="HypPart1"
                          SUBS_CONTENT="subiectum"/>
                  <HYP CONTENT="-"/>
               </TextLine>
               <TextLine ID="r1l57"
                         BASELINE="998"
                         HEIGHT="40"
                         WIDTH="609"
                         VPOS="958"
                         HPOS="999">
                  <String HEIGHT="40"
                          WIDTH="87"
                          VPOS="958"
                          HPOS="988"
                          CONTENT="ctum"
                          SUBS_TYPE="HypPart2"
                          SUBS_CONTENT="subiectum"/>
                  <SP HEIGHT="40" WIDTH="11" VPOS="958" HPOS="1075"/>
                  <String HEIGHT="40"
                          WIDTH="120"
                          VPOS="958"
                          HPOS="1043"
                          CONTENT="maioris"/>
                  <SP HEIGHT="40" WIDTH="11" VPOS="958" HPOS="1162"/>
                  <String HEIGHT="40" WIDTH="65" VPOS="958" HPOS="1130" CONTENT="et"/>
                  <SP HEIGHT="40" WIDTH="11" VPOS="958" HPOS="1195"/>
                  <String HEIGHT="40"
                          WIDTH="87"
                          VPOS="958"
                          HPOS="1162"
                          CONTENT="tunc"/>
                  <SP HEIGHT="40" WIDTH="11" VPOS="958" HPOS="1249"/>
                  <String HEIGHT="40"
                          WIDTH="141"
                          VPOS="958"
                          HPOS="1217"
                          CONTENT="diceretur"/>
                  <SP HEIGHT="40" WIDTH="11" VPOS="958" HPOS="1358"/>
                  <String HEIGHT="40"
                          WIDTH="87"
                          VPOS="958"
                          HPOS="1325"
                          CONTENT="quod"/>
                  <SP HEIGHT="40" WIDTH="11" VPOS="958" HPOS="1412"/>
                  <String HEIGHT="40"
                          WIDTH="87"
                          VPOS="958"
                          HPOS="1380"
                          CONTENT="illa"/>
                  <SP HEIGHT="40" WIDTH="11" VPOS="958" HPOS="1467"/>
                  <String HEIGHT="40"
                          WIDTH="163"
                          VPOS="958"
                          HPOS="1434"
                          CONTENT="vniuersalis"/>
                  <SP HEIGHT="40" WIDTH="11" VPOS="958" HPOS="1597"/>
                  <String HEIGHT="40" WIDTH="54" VPOS="958" HPOS="1554" CONTENT="est"/>
               </TextLine>
               <TextLine ID="r1l59"
                         BASELINE="1024"
                         HEIGHT="33"
                         WIDTH="596"
                         VPOS="991"
                         HPOS="1001">
                  <String HEIGHT="33" WIDTH="73" VPOS="991" HPOS="989" CONTENT="de"/>
                  <SP HEIGHT="33" WIDTH="12" VPOS="991" HPOS="1062"/>
                  <String HEIGHT="33"
                          WIDTH="97"
                          VPOS="991"
                          HPOS="1025"
                          CONTENT="omni"/>
                  <SP HEIGHT="33" WIDTH="12" VPOS="991" HPOS="1123"/>
                  <String HEIGHT="33" WIDTH="73" VPOS="991" HPOS="1086" CONTENT="in"/>
                  <SP HEIGHT="33" WIDTH="12" VPOS="991" HPOS="1159"/>
                  <String HEIGHT="33" WIDTH="85" VPOS="991" HPOS="1123" CONTENT="qua"/>
                  <SP HEIGHT="33" WIDTH="12" VPOS="991" HPOS="1208"/>
                  <String HEIGHT="33"
                          WIDTH="146"
                          VPOS="991"
                          HPOS="1171"
                          CONTENT="subictum"/>
                  <SP HEIGHT="33" WIDTH="12" VPOS="991" HPOS="1317"/>
                  <String HEIGHT="33" WIDTH="85" VPOS="991" HPOS="1281" CONTENT="pro"/>
                  <SP HEIGHT="33" WIDTH="12" VPOS="991" HPOS="1366"/>
                  <String HEIGHT="33"
                          WIDTH="109"
                          VPOS="991"
                          HPOS="1329"
                          CONTENT="nullo"/>
                  <SP HEIGHT="33" WIDTH="12" VPOS="991" HPOS="1439"/>
                  <String HEIGHT="33"
                          WIDTH="146"
                          VPOS="991"
                          HPOS="1402"
                          CONTENT="supponit"/>
                  <SP HEIGHT="33" WIDTH="12" VPOS="991" HPOS="1548"/>
                  <String HEIGHT="33" WIDTH="85" VPOS="991" HPOS="1512" CONTENT="vel"/>
                  <SP HEIGHT="33" WIDTH="12" VPOS="991" HPOS="1597"/>
                  <String HEIGHT="33" WIDTH="49" VPOS="991" HPOS="1548" CONTENT="de"/>
               </TextLine>
               <TextLine ID="r1l61"
                         BASELINE="1054"
                         HEIGHT="35"
                         WIDTH="599"
                         VPOS="1019"
                         HPOS="1000">
                  <String HEIGHT="35"
                          WIDTH="129"
                          VPOS="1019"
                          HPOS="988"
                          CONTENT="notatur"/>
                  <SP HEIGHT="35" WIDTH="12" VPOS="1019" HPOS="1117"/>
                  <String HEIGHT="35" WIDTH="70" VPOS="1019" HPOS="1082" CONTENT="ex"/>
                  <SP HEIGHT="35" WIDTH="12" VPOS="1019" HPOS="1153"/>
                  <String HEIGHT="35" WIDTH="70" VPOS="1019" HPOS="1117" CONTENT="vi"/>
                  <SP HEIGHT="35" WIDTH="12" VPOS="1019" HPOS="1188"/>
                  <String HEIGHT="35"
                          WIDTH="141"
                          VPOS="1019"
                          HPOS="1153"
                          CONTENT="sermonis"/>
                  <SP HEIGHT="35" WIDTH="12" VPOS="1019" HPOS="1294"/>
                  <String HEIGHT="35"
                          WIDTH="153"
                          VPOS="1019"
                          HPOS="1258"
                          CONTENT="supponere"/>
                  <SP HEIGHT="35" WIDTH="12" VPOS="1019" HPOS="1411"/>
                  <String HEIGHT="35"
                          WIDTH="94"
                          VPOS="1019"
                          HPOS="1376"
                          CONTENT="quin"/>
                  <SP HEIGHT="35" WIDTH="12" VPOS="1019" HPOS="1470"/>
                  <String HEIGHT="35"
                          WIDTH="94"
                          VPOS="1019"
                          HPOS="1435"
                          CONTENT="sibi"/>
                  <SP HEIGHT="35" WIDTH="12" VPOS="1019" HPOS="1529"/>
                  <String HEIGHT="35"
                          WIDTH="117"
                          VPOS="1019"
                          HPOS="1482"
                          CONTENT="conveni"
                          SUBS_TYPE="HypPart1"
                          SUBS_CONTENT="conveniat"/>
                  <HYP CONTENT="-"/>
               </TextLine>
               <TextLine ID="r1l63"
                         BASELINE="1083"
                         HEIGHT="38"
                         WIDTH="609"
                         VPOS="1045"
                         HPOS="1000">
                  <String HEIGHT="38"
                          WIDTH="51"
                          VPOS="1045"
                          HPOS="991"
                          CONTENT="at"
                          SUBS_TYPE="HypPart2"
                          SUBS_CONTENT="conveniat"/>
                  <SP HEIGHT="38" WIDTH="9" VPOS="1045" HPOS="1043"/>
                  <String HEIGHT="38"
                          WIDTH="129"
                          VPOS="1045"
                          HPOS="1017"
                          CONTENT="praedicatum"/>
                  <SP HEIGHT="38" WIDTH="9" VPOS="1045" HPOS="1146"/>
                  <String HEIGHT="38"
                          WIDTH="60"
                          VPOS="1045"
                          HPOS="1120"
                          CONTENT="sed"/>
                  <SP HEIGHT="38" WIDTH="9" VPOS="1045" HPOS="1180"/>
                  <String HEIGHT="38"
                          WIDTH="60"
                          VPOS="1045"
                          HPOS="1154"
                          CONTENT="non"/>
                  <SP HEIGHT="38" WIDTH="9" VPOS="1045" HPOS="1214"/>
                  <String HEIGHT="38"
                          WIDTH="86"
                          VPOS="1045"
                          HPOS="1189"
                          CONTENT="opetet"/>
                  <SP HEIGHT="38" WIDTH="9" VPOS="1045" HPOS="1274"/>
                  <String HEIGHT="38"
                          WIDTH="69"
                          VPOS="1045"
                          HPOS="1249"
                          CONTENT="quod"/>
                  <SP HEIGHT="38" WIDTH="9" VPOS="1045" HPOS="1317"/>
                  <String HEIGHT="38"
                          WIDTH="112"
                          VPOS="1045"
                          HPOS="1292"
                          CONTENT="conueniat"/>
                  <SP HEIGHT="38" WIDTH="9" VPOS="1045" HPOS="1403"/>
                  <String HEIGHT="38"
                          WIDTH="69"
                          VPOS="1045"
                          HPOS="1377"
                          CONTENT="omni"/>
                  <SP HEIGHT="38" WIDTH="9" VPOS="1045" HPOS="1446"/>
                  <String HEIGHT="38"
                          WIDTH="69"
                          VPOS="1045"
                          HPOS="1420"
                          CONTENT="illi"/>
                  <SP HEIGHT="38" WIDTH="9" VPOS="1045" HPOS="1489"/>
                  <String HEIGHT="38"
                          WIDTH="69"
                          VPOS="1045"
                          HPOS="1463"
                          CONTENT="quod"/>
                  <SP HEIGHT="38" WIDTH="9" VPOS="1045" HPOS="1532"/>
                  <String HEIGHT="38"
                          WIDTH="60"
                          VPOS="1045"
                          HPOS="1506"
                          CONTENT="est"/>
                  <SP HEIGHT="38" WIDTH="9" VPOS="1045" HPOS="1566"/>
                  <String HEIGHT="38"
                          WIDTH="60"
                          VPOS="1045"
                          HPOS="1540"
                          CONTENT="res"/>
                  <SP HEIGHT="38" WIDTH="9" VPOS="1045" HPOS="1600"/>
                  <String HEIGHT="38"
                          WIDTH="43"
                          VPOS="1045"
                          HPOS="1566"
                          CONTENT="si"
                          SUBS_TYPE="HypPart1"
                          SUBS_CONTENT="significata"/>
                  <HYP CONTENT="-"/>
               </TextLine>
               <TextLine ID="r1l65"
                         BASELINE="1110"
                         HEIGHT="34"
                         WIDTH="599"
                         VPOS="1076"
                         HPOS="1001">
                  <String HEIGHT="34"
                          WIDTH="124"
                          VPOS="1076"
                          HPOS="991"
                          CONTENT="gnificata"
                          SUBS_TYPE="HypPart2"
                          SUBS_CONTENT="significata"/>
                  <SP HEIGHT="34" WIDTH="10" VPOS="1076" HPOS="1115"/>
                  <String HEIGHT="34"
                          WIDTH="67"
                          VPOS="1076"
                          HPOS="1087"
                          CONTENT="per"/>
                  <SP HEIGHT="34" WIDTH="10" VPOS="1076" HPOS="1153"/>
                  <String HEIGHT="34"
                          WIDTH="124"
                          VPOS="1076"
                          HPOS="1125"
                          CONTENT="subiectum"/>
                  <SP HEIGHT="34" WIDTH="10" VPOS="1076" HPOS="1248"/>
                  <String HEIGHT="34"
                          WIDTH="67"
                          VPOS="1076"
                          HPOS="1220"
                          CONTENT="nec"/>
                  <SP HEIGHT="34" WIDTH="10" VPOS="1076" HPOS="1286"/>
                  <String HEIGHT="34"
                          WIDTH="95"
                          VPOS="1076"
                          HPOS="1258"
                          CONTENT="opetet"/>
                  <SP HEIGHT="34" WIDTH="10" VPOS="1076" HPOS="1353"/>
                  <String HEIGHT="34"
                          WIDTH="76"
                          VPOS="1076"
                          HPOS="1324"
                          CONTENT="quod"/>
                  <SP HEIGHT="34" WIDTH="10" VPOS="1076" HPOS="1400"/>
                  <String HEIGHT="34"
                          WIDTH="67"
                          VPOS="1076"
                          HPOS="1372"
                          CONTENT="hoc"/>
                  <SP HEIGHT="34" WIDTH="10" VPOS="1076" HPOS="1438"/>
                  <String HEIGHT="34"
                          WIDTH="105"
                          VPOS="1076"
                          HPOS="1410"
                          CONTENT="denotet"/>
                  <SP HEIGHT="34" WIDTH="10" VPOS="1076" HPOS="1514"/>
                  <String HEIGHT="34" WIDTH="57" VPOS="1076" HPOS="1486" CONTENT="et"/>
                  <SP HEIGHT="34" WIDTH="10" VPOS="1076" HPOS="1543"/>
                  <String HEIGHT="34"
                          WIDTH="95"
                          VPOS="1076"
                          HPOS="1505"
                          CONTENT="secundum"/>
               </TextLine>
               <TextLine ID="r1l67"
                         BASELINE="1138"
                         HEIGHT="37"
                         WIDTH="601"
                         VPOS="1101"
                         HPOS="1001">
                  <String HEIGHT="37" WIDTH="68" VPOS="1101" HPOS="991" CONTENT="hoc"/>
                  <SP HEIGHT="37" WIDTH="10" VPOS="1101" HPOS="1059"/>
                  <String HEIGHT="37"
                          WIDTH="78"
                          VPOS="1101"
                          HPOS="1030"
                          CONTENT="ista"/>
                  <SP HEIGHT="37" WIDTH="10" VPOS="1101" HPOS="1108"/>
                  <String HEIGHT="37"
                          WIDTH="87"
                          VPOS="1101"
                          HPOS="1079"
                          CONTENT="omnis"/>
                  <SP HEIGHT="37" WIDTH="10" VPOS="1101" HPOS="1166"/>
                  <String HEIGHT="37"
                          WIDTH="97"
                          VPOS="1101"
                          HPOS="1137"
                          CONTENT="deitas"/>
                  <SP HEIGHT="37" WIDTH="10" VPOS="1101" HPOS="1234"/>
                  <String HEIGHT="37"
                          WIDTH="68"
                          VPOS="1101"
                          HPOS="1205"
                          CONTENT="est"/>
                  <SP HEIGHT="37" WIDTH="10" VPOS="1101" HPOS="1272"/>
                  <String HEIGHT="37"
                          WIDTH="87"
                          VPOS="1101"
                          HPOS="1243"
                          CONTENT="pater"/>
                  <SP HEIGHT="37" WIDTH="10" VPOS="1101" HPOS="1331"/>
                  <String HEIGHT="37"
                          WIDTH="68"
                          VPOS="1101"
                          HPOS="1302"
                          CONTENT="est"/>
                  <SP HEIGHT="37" WIDTH="10" VPOS="1101" HPOS="1369"/>
                  <String HEIGHT="37"
                          WIDTH="145"
                          VPOS="1101"
                          HPOS="1340"
                          CONTENT="vniuersalis"/>
                  <SP HEIGHT="37" WIDTH="10" VPOS="1101" HPOS="1486"/>
                  <String HEIGHT="37" WIDTH="58" VPOS="1101" HPOS="1457" CONTENT="et"/>
                  <SP HEIGHT="37" WIDTH="10" VPOS="1101" HPOS="1515"/>
                  <String HEIGHT="37" WIDTH="58" VPOS="1101" HPOS="1486" CONTENT="de"/>
                  <SP HEIGHT="37" WIDTH="10" VPOS="1101" HPOS="1544"/>
                  <String HEIGHT="37"
                          WIDTH="78"
                          VPOS="1101"
                          HPOS="1515"
                          CONTENT="omin"/>
                  <SP HEIGHT="37" WIDTH="10" VPOS="1101" HPOS="1592"/>
                  <String HEIGHT="37"
                          WIDTH="48"
                          VPOS="1101"
                          HPOS="1554"
                          CONTENT="nec"/>
               </TextLine>
               <TextLine ID="r1l69"
                         BASELINE="1170"
                         HEIGHT="35"
                         WIDTH="607"
                         VPOS="1135"
                         HPOS="997">
                  <String HEIGHT="35"
                          WIDTH="84"
                          VPOS="1135"
                          HPOS="988"
                          CONTENT="habet"/>
                  <SP HEIGHT="35" WIDTH="9" VPOS="1135" HPOS="1072"/>
                  <String HEIGHT="35"
                          WIDTH="75"
                          VPOS="1135"
                          HPOS="1044"
                          CONTENT="nisi"/>
                  <SP HEIGHT="35" WIDTH="9" VPOS="1135" HPOS="1118"/>
                  <String HEIGHT="35"
                          WIDTH="75"
                          VPOS="1135"
                          HPOS="1090"
                          CONTENT="vnam"/>
                  <SP HEIGHT="35" WIDTH="9" VPOS="1135" HPOS="1165"/>
                  <String HEIGHT="35"
                          WIDTH="131"
                          VPOS="1135"
                          HPOS="1137"
                          CONTENT="singularem"/>
                  <SP HEIGHT="35" WIDTH="9" VPOS="1135" HPOS="1268"/>
                  <String HEIGHT="35"
                          WIDTH="75"
                          VPOS="1135"
                          HPOS="1240"
                          CONTENT="hac."/>
                  <SP HEIGHT="35" WIDTH="9" VPOS="1135" HPOS="1315"/>
                  <String HEIGHT="35"
                          WIDTH="112"
                          VPOS="1135"
                          HPOS="1286"
                          CONTENT="scilicet"/>
                  <SP HEIGHT="35" WIDTH="9" VPOS="1135" HPOS="1399"/>
                  <String HEIGHT="35"
                          WIDTH="65"
                          VPOS="1135"
                          HPOS="1371"
                          CONTENT="hec"/>
                  <SP HEIGHT="35" WIDTH="9" VPOS="1135" HPOS="1436"/>
                  <String HEIGHT="35"
                          WIDTH="93"
                          VPOS="1135"
                          HPOS="1408"
                          CONTENT="deitas"/>
                  <SP HEIGHT="35" WIDTH="9" VPOS="1135" HPOS="1501"/>
                  <String HEIGHT="35"
                          WIDTH="112"
                          VPOS="1135"
                          HPOS="1473"
                          CONTENT="communis"/>
                  <SP HEIGHT="35" WIDTH="9" VPOS="1135" HPOS="1585"/>
                  <String HEIGHT="35"
                          WIDTH="56"
                          VPOS="1135"
                          HPOS="1548"
                          CONTENT="etc."/>
               </TextLine>
               <TextLine ID="r1l71"
                         BASELINE="1196"
                         HEIGHT="36"
                         WIDTH="604"
                         VPOS="1160"
                         HPOS="999">
                  <String HEIGHT="36"
                          WIDTH="68"
                          VPOS="1160"
                          HPOS="990"
                          CONTENT="quae"/>
                  <SP HEIGHT="36" WIDTH="9" VPOS="1160" HPOS="1059"/>
                  <String HEIGHT="36"
                          WIDTH="68"
                          VPOS="1160"
                          HPOS="1033"
                          CONTENT="vera"/>
                  <SP HEIGHT="36" WIDTH="9" VPOS="1160" HPOS="1101"/>
                  <String HEIGHT="36"
                          WIDTH="60"
                          VPOS="1160"
                          HPOS="1076"
                          CONTENT="est"/>
                  <SP HEIGHT="36" WIDTH="9" VPOS="1160" HPOS="1135"/>
                  <String HEIGHT="36" WIDTH="51" VPOS="1160" HPOS="1110" CONTENT="et"/>
                  <SP HEIGHT="36" WIDTH="9" VPOS="1160" HPOS="1161"/>
                  <String HEIGHT="36"
                          WIDTH="68"
                          VPOS="1160"
                          HPOS="1135"
                          CONTENT="tunc"/>
                  <SP HEIGHT="36" WIDTH="9" VPOS="1160" HPOS="1203"/>
                  <String HEIGHT="36"
                          WIDTH="77"
                          VPOS="1160"
                          HPOS="1178"
                          CONTENT="minor"/>
                  <SP HEIGHT="36" WIDTH="9" VPOS="1160" HPOS="1254"/>
                  <String HEIGHT="36"
                          WIDTH="68"
                          VPOS="1160"
                          HPOS="1229"
                          CONTENT="quae"/>
                  <SP HEIGHT="36" WIDTH="9" VPOS="1160" HPOS="1297"/>
                  <String HEIGHT="36"
                          WIDTH="77"
                          VPOS="1160"
                          HPOS="1271"
                          CONTENT="dicit"/>
                  <SP HEIGHT="36" WIDTH="9" VPOS="1160" HPOS="1348"/>
                  <String HEIGHT="36"
                          WIDTH="68"
                          VPOS="1160"
                          HPOS="1322"
                          CONTENT="quod"/>
                  <SP HEIGHT="36" WIDTH="9" VPOS="1160" HPOS="1390"/>
                  <String HEIGHT="36"
                          WIDTH="77"
                          VPOS="1160"
                          HPOS="1365"
                          CONTENT="omnis"/>
                  <SP HEIGHT="36" WIDTH="9" VPOS="1160" HPOS="1441"/>
                  <String HEIGHT="36"
                          WIDTH="85"
                          VPOS="1160"
                          HPOS="1416"
                          CONTENT="filius"/>
                  <SP HEIGHT="36" WIDTH="9" VPOS="1160" HPOS="1501"/>
                  <String HEIGHT="36" WIDTH="51" VPOS="1160" HPOS="1475" CONTENT="in"/>
                  <SP HEIGHT="36" WIDTH="9" VPOS="1160" HPOS="1526"/>
                  <String HEIGHT="36"
                          WIDTH="94"
                          VPOS="1160"
                          HPOS="1501"
                          CONTENT="diuinis"/>
                  <SP HEIGHT="36" WIDTH="9" VPOS="1160" HPOS="1594"/>
                  <String HEIGHT="36"
                          WIDTH="43"
                          VPOS="1160"
                          HPOS="1560"
                          CONTENT="est"/>
               </TextLine>
               <TextLine ID="r1l73"
                         BASELINE="1223"
                         HEIGHT="37"
                         WIDTH="607"
                         VPOS="1186"
                         HPOS="1000">
                  <String HEIGHT="37"
                          WIDTH="89"
                          VPOS="1186"
                          HPOS="991"
                          CONTENT="deitas"/>
                  <SP HEIGHT="37" WIDTH="9" VPOS="1186" HPOS="1080"/>
                  <String HEIGHT="37"
                          WIDTH="62"
                          VPOS="1186"
                          HPOS="1054"
                          CONTENT="non"/>
                  <SP HEIGHT="37" WIDTH="9" VPOS="1186" HPOS="1116"/>
                  <String HEIGHT="37"
                          WIDTH="98"
                          VPOS="1186"
                          HPOS="1089"
                          CONTENT="sumitur"/>
                  <SP HEIGHT="37" WIDTH="9" VPOS="1186" HPOS="1187"/>
                  <String HEIGHT="37"
                          WIDTH="62"
                          VPOS="1186"
                          HPOS="1161"
                          CONTENT="sub"/>
                  <SP HEIGHT="37" WIDTH="9" VPOS="1186" HPOS="1223"/>
                  <String HEIGHT="37"
                          WIDTH="71"
                          VPOS="1186"
                          HPOS="1196"
                          CONTENT="quia"/>
                  <SP HEIGHT="37" WIDTH="9" VPOS="1186" HPOS="1268"/>
                  <String HEIGHT="37"
                          WIDTH="62"
                          VPOS="1186"
                          HPOS="1241"
                          CONTENT="let"/>
                  <SP HEIGHT="37" WIDTH="9" VPOS="1186" HPOS="1304"/>
                  <String HEIGHT="37"
                          WIDTH="89"
                          VPOS="1186"
                          HPOS="1277"
                          CONTENT="filius"/>
                  <SP HEIGHT="37" WIDTH="9" VPOS="1186" HPOS="1366"/>
                  <String HEIGHT="37"
                          WIDTH="62"
                          VPOS="1186"
                          HPOS="1339"
                          CONTENT="sit"/>
                  <SP HEIGHT="37" WIDTH="9" VPOS="1186" HPOS="1402"/>
                  <String HEIGHT="37"
                          WIDTH="89"
                          VPOS="1186"
                          HPOS="1375"
                          CONTENT="deitas"/>
                  <SP HEIGHT="37" WIDTH="9" VPOS="1186" HPOS="1464"/>
                  <String HEIGHT="37"
                          WIDTH="80"
                          VPOS="1186"
                          HPOS="1437"
                          CONTENT="ista."/>
                  <SP HEIGHT="37" WIDTH="9" VPOS="1186" HPOS="1518"/>
                  <String HEIGHT="37"
                          WIDTH="80"
                          VPOS="1186"
                          HPOS="1491"
                          CONTENT="tamen"/>
                  <SP HEIGHT="37" WIDTH="9" VPOS="1186" HPOS="1571"/>
                  <String HEIGHT="37"
                          WIDTH="62"
                          VPOS="1186"
                          HPOS="1545"
                          CONTENT="pro"/>
                  <SP HEIGHT="37" WIDTH="9" VPOS="1186" HPOS="1607"/>
                  <String HEIGHT="37" WIDTH="36" VPOS="1186" HPOS="1571" CONTENT="fi"/>
               </TextLine>
               <TextLine ID="r1l75"
                         BASELINE="1254"
                         HEIGHT="36"
                         WIDTH="607"
                         VPOS="1218"
                         HPOS="1001">
                  <String HEIGHT="36" WIDTH="76" VPOS="1218" HPOS="990" CONTENT="lio"/>
                  <SP HEIGHT="36" WIDTH="11" VPOS="1218" HPOS="1066"/>
                  <String HEIGHT="36"
                          WIDTH="76"
                          VPOS="1218"
                          HPOS="1034"
                          CONTENT="non"/>
                  <SP HEIGHT="36" WIDTH="11" VPOS="1218" HPOS="1109"/>
                  <String HEIGHT="36"
                          WIDTH="130"
                          VPOS="1218"
                          HPOS="1077"
                          CONTENT="supponit"/>
                  <SP HEIGHT="36" WIDTH="11" VPOS="1218" HPOS="1207"/>
                  <String HEIGHT="36"
                          WIDTH="141"
                          VPOS="1218"
                          HPOS="1174"
                          CONTENT="subiectum"/>
                  <SP HEIGHT="36" WIDTH="11" VPOS="1218" HPOS="1315"/>
                  <String HEIGHT="36"
                          WIDTH="119"
                          VPOS="1218"
                          HPOS="1283"
                          CONTENT="maiorum"/>
                  <SP HEIGHT="36" WIDTH="11" VPOS="1218" HPOS="1402"/>
                  <String HEIGHT="36"
                          WIDTH="76"
                          VPOS="1218"
                          HPOS="1370"
                          CONTENT="nec"/>
                  <SP HEIGHT="36" WIDTH="11" VPOS="1218" HPOS="1445"/>
                  <String HEIGHT="36"
                          WIDTH="76"
                          VPOS="1218"
                          HPOS="1413"
                          CONTENT="pro"/>
                  <SP HEIGHT="36" WIDTH="11" VPOS="1218" HPOS="1489"/>
                  <String HEIGHT="36"
                          WIDTH="98"
                          VPOS="1218"
                          HPOS="1456"
                          CONTENT="patre"/>
                  <SP HEIGHT="36" WIDTH="11" VPOS="1218" HPOS="1554"/>
                  <String HEIGHT="36"
                          WIDTH="76"
                          VPOS="1218"
                          HPOS="1521"
                          CONTENT="nec"/>
                  <SP HEIGHT="36" WIDTH="11" VPOS="1218" HPOS="1597"/>
                  <String HEIGHT="36"
                          WIDTH="54"
                          VPOS="1218"
                          HPOS="1554"
                          CONTENT="pro"/>
               </TextLine>
               <TextLine ID="r1l78"
                         BASELINE="1286"
                         HEIGHT="35"
                         WIDTH="593"
                         VPOS="1251"
                         HPOS="1007">
                  <String HEIGHT="35"
                          WIDTH="77"
                          VPOS="1251"
                          HPOS="997"
                          CONTENT="alia"/>
                  <SP HEIGHT="35" WIDTH="10" VPOS="1251" HPOS="1074"/>
                  <String HEIGHT="35"
                          WIDTH="124"
                          VPOS="1251"
                          HPOS="1045"
                          CONTENT="personam."/>
                  <SP HEIGHT="35" WIDTH="10" VPOS="1251" HPOS="1170"/>
                  <String HEIGHT="35" WIDTH="48" VPOS="1251" HPOS="1141" CONTENT="⁋"/>
                  <SP HEIGHT="35" WIDTH="10" VPOS="1251" HPOS="1189"/>
                  <String HEIGHT="35"
                          WIDTH="124"
                          VPOS="1251"
                          HPOS="1160"
                          CONTENT="Similiter"/>
                  <SP HEIGHT="35" WIDTH="10" VPOS="1251" HPOS="1284"/>
                  <String HEIGHT="35"
                          WIDTH="105"
                          VPOS="1251"
                          HPOS="1256"
                          CONTENT="dicetur"/>
                  <SP HEIGHT="35" WIDTH="10" VPOS="1251" HPOS="1361"/>
                  <String HEIGHT="35" WIDTH="57" VPOS="1251" HPOS="1332" CONTENT="in"/>
                  <SP HEIGHT="35" WIDTH="10" VPOS="1251" HPOS="1390"/>
                  <String HEIGHT="35"
                          WIDTH="86"
                          VPOS="1251"
                          HPOS="1361"
                          CONTENT="aliis"/>
                  <SP HEIGHT="35" WIDTH="10" VPOS="1251" HPOS="1447"/>
                  <String HEIGHT="35"
                          WIDTH="67"
                          VPOS="1251"
                          HPOS="1418"
                          CONTENT="ebi"/>
                  <SP HEIGHT="35" WIDTH="10" VPOS="1251" HPOS="1485"/>
                  <String HEIGHT="35"
                          WIDTH="105"
                          VPOS="1251"
                          HPOS="1457"
                          CONTENT="gratia."/>
                  <SP HEIGHT="35" WIDTH="10" VPOS="1251" HPOS="1562"/>
                  <String HEIGHT="35"
                          WIDTH="77"
                          VPOS="1251"
                          HPOS="1523"
                          CONTENT="subie"
                          SUBS_TYPE="HypPart1"
                          SUBS_CONTENT="subiectum"/>
                  <HYP CONTENT="-"/>
               </TextLine>
               <TextLine ID="r1l81"
                         BASELINE="1310"
                         HEIGHT="30"
                         WIDTH="590"
                         VPOS="1280"
                         HPOS="1007">
                  <String HEIGHT="30"
                          WIDTH="66"
                          VPOS="1280"
                          HPOS="999"
                          CONTENT="ctum"
                          SUBS_TYPE="HypPart2"
                          SUBS_CONTENT="subiectum"/>
                  <SP HEIGHT="30" WIDTH="8" VPOS="1280" HPOS="1064"/>
                  <String HEIGHT="30"
                          WIDTH="82"
                          VPOS="1280"
                          HPOS="1040"
                          CONTENT="istius"/>
                  <SP HEIGHT="30" WIDTH="8" VPOS="1280" HPOS="1122"/>
                  <String HEIGHT="30"
                          WIDTH="90"
                          VPOS="1280"
                          HPOS="1097"
                          CONTENT="maioris"/>
                  <SP HEIGHT="30" WIDTH="8" VPOS="1280" HPOS="1187"/>
                  <String HEIGHT="30"
                          WIDTH="66"
                          VPOS="1280"
                          HPOS="1163"
                          CONTENT="omne"/>
                  <SP HEIGHT="30" WIDTH="8" VPOS="1280" HPOS="1228"/>
                  <String HEIGHT="30"
                          WIDTH="74"
                          VPOS="1280"
                          HPOS="1204"
                          CONTENT="illud"/>
                  <SP HEIGHT="30" WIDTH="8" VPOS="1280" HPOS="1277"/>
                  <String HEIGHT="30"
                          WIDTH="66"
                          VPOS="1280"
                          HPOS="1253"
                          CONTENT="quod"/>
                  <SP HEIGHT="30" WIDTH="8" VPOS="1280" HPOS="1318"/>
                  <String HEIGHT="30"
                          WIDTH="57"
                          VPOS="1280"
                          HPOS="1294"
                          CONTENT="est"/>
                  <SP HEIGHT="30" WIDTH="8" VPOS="1280" HPOS="1351"/>
                  <String HEIGHT="30"
                          WIDTH="74"
                          VPOS="1280"
                          HPOS="1327"
                          CONTENT="pater"/>
                  <SP HEIGHT="30" WIDTH="8" VPOS="1280" HPOS="1400"/>
                  <String HEIGHT="30"
                          WIDTH="57"
                          VPOS="1280"
                          HPOS="1376"
                          CONTENT="est"/>
                  <SP HEIGHT="30" WIDTH="8" VPOS="1280" HPOS="1433"/>
                  <String HEIGHT="30"
                          WIDTH="74"
                          VPOS="1280"
                          HPOS="1409"
                          CONTENT="pater"/>
                  <SP HEIGHT="30" WIDTH="8" VPOS="1280" HPOS="1482"/>
                  <String HEIGHT="30"
                          WIDTH="57"
                          VPOS="1280"
                          HPOS="1458"
                          CONTENT="non"/>
                  <SP HEIGHT="30" WIDTH="8" VPOS="1280" HPOS="1515"/>
                  <String HEIGHT="30"
                          WIDTH="98"
                          VPOS="1280"
                          HPOS="1490"
                          CONTENT="supponit"/>
                  <SP HEIGHT="30" WIDTH="8" VPOS="1280" HPOS="1589"/>
                  <String HEIGHT="30"
                          WIDTH="41"
                          VPOS="1280"
                          HPOS="1556"
                          CONTENT="pro"/>
               </TextLine>
               <TextLine ID="r1l84"
                         BASELINE="1338"
                         HEIGHT="34"
                         WIDTH="597"
                         VPOS="1304"
                         HPOS="1006">
                  <String HEIGHT="34"
                          WIDTH="72"
                          VPOS="1304"
                          HPOS="998"
                          CONTENT="filio"/>
                  <SP HEIGHT="34" WIDTH="8" VPOS="1304" HPOS="1070"/>
                  <String HEIGHT="34"
                          WIDTH="72"
                          VPOS="1304"
                          HPOS="1046"
                          CONTENT="licet"/>
                  <SP HEIGHT="34" WIDTH="8" VPOS="1304" HPOS="1117"/>
                  <String HEIGHT="34"
                          WIDTH="80"
                          VPOS="1304"
                          HPOS="1094"
                          CONTENT="filius"/>
                  <SP HEIGHT="34" WIDTH="8" VPOS="1304" HPOS="1173"/>
                  <String HEIGHT="34"
                          WIDTH="56"
                          VPOS="1304"
                          HPOS="1149"
                          CONTENT="sit"/>
                  <SP HEIGHT="34" WIDTH="8" VPOS="1304" HPOS="1205"/>
                  <String HEIGHT="34"
                          WIDTH="72"
                          VPOS="1304"
                          HPOS="1181"
                          CONTENT="illud"/>
                  <SP HEIGHT="34" WIDTH="8" VPOS="1304" HPOS="1253"/>
                  <String HEIGHT="34"
                          WIDTH="64"
                          VPOS="1304"
                          HPOS="1229"
                          CONTENT="quod"/>
                  <SP HEIGHT="34" WIDTH="8" VPOS="1304" HPOS="1293"/>
                  <String HEIGHT="34"
                          WIDTH="56"
                          VPOS="1304"
                          HPOS="1269"
                          CONTENT="est"/>
                  <SP HEIGHT="34" WIDTH="8" VPOS="1304" HPOS="1324"/>
                  <String HEIGHT="34"
                          WIDTH="72"
                          VPOS="1304"
                          HPOS="1301"
                          CONTENT="pater"/>
                  <SP HEIGHT="34" WIDTH="8" VPOS="1304" HPOS="1372"/>
                  <String HEIGHT="34"
                          WIDTH="72"
                          VPOS="1304"
                          HPOS="1348"
                          CONTENT="maior"/>
                  <SP HEIGHT="34" WIDTH="8" VPOS="1304" HPOS="1420"/>
                  <String HEIGHT="34"
                          WIDTH="64"
                          VPOS="1304"
                          HPOS="1396"
                          CONTENT="enim"/>
                  <SP HEIGHT="34" WIDTH="8" VPOS="1304" HPOS="1460"/>
                  <String HEIGHT="34"
                          WIDTH="64"
                          VPOS="1304"
                          HPOS="1436"
                          CONTENT="illa"/>
                  <SP HEIGHT="34" WIDTH="8" VPOS="1304" HPOS="1500"/>
                  <String HEIGHT="34"
                          WIDTH="56"
                          VPOS="1304"
                          HPOS="1476"
                          CONTENT="est"/>
                  <SP HEIGHT="34" WIDTH="8" VPOS="1304" HPOS="1531"/>
                  <String HEIGHT="34"
                          WIDTH="64"
                          VPOS="1304"
                          HPOS="1507"
                          CONTENT="vera"/>
                  <SP HEIGHT="34" WIDTH="8" VPOS="1304" HPOS="1571"/>
                  <String HEIGHT="34" WIDTH="48" VPOS="1304" HPOS="1547" CONTENT="et"/>
                  <SP HEIGHT="34" WIDTH="8" VPOS="1304" HPOS="1595"/>
                  <String HEIGHT="34"
                          WIDTH="40"
                          VPOS="1304"
                          HPOS="1563"
                          CONTENT="per"/>
               </TextLine>
               <TextLine ID="r1l86"
                         BASELINE="1368"
                         HEIGHT="30"
                         WIDTH="613"
                         VPOS="1338"
                         HPOS="1000">
                  <String HEIGHT="30"
                          WIDTH="143"
                          VPOS="1338"
                          HPOS="990"
                          CONTENT="consequens"/>
                  <SP HEIGHT="30" WIDTH="10" VPOS="1338" HPOS="1133"/>
                  <String HEIGHT="30"
                          WIDTH="72"
                          VPOS="1338"
                          HPOS="1102"
                          CONTENT="non"/>
                  <SP HEIGHT="30" WIDTH="10" VPOS="1338" HPOS="1174"/>
                  <String HEIGHT="30"
                          WIDTH="133"
                          VPOS="1338"
                          HPOS="1143"
                          CONTENT="denotatur"/>
                  <SP HEIGHT="30" WIDTH="10" VPOS="1338" HPOS="1276"/>
                  <String HEIGHT="30"
                          WIDTH="72"
                          VPOS="1338"
                          HPOS="1245"
                          CONTENT="ibi"/>
                  <SP HEIGHT="30" WIDTH="10" VPOS="1338" HPOS="1317"/>
                  <String HEIGHT="30"
                          WIDTH="133"
                          VPOS="1338"
                          HPOS="1286"
                          CONTENT="conuenire"/>
                  <SP HEIGHT="30" WIDTH="10" VPOS="1338" HPOS="1419"/>
                  <String HEIGHT="30"
                          WIDTH="153"
                          VPOS="1338"
                          HPOS="1388"
                          CONTENT="praedicatum"/>
                  <SP HEIGHT="30" WIDTH="10" VPOS="1338" HPOS="1541"/>
                  <String HEIGHT="30"
                          WIDTH="102"
                          VPOS="1338"
                          HPOS="1511"
                          CONTENT="alicui"/>
                  <SP HEIGHT="30" WIDTH="10" VPOS="1338" HPOS="1613"/>
                  <String HEIGHT="30" WIDTH="41" VPOS="1338" HPOS="1572" CONTENT="ni"/>
               </TextLine>
               <TextLine ID="r1l89"
                         BASELINE="1394"
                         HEIGHT="38"
                         WIDTH="600"
                         VPOS="1356"
                         HPOS="1005">
                  <String HEIGHT="38" WIDTH="72" VPOS="1356" HPOS="993" CONTENT="si"/>
                  <SP HEIGHT="38" WIDTH="12" VPOS="1356" HPOS="1065"/>
                  <String HEIGHT="38"
                          WIDTH="84"
                          VPOS="1356"
                          HPOS="1029"
                          CONTENT="cui"/>
                  <SP HEIGHT="38" WIDTH="12" VPOS="1356" HPOS="1113"/>
                  <String HEIGHT="38"
                          WIDTH="144"
                          VPOS="1356"
                          HPOS="1077"
                          CONTENT="conuenit"/>
                  <SP HEIGHT="38" WIDTH="12" VPOS="1356" HPOS="1221"/>
                  <String HEIGHT="38"
                          WIDTH="156"
                          VPOS="1356"
                          HPOS="1185"
                          CONTENT="subiectum"/>
                  <SP HEIGHT="38" WIDTH="12" VPOS="1356" HPOS="1341"/>
                  <String HEIGHT="38"
                          WIDTH="108"
                          VPOS="1356"
                          HPOS="1305"
                          CONTENT="cuius"/>
                  <SP HEIGHT="38" WIDTH="12" VPOS="1356" HPOS="1413"/>
                  <String HEIGHT="38"
                          WIDTH="96"
                          VPOS="1356"
                          HPOS="1377"
                          CONTENT="modi"/>
                  <SP HEIGHT="38" WIDTH="12" VPOS="1356" HPOS="1473"/>
                  <String HEIGHT="38"
                          WIDTH="84"
                          VPOS="1356"
                          HPOS="1437"
                          CONTENT="non"/>
                  <SP HEIGHT="38" WIDTH="12" VPOS="1356" HPOS="1521"/>
                  <String HEIGHT="38"
                          WIDTH="84"
                          VPOS="1356"
                          HPOS="1485"
                          CONTENT="est"/>
                  <SP HEIGHT="38" WIDTH="12" VPOS="1356" HPOS="1569"/>
                  <String HEIGHT="38"
                          WIDTH="84"
                          VPOS="1356"
                          HPOS="1521"
                          CONTENT="fili"
                          SUBS_TYPE="HypPart1"
                          SUBS_CONTENT="filius"/>
                  <HYP CONTENT="-"/>
               </TextLine>
               <TextLine ID="r1l92"
                         BASELINE="1423"
                         HEIGHT="35"
                         WIDTH="595"
                         VPOS="1388"
                         HPOS="1012">
                  <String HEIGHT="35"
                          WIDTH="69"
                          VPOS="1388"
                          HPOS="1001"
                          CONTENT="us"
                          SUBS_TYPE="HypPart2"
                          SUBS_CONTENT="filius"/>
                  <SP HEIGHT="35" WIDTH="11" VPOS="1388" HPOS="1069"/>
                  <String HEIGHT="35"
                          WIDTH="80"
                          VPOS="1388"
                          HPOS="1035"
                          CONTENT="nec"/>
                  <SP HEIGHT="35" WIDTH="11" VPOS="1388" HPOS="1115"/>
                  <String HEIGHT="35"
                          WIDTH="137"
                          VPOS="1388"
                          HPOS="1081"
                          CONTENT="supponit"/>
                  <SP HEIGHT="35" WIDTH="11" VPOS="1388" HPOS="1218"/>
                  <String HEIGHT="35"
                          WIDTH="149"
                          VPOS="1388"
                          HPOS="1184"
                          CONTENT="subiectum"/>
                  <SP HEIGHT="35" WIDTH="11" VPOS="1388" HPOS="1332"/>
                  <String HEIGHT="35"
                          WIDTH="114"
                          VPOS="1388"
                          HPOS="1298"
                          CONTENT="istius"/>
                  <SP HEIGHT="35" WIDTH="11" VPOS="1388" HPOS="1412"/>
                  <String HEIGHT="35"
                          WIDTH="80"
                          VPOS="1388"
                          HPOS="1378"
                          CONTENT="pro"/>
                  <SP HEIGHT="35" WIDTH="11" VPOS="1388" HPOS="1458"/>
                  <String HEIGHT="35"
                          WIDTH="103"
                          VPOS="1388"
                          HPOS="1424"
                          CONTENT="filio"/>
                  <SP HEIGHT="35" WIDTH="11" VPOS="1388" HPOS="1527"/>
                  <String HEIGHT="35"
                          WIDTH="103"
                          VPOS="1388"
                          HPOS="1493"
                          CONTENT="licet"/>
                  <SP HEIGHT="35" WIDTH="11" VPOS="1388" HPOS="1596"/>
                  <String HEIGHT="35"
                          WIDTH="57"
                          VPOS="1388"
                          HPOS="1550"
                          CONTENT="ve"
                          SUBS_TYPE="HypPart1"
                          SUBS_CONTENT="vere"/>
                  <HYP CONTENT="-"/>
               </TextLine>
               <TextLine ID="r1l94"
                         BASELINE="1451"
                         HEIGHT="38"
                         WIDTH="596"
                         VPOS="1413"
                         HPOS="1006">
                  <String HEIGHT="38"
                          WIDTH="63"
                          VPOS="1413"
                          HPOS="996"
                          CONTENT="re"
                          SUBS_TYPE="HypPart2"
                          SUBS_CONTENT="vere"/>
                  <SP HEIGHT="38" WIDTH="10" VPOS="1413" HPOS="1058"/>
                  <String HEIGHT="38"
                          WIDTH="94"
                          VPOS="1413"
                          HPOS="1027"
                          CONTENT="filio"/>
                  <SP HEIGHT="38" WIDTH="10" VPOS="1413" HPOS="1121"/>
                  <String HEIGHT="38"
                          WIDTH="136"
                          VPOS="1413"
                          HPOS="1090"
                          CONTENT="conueniat"/>
                  <SP HEIGHT="38" WIDTH="10" VPOS="1413" HPOS="1226"/>
                  <String HEIGHT="38" WIDTH="63" VPOS="1413" HPOS="1194" CONTENT="et"/>
                  <SP HEIGHT="38" WIDTH="10" VPOS="1413" HPOS="1257"/>
                  <String HEIGHT="38"
                          WIDTH="94"
                          VPOS="1413"
                          HPOS="1226"
                          CONTENT="tamen"/>
                  <SP HEIGHT="38" WIDTH="10" VPOS="1413" HPOS="1320"/>
                  <String HEIGHT="38"
                          WIDTH="73"
                          VPOS="1413"
                          HPOS="1288"
                          CONTENT="ibi"/>
                  <SP HEIGHT="38" WIDTH="10" VPOS="1413" HPOS="1362"/>
                  <String HEIGHT="38"
                          WIDTH="167"
                          VPOS="1413"
                          HPOS="1330"
                          CONTENT="distribuitur"/>
                  <SP HEIGHT="38" WIDTH="10" VPOS="1413" HPOS="1497"/>
                  <String HEIGHT="38"
                          WIDTH="73"
                          VPOS="1413"
                          HPOS="1466"
                          CONTENT="pro"/>
                  <SP HEIGHT="38" WIDTH="10" VPOS="1413" HPOS="1539"/>
                  <String HEIGHT="38"
                          WIDTH="105"
                          VPOS="1413"
                          HPOS="1497"
                          CONTENT="quolibes"/>
               </TextLine>
               <TextLine ID="r1l96"
                         BASELINE="1482"
                         HEIGHT="35"
                         WIDTH="599"
                         VPOS="1447"
                         HPOS="1010">
                  <String HEIGHT="35" WIDTH="87" VPOS="1447" HPOS="998" CONTENT="pro"/>
                  <SP HEIGHT="35" WIDTH="12" VPOS="1447" HPOS="1085"/>
                  <String HEIGHT="35"
                          WIDTH="87"
                          VPOS="1447"
                          HPOS="1047"
                          CONTENT="quo"/>
                  <SP HEIGHT="35" WIDTH="12" VPOS="1447" HPOS="1135"/>
                  <String HEIGHT="35"
                          WIDTH="150"
                          VPOS="1447"
                          HPOS="1097"
                          CONTENT="supponit"/>
                  <SP HEIGHT="35" WIDTH="12" VPOS="1447" HPOS="1247"/>
                  <String HEIGHT="35"
                          WIDTH="112"
                          VPOS="1447"
                          HPOS="1210"
                          CONTENT="cuius"/>
                  <SP HEIGHT="35" WIDTH="12" VPOS="1447" HPOS="1322"/>
                  <String HEIGHT="35"
                          WIDTH="100"
                          VPOS="1447"
                          HPOS="1285"
                          CONTENT="modi"/>
                  <SP HEIGHT="35" WIDTH="12" VPOS="1447" HPOS="1384"/>
                  <String HEIGHT="35"
                          WIDTH="100"
                          VPOS="1447"
                          HPOS="1347"
                          CONTENT="sunt"/>
                  <SP HEIGHT="35" WIDTH="12" VPOS="1447" HPOS="1447"/>
                  <String HEIGHT="35"
                          WIDTH="125"
                          VPOS="1447"
                          HPOS="1409"
                          CONTENT="deitas"/>
                  <SP HEIGHT="35" WIDTH="12" VPOS="1447" HPOS="1534"/>
                  <String HEIGHT="35" WIDTH="75" VPOS="1447" HPOS="1497" CONTENT="et"/>
                  <SP HEIGHT="35" WIDTH="12" VPOS="1447" HPOS="1572"/>
                  <String HEIGHT="35"
                          WIDTH="87"
                          VPOS="1447"
                          HPOS="1522"
                          CONTENT="spira"/>
               </TextLine>
               <TextLine ID="r1l98"
                         BASELINE="1510"
                         HEIGHT="37"
                         WIDTH="592"
                         VPOS="1473"
                         HPOS="1012">
                  <String HEIGHT="37"
                          WIDTH="69"
                          VPOS="1473"
                          HPOS="1002"
                          CONTENT="tio"/>
                  <SP HEIGHT="37" WIDTH="10" VPOS="1473" HPOS="1071"/>
                  <String HEIGHT="37"
                          WIDTH="99"
                          VPOS="1473"
                          HPOS="1042"
                          CONTENT="actiua"/>
                  <SP HEIGHT="37" WIDTH="10" VPOS="1473" HPOS="1140"/>
                  <String HEIGHT="37" WIDTH="59" VPOS="1473" HPOS="1111" CONTENT="et"/>
                  <SP HEIGHT="37" WIDTH="10" VPOS="1473" HPOS="1170"/>
                  <String HEIGHT="37"
                          WIDTH="89"
                          VPOS="1473"
                          HPOS="1140"
                          CONTENT="omnem"/>
                  <SP HEIGHT="37" WIDTH="10" VPOS="1473" HPOS="1229"/>
                  <String HEIGHT="37" WIDTH="59" VPOS="1473" HPOS="1199" CONTENT="in"/>
                  <SP HEIGHT="37" WIDTH="10" VPOS="1473" HPOS="1259"/>
                  <String HEIGHT="37"
                          WIDTH="109"
                          VPOS="1473"
                          HPOS="1229"
                          CONTENT="diuinis"/>
                  <SP HEIGHT="37" WIDTH="10" VPOS="1473" HPOS="1338"/>
                  <String HEIGHT="37"
                          WIDTH="109"
                          VPOS="1473"
                          HPOS="1308"
                          CONTENT="commune"/>
                  <SP HEIGHT="37" WIDTH="10" VPOS="1473" HPOS="1417"/>
                  <String HEIGHT="37"
                          WIDTH="99"
                          VPOS="1473"
                          HPOS="1387"
                          CONTENT="tribus"/>
                  <SP HEIGHT="37" WIDTH="10" VPOS="1473" HPOS="1486"/>
                  <String HEIGHT="37"
                          WIDTH="128"
                          VPOS="1473"
                          HPOS="1456"
                          CONTENT="personis."/>
                  <SP HEIGHT="37" WIDTH="10" VPOS="1473" HPOS="1584"/>
                  <String HEIGHT="37"
                          WIDTH="59"
                          VPOS="1473"
                          HPOS="1545"
                          CONTENT="quia"/>
               </TextLine>
               <TextLine ID="r1l100"
                         BASELINE="1536"
                         HEIGHT="36"
                         WIDTH="603"
                         VPOS="1500"
                         HPOS="1010">
                  <String HEIGHT="36"
                          WIDTH="95"
                          VPOS="1500"
                          HPOS="998"
                          CONTENT="omne"/>
                  <SP HEIGHT="36" WIDTH="12" VPOS="1500" HPOS="1093"/>
                  <String HEIGHT="36"
                          WIDTH="95"
                          VPOS="1500"
                          HPOS="1057"
                          CONTENT="tale"/>
                  <SP HEIGHT="36" WIDTH="12" VPOS="1500" HPOS="1152"/>
                  <String HEIGHT="36"
                          WIDTH="83"
                          VPOS="1500"
                          HPOS="1116"
                          CONTENT="est"/>
                  <SP HEIGHT="36" WIDTH="12" VPOS="1500" HPOS="1199"/>
                  <String HEIGHT="36"
                          WIDTH="118"
                          VPOS="1500"
                          HPOS="1164"
                          CONTENT="pater."/>
                  <SP HEIGHT="36" WIDTH="12" VPOS="1500" HPOS="1282"/>
                  <String HEIGHT="36"
                          WIDTH="83"
                          VPOS="1500"
                          HPOS="1246"
                          CONTENT="Sed"/>
                  <SP HEIGHT="36" WIDTH="12" VPOS="1500" HPOS="1329"/>
                  <String HEIGHT="36"
                          WIDTH="95"
                          VPOS="1500"
                          HPOS="1294"
                          CONTENT="quid"/>
                  <SP HEIGHT="36" WIDTH="12" VPOS="1500" HPOS="1388"/>
                  <String HEIGHT="36" WIDTH="71" VPOS="1500" HPOS="1353" CONTENT="si"/>
                  <SP HEIGHT="36" WIDTH="12" VPOS="1500" HPOS="1424"/>
                  <String HEIGHT="36"
                          WIDTH="142"
                          VPOS="1500"
                          HPOS="1388"
                          CONTENT="arguitur"/>
                  <SP HEIGHT="36" WIDTH="12" VPOS="1500" HPOS="1530"/>
                  <String HEIGHT="36"
                          WIDTH="83"
                          VPOS="1500"
                          HPOS="1495"
                          CONTENT="sic"/>
                  <SP HEIGHT="36" WIDTH="12" VPOS="1500" HPOS="1578"/>
                  <String HEIGHT="36"
                          WIDTH="83"
                          VPOS="1500"
                          HPOS="1530"
                          CONTENT="omnen"/>
               </TextLine>
               <TextLine ID="r1l102"
                         BASELINE="1562"
                         HEIGHT="34"
                         WIDTH="592"
                         VPOS="1528"
                         HPOS="1020">
                  <String HEIGHT="34"
                          WIDTH="75"
                          VPOS="1528"
                          HPOS="1011"
                          CONTENT="llud"/>
                  <SP HEIGHT="34" WIDTH="9" VPOS="1528" HPOS="1086"/>
                  <String HEIGHT="34"
                          WIDTH="75"
                          VPOS="1528"
                          HPOS="1058"
                          CONTENT="quod"/>
                  <SP HEIGHT="34" WIDTH="9" VPOS="1528" HPOS="1133"/>
                  <String HEIGHT="34"
                          WIDTH="66"
                          VPOS="1528"
                          HPOS="1105"
                          CONTENT="est"/>
                  <SP HEIGHT="34" WIDTH="9" VPOS="1528" HPOS="1170"/>
                  <String HEIGHT="34"
                          WIDTH="85"
                          VPOS="1528"
                          HPOS="1142"
                          CONTENT="pater"/>
                  <SP HEIGHT="34" WIDTH="9" VPOS="1528" HPOS="1227"/>
                  <String HEIGHT="34"
                          WIDTH="66"
                          VPOS="1528"
                          HPOS="1199"
                          CONTENT="est"/>
                  <SP HEIGHT="34" WIDTH="9" VPOS="1528" HPOS="1264"/>
                  <String HEIGHT="34"
                          WIDTH="85"
                          VPOS="1528"
                          HPOS="1236"
                          CONTENT="pater"/>
                  <SP HEIGHT="34" WIDTH="9" VPOS="1528" HPOS="1321"/>
                  <String HEIGHT="34"
                          WIDTH="85"
                          VPOS="1528"
                          HPOS="1293"
                          CONTENT="omnem"/>
                  <SP HEIGHT="34" WIDTH="9" VPOS="1528" HPOS="1377"/>
                  <String HEIGHT="34"
                          WIDTH="85"
                          VPOS="1528"
                          HPOS="1349"
                          CONTENT="illud"/>
                  <SP HEIGHT="34" WIDTH="9" VPOS="1528" HPOS="1433"/>
                  <String HEIGHT="34"
                          WIDTH="75"
                          VPOS="1528"
                          HPOS="1405"
                          CONTENT="quod"/>
                  <SP HEIGHT="34" WIDTH="9" VPOS="1528" HPOS="1480"/>
                  <String HEIGHT="34"
                          WIDTH="66"
                          VPOS="1528"
                          HPOS="1452"
                          CONTENT="est"/>
                  <SP HEIGHT="34" WIDTH="9" VPOS="1528" HPOS="1518"/>
                  <String HEIGHT="34"
                          WIDTH="113"
                          VPOS="1528"
                          HPOS="1490"
                          CONTENT="essentia"/>
                  <SP HEIGHT="34" WIDTH="9" VPOS="1528" HPOS="1603"/>
                  <String HEIGHT="34"
                          WIDTH="47"
                          VPOS="1528"
                          HPOS="1565"
                          CONTENT="est"/>
               </TextLine>
               <TextLine ID="r1l104"
                         BASELINE="1596"
                         HEIGHT="39"
                         WIDTH="596"
                         VPOS="1557"
                         HPOS="1010">
                  <String HEIGHT="39"
                          WIDTH="89"
                          VPOS="1557"
                          HPOS="1000"
                          CONTENT="illud"/>
                  <SP HEIGHT="39" WIDTH="10" VPOS="1557" HPOS="1089"/>
                  <String HEIGHT="39"
                          WIDTH="79"
                          VPOS="1557"
                          HPOS="1060"
                          CONTENT="quod"/>
                  <SP HEIGHT="39" WIDTH="10" VPOS="1557" HPOS="1139"/>
                  <String HEIGHT="39"
                          WIDTH="70"
                          VPOS="1557"
                          HPOS="1109"
                          CONTENT="est"/>
                  <SP HEIGHT="39" WIDTH="10" VPOS="1557" HPOS="1179"/>
                  <String HEIGHT="39"
                          WIDTH="89"
                          VPOS="1557"
                          HPOS="1149"
                          CONTENT="pater"/>
                  <SP HEIGHT="39" WIDTH="10" VPOS="1557" HPOS="1238"/>
                  <String HEIGHT="39"
                          WIDTH="99"
                          VPOS="1557"
                          HPOS="1209"
                          CONTENT="igitur"/>
                  <SP HEIGHT="39" WIDTH="10" VPOS="1557" HPOS="1308"/>
                  <String HEIGHT="39"
                          WIDTH="79"
                          VPOS="1557"
                          HPOS="1278"
                          CONTENT="omne"/>
                  <SP HEIGHT="39" WIDTH="10" VPOS="1557" HPOS="1358"/>
                  <String HEIGHT="39"
                          WIDTH="89"
                          VPOS="1557"
                          HPOS="1328"
                          CONTENT="illud"/>
                  <SP HEIGHT="39" WIDTH="10" VPOS="1557" HPOS="1417"/>
                  <String HEIGHT="39"
                          WIDTH="79"
                          VPOS="1557"
                          HPOS="1387"
                          CONTENT="quod"/>
                  <SP HEIGHT="39" WIDTH="10" VPOS="1557" HPOS="1467"/>
                  <String HEIGHT="39"
                          WIDTH="70"
                          VPOS="1557"
                          HPOS="1437"
                          CONTENT="est"/>
                  <SP HEIGHT="39" WIDTH="10" VPOS="1557" HPOS="1507"/>
                  <String HEIGHT="39"
                          WIDTH="119"
                          VPOS="1557"
                          HPOS="1477"
                          CONTENT="essentia"/>
                  <SP HEIGHT="39" WIDTH="10" VPOS="1557" HPOS="1596"/>
                  <String HEIGHT="39"
                          WIDTH="50"
                          VPOS="1557"
                          HPOS="1556"
                          CONTENT="est"/>
               </TextLine>
               <TextLine ID="r1l106"
                         BASELINE="1622"
                         HEIGHT="39"
                         WIDTH="602"
                         VPOS="1583"
                         HPOS="1007">
                  <String HEIGHT="39"
                          WIDTH="104"
                          VPOS="1583"
                          HPOS="997"
                          CONTENT="pater."/>
                  <SP HEIGHT="39" WIDTH="10" VPOS="1583" HPOS="1100"/>
                  <String HEIGHT="39" WIDTH="52" VPOS="1583" HPOS="1069" CONTENT="⁋"/>
                  <SP HEIGHT="39" WIDTH="10" VPOS="1583" HPOS="1121"/>
                  <String HEIGHT="39"
                          WIDTH="156"
                          VPOS="1583"
                          HPOS="1090"
                          CONTENT="Respondetur"/>
                  <SP HEIGHT="39" WIDTH="10" VPOS="1583" HPOS="1246"/>
                  <String HEIGHT="39"
                          WIDTH="83"
                          VPOS="1583"
                          HPOS="1215"
                          CONTENT="quod"/>
                  <SP HEIGHT="39" WIDTH="10" VPOS="1583" HPOS="1298"/>
                  <String HEIGHT="39"
                          WIDTH="73"
                          VPOS="1583"
                          HPOS="1266"
                          CONTENT="ibi"/>
                  <SP HEIGHT="39" WIDTH="10" VPOS="1583" HPOS="1339"/>
                  <String HEIGHT="39"
                          WIDTH="73"
                          VPOS="1583"
                          HPOS="1308"
                          CONTENT="sit"/>
                  <SP HEIGHT="39" WIDTH="10" VPOS="1583" HPOS="1381"/>
                  <String HEIGHT="39"
                          WIDTH="156"
                          VPOS="1583"
                          HPOS="1350"
                          CONTENT="distributio"/>
                  <SP HEIGHT="39" WIDTH="10" VPOS="1583" HPOS="1505"/>
                  <String HEIGHT="39"
                          WIDTH="73"
                          VPOS="1583"
                          HPOS="1474"
                          CONTENT="pro"/>
                  <SP HEIGHT="39" WIDTH="10" VPOS="1583" HPOS="1547"/>
                  <String HEIGHT="39"
                          WIDTH="104"
                          VPOS="1583"
                          HPOS="1505"
                          CONTENT="pluribus"/>
               </TextLine>
               <TextLine ID="r1l108"
                         BASELINE="1649"
                         HEIGHT="31"
                         WIDTH="599"
                         VPOS="1618"
                         HPOS="1016">
                  <String HEIGHT="31" WIDTH="68" VPOS="1618" HPOS="1005" CONTENT="in"/>
                  <SP HEIGHT="31" WIDTH="11" VPOS="1618" HPOS="1073"/>
                  <String HEIGHT="31"
                          WIDTH="113"
                          VPOS="1618"
                          HPOS="1039"
                          CONTENT="minore"/>
                  <SP HEIGHT="31" WIDTH="11" VPOS="1618" HPOS="1152"/>
                  <String HEIGHT="31"
                          WIDTH="90"
                          VPOS="1618"
                          HPOS="1118"
                          CONTENT="quam"/>
                  <SP HEIGHT="31" WIDTH="11" VPOS="1618" HPOS="1208"/>
                  <String HEIGHT="31" WIDTH="68" VPOS="1618" HPOS="1174" CONTENT="in"/>
                  <SP HEIGHT="31" WIDTH="11" VPOS="1618" HPOS="1242"/>
                  <String HEIGHT="31"
                          WIDTH="113"
                          VPOS="1618"
                          HPOS="1208"
                          CONTENT="maiore"/>
                  <SP HEIGHT="31" WIDTH="11" VPOS="1618" HPOS="1321"/>
                  <String HEIGHT="31"
                          WIDTH="90"
                          VPOS="1618"
                          HPOS="1287"
                          CONTENT="quia"/>
                  <SP HEIGHT="31" WIDTH="11" VPOS="1618" HPOS="1378"/>
                  <String HEIGHT="31" WIDTH="68" VPOS="1618" HPOS="1344" CONTENT="in"/>
                  <SP HEIGHT="31" WIDTH="11" VPOS="1618" HPOS="1412"/>
                  <String HEIGHT="31"
                          WIDTH="113"
                          VPOS="1618"
                          HPOS="1378"
                          CONTENT="maiore"/>
                  <SP HEIGHT="31" WIDTH="11" VPOS="1618" HPOS="1491"/>
                  <String HEIGHT="31"
                          WIDTH="79"
                          VPOS="1618"
                          HPOS="1457"
                          CONTENT="fit"/>
                  <SP HEIGHT="31" WIDTH="11" VPOS="1618" HPOS="1536"/>
                  <String HEIGHT="31"
                          WIDTH="124"
                          VPOS="1618"
                          HPOS="1491"
                          CONTENT="distribu"
                          SUBS_TYPE="HypPart1"
                          SUBS_CONTENT="distributio"/>
                  <HYP CONTENT="-"/>
               </TextLine>
               <TextLine ID="r1l110"
                         BASELINE="1677"
                         HEIGHT="37"
                         WIDTH="600"
                         VPOS="1640"
                         HPOS="1014">
                  <String HEIGHT="37"
                          WIDTH="66"
                          VPOS="1640"
                          HPOS="1005"
                          CONTENT="tio"
                          SUBS_TYPE="HypPart2"
                          SUBS_CONTENT="distributio"/>
                  <SP HEIGHT="37" WIDTH="9" VPOS="1640" HPOS="1070"/>
                  <String HEIGHT="37"
                          WIDTH="94"
                          VPOS="1640"
                          HPOS="1042"
                          CONTENT="tantum"/>
                  <SP HEIGHT="37" WIDTH="9" VPOS="1640" HPOS="1136"/>
                  <String HEIGHT="37"
                          WIDTH="66"
                          VPOS="1640"
                          HPOS="1108"
                          CONTENT="pro"/>
                  <SP HEIGHT="37" WIDTH="9" VPOS="1640" HPOS="1173"/>
                  <String HEIGHT="37"
                          WIDTH="113"
                          VPOS="1640"
                          HPOS="1145"
                          CONTENT="essentia"/>
                  <SP HEIGHT="37" WIDTH="9" VPOS="1640" HPOS="1258"/>
                  <String HEIGHT="37"
                          WIDTH="103"
                          VPOS="1640"
                          HPOS="1230"
                          CONTENT="communi"/>
                  <SP HEIGHT="37" WIDTH="9" VPOS="1640" HPOS="1333"/>
                  <String HEIGHT="37" WIDTH="56" VPOS="1640" HPOS="1305" CONTENT="et"/>
                  <SP HEIGHT="37" WIDTH="9" VPOS="1640" HPOS="1361"/>
                  <String HEIGHT="37"
                          WIDTH="84"
                          VPOS="1640"
                          HPOS="1333"
                          CONTENT="patre"/>
                  <SP HEIGHT="37" WIDTH="9" VPOS="1640" HPOS="1417"/>
                  <String HEIGHT="37" WIDTH="56" VPOS="1640" HPOS="1389" CONTENT="et"/>
                  <SP HEIGHT="37" WIDTH="9" VPOS="1640" HPOS="1445"/>
                  <String HEIGHT="37" WIDTH="56" VPOS="1640" HPOS="1417" CONTENT="in"/>
                  <SP HEIGHT="37" WIDTH="9" VPOS="1640" HPOS="1473"/>
                  <String HEIGHT="37"
                          WIDTH="94"
                          VPOS="1640"
                          HPOS="1445"
                          CONTENT="minore"/>
                  <SP HEIGHT="37" WIDTH="9" VPOS="1640" HPOS="1539"/>
                  <String HEIGHT="37"
                          WIDTH="66"
                          VPOS="1640"
                          HPOS="1511"
                          CONTENT="pro"/>
                  <SP HEIGHT="37" WIDTH="9" VPOS="1640" HPOS="1577"/>
                  <String HEIGHT="37"
                          WIDTH="75"
                          VPOS="1640"
                          HPOS="1539"
                          CONTENT="eisdem"/>
               </TextLine>
               <TextLine ID="r1l112"
                         BASELINE="1706"
                         HEIGHT="36"
                         WIDTH="599"
                         VPOS="1670"
                         HPOS="1016">
                  <String HEIGHT="36" WIDTH="59" VPOS="1670" HPOS="1006" CONTENT="et"/>
                  <SP HEIGHT="36" WIDTH="10" VPOS="1670" HPOS="1065"/>
                  <String HEIGHT="36"
                          WIDTH="88"
                          VPOS="1670"
                          HPOS="1036"
                          CONTENT="simul"/>
                  <SP HEIGHT="36" WIDTH="10" VPOS="1670" HPOS="1124"/>
                  <String HEIGHT="36"
                          WIDTH="69"
                          VPOS="1670"
                          HPOS="1095"
                          CONTENT="cum"/>
                  <SP HEIGHT="36" WIDTH="10" VPOS="1670" HPOS="1163"/>
                  <String HEIGHT="36"
                          WIDTH="69"
                          VPOS="1670"
                          HPOS="1134"
                          CONTENT="hoc"/>
                  <SP HEIGHT="36" WIDTH="10" VPOS="1670" HPOS="1203"/>
                  <String HEIGHT="36"
                          WIDTH="69"
                          VPOS="1670"
                          HPOS="1173"
                          CONTENT="pro"/>
                  <SP HEIGHT="36" WIDTH="10" VPOS="1670" HPOS="1242"/>
                  <String HEIGHT="36"
                          WIDTH="88"
                          VPOS="1670"
                          HPOS="1212"
                          CONTENT="filio"/>
                  <SP HEIGHT="36" WIDTH="10" VPOS="1670" HPOS="1301"/>
                  <String HEIGHT="36"
                          WIDTH="88"
                          VPOS="1670"
                          HPOS="1271"
                          CONTENT="spitu"/>
                  <SP HEIGHT="36" WIDTH="10" VPOS="1670" HPOS="1360"/>
                  <String HEIGHT="36"
                          WIDTH="98"
                          VPOS="1670"
                          HPOS="1330"
                          CONTENT="sancto"/>
                  <SP HEIGHT="36" WIDTH="10" VPOS="1670" HPOS="1428"/>
                  <String HEIGHT="36" WIDTH="59" VPOS="1670" HPOS="1399" CONTENT="et"/>
                  <SP HEIGHT="36" WIDTH="10" VPOS="1670" HPOS="1458"/>
                  <String HEIGHT="36"
                          WIDTH="69"
                          VPOS="1670"
                          HPOS="1428"
                          CONTENT="sic"/>
                  <SP HEIGHT="36" WIDTH="10" VPOS="1670" HPOS="1497"/>
                  <String HEIGHT="36"
                          WIDTH="69"
                          VPOS="1670"
                          HPOS="1468"
                          CONTENT="non"/>
                  <SP HEIGHT="36" WIDTH="10" VPOS="1670" HPOS="1536"/>
                  <String HEIGHT="36"
                          WIDTH="88"
                          VPOS="1670"
                          HPOS="1507"
                          CONTENT="recte"/>
                  <SP HEIGHT="36" WIDTH="10" VPOS="1670" HPOS="1595"/>
                  <String HEIGHT="36"
                          WIDTH="59"
                          VPOS="1670"
                          HPOS="1556"
                          CONTENT="sumi"/>
               </TextLine>
               <TextLine ID="r1l114"
                         BASELINE="1737"
                         HEIGHT="33"
                         WIDTH="602"
                         VPOS="1704"
                         HPOS="1015">
                  <String HEIGHT="33"
                          WIDTH="92"
                          VPOS="1704"
                          HPOS="1002"
                          CONTENT="tur"/>
                  <SP HEIGHT="33" WIDTH="13" VPOS="1704" HPOS="1094"/>
                  <String HEIGHT="33"
                          WIDTH="92"
                          VPOS="1704"
                          HPOS="1054"
                          CONTENT="sub"/>
                  <SP HEIGHT="33" WIDTH="13" VPOS="1704" HPOS="1146"/>
                  <String HEIGHT="33"
                          WIDTH="157"
                          VPOS="1704"
                          HPOS="1107"
                          CONTENT="secundum"/>
                  <SP HEIGHT="33" WIDTH="13" VPOS="1704" HPOS="1264"/>
                  <String HEIGHT="33"
                          WIDTH="92"
                          VPOS="1704"
                          HPOS="1224"
                          CONTENT="hoc"/>
                  <SP HEIGHT="33" WIDTH="13" VPOS="1704" HPOS="1316"/>
                  <String HEIGHT="33"
                          WIDTH="118"
                          VPOS="1704"
                          HPOS="1277"
                          CONTENT="quasi"/>
                  <SP HEIGHT="33" WIDTH="13" VPOS="1704" HPOS="1395"/>
                  <String HEIGHT="33"
                          WIDTH="144"
                          VPOS="1704"
                          HPOS="1355"
                          CONTENT="daretur"/>
                  <SP HEIGHT="33" WIDTH="13" VPOS="1704" HPOS="1499"/>
                  <String HEIGHT="33"
                          WIDTH="105"
                          VPOS="1704"
                          HPOS="1460"
                          CONTENT="iste"/>
                  <SP HEIGHT="33" WIDTH="13" VPOS="1704" HPOS="1565"/>
                  <String HEIGHT="33"
                          WIDTH="105"
                          VPOS="1704"
                          HPOS="1512"
                          CONTENT="sensus"/>
               </TextLine>
               <TextLine ID="r1l116"
                         BASELINE="1766"
                         HEIGHT="37"
                         WIDTH="604"
                         VPOS="1729"
                         HPOS="1011">
                  <String HEIGHT="37"
                          WIDTH="141"
                          VPOS="1729"
                          HPOS="998"
                          CONTENT="maioris"/>
                  <SP HEIGHT="37" WIDTH="13" VPOS="1729" HPOS="1140"/>
                  <String HEIGHT="37"
                          WIDTH="103"
                          VPOS="1729"
                          HPOS="1101"
                          CONTENT="omne"/>
                  <SP HEIGHT="37" WIDTH="13" VPOS="1729" HPOS="1204"/>
                  <String HEIGHT="37"
                          WIDTH="116"
                          VPOS="1729"
                          HPOS="1165"
                          CONTENT="illud"/>
                  <SP HEIGHT="37" WIDTH="13" VPOS="1729" HPOS="1281"/>
                  <String HEIGHT="37"
                          WIDTH="90"
                          VPOS="1729"
                          HPOS="1242"
                          CONTENT="pro"/>
                  <SP HEIGHT="37" WIDTH="13" VPOS="1729" HPOS="1332"/>
                  <String HEIGHT="37"
                          WIDTH="90"
                          VPOS="1729"
                          HPOS="1294"
                          CONTENT="quo"/>
                  <SP HEIGHT="37" WIDTH="13" VPOS="1729" HPOS="1384"/>
                  <String HEIGHT="37"
                          WIDTH="154"
                          VPOS="1729"
                          HPOS="1345"
                          CONTENT="supponit"/>
                  <SP HEIGHT="37" WIDTH="13" VPOS="1729" HPOS="1499"/>
                  <String HEIGHT="37"
                          WIDTH="103"
                          VPOS="1729"
                          HPOS="1461"
                          CONTENT="iste"/>
                  <SP HEIGHT="37" WIDTH="13" VPOS="1729" HPOS="1564"/>
                  <String HEIGHT="37"
                          WIDTH="103"
                          VPOS="1729"
                          HPOS="1512"
                          CONTENT="termi"
                          SUBS_TYPE="HypPart1"
                          SUBS_CONTENT="terminus"/>
                  <HYP CONTENT="-"/>
               </TextLine>
               <TextLine ID="r1l118"
                         BASELINE="1793"
                         HEIGHT="33"
                         WIDTH="600"
                         VPOS="1760"
                         HPOS="1016">
                  <String HEIGHT="33"
                          WIDTH="81"
                          VPOS="1760"
                          HPOS="1004"
                          CONTENT="nus"
                          SUBS_TYPE="HypPart2"
                          SUBS_CONTENT="terminus"/>
                  <SP HEIGHT="33" WIDTH="12" VPOS="1760" HPOS="1085"/>
                  <String HEIGHT="33"
                          WIDTH="104"
                          VPOS="1760"
                          HPOS="1051"
                          CONTENT="illud"/>
                  <SP HEIGHT="33" WIDTH="12" VPOS="1760" HPOS="1154"/>
                  <String HEIGHT="33"
                          WIDTH="92"
                          VPOS="1760"
                          HPOS="1120"
                          CONTENT="quod"/>
                  <SP HEIGHT="33" WIDTH="12" VPOS="1760" HPOS="1212"/>
                  <String HEIGHT="33"
                          WIDTH="81"
                          VPOS="1760"
                          HPOS="1178"
                          CONTENT="est"/>
                  <SP HEIGHT="33" WIDTH="12" VPOS="1760" HPOS="1258"/>
                  <String HEIGHT="33"
                          WIDTH="104"
                          VPOS="1760"
                          HPOS="1224"
                          CONTENT="pater"/>
                  <SP HEIGHT="33" WIDTH="12" VPOS="1760" HPOS="1328"/>
                  <String HEIGHT="33"
                          WIDTH="81"
                          VPOS="1760"
                          HPOS="1293"
                          CONTENT="est"/>
                  <SP HEIGHT="33" WIDTH="12" VPOS="1760" HPOS="1374"/>
                  <String HEIGHT="33"
                          WIDTH="115"
                          VPOS="1760"
                          HPOS="1339"
                          CONTENT="pater."/>
                  <SP HEIGHT="33" WIDTH="12" VPOS="1760" HPOS="1454"/>
                  <String HEIGHT="33"
                          WIDTH="104"
                          VPOS="1760"
                          HPOS="1420"
                          CONTENT="Minor"/>
                  <SP HEIGHT="33" WIDTH="12" VPOS="1760" HPOS="1524"/>
                  <String HEIGHT="33"
                          WIDTH="104"
                          VPOS="1760"
                          HPOS="1489"
                          CONTENT="autem"/>
                  <SP HEIGHT="33" WIDTH="12" VPOS="1760" HPOS="1593"/>
                  <String HEIGHT="33"
                          WIDTH="81"
                          VPOS="1760"
                          HPOS="1558"
                          CONTENT="non"/>
                  <SP HEIGHT="33" WIDTH="12" VPOS="1760" HPOS="1639"/>
                  <String HEIGHT="33" WIDTH="23" VPOS="1760" HPOS="1593" CONTENT=""/>
               </TextLine>
               <TextLine ID="r1l120"
                         BASELINE="1821"
                         HEIGHT="33"
                         WIDTH="597"
                         VPOS="1788"
                         HPOS="1018">
                  <String HEIGHT="33"
                          WIDTH="115"
                          VPOS="1788"
                          HPOS="1008"
                          CONTENT="denotat"/>
                  <SP HEIGHT="33" WIDTH="10" VPOS="1788" HPOS="1123"/>
                  <String HEIGHT="33"
                          WIDTH="84"
                          VPOS="1788"
                          HPOS="1091"
                          CONTENT="quod"/>
                  <SP HEIGHT="33" WIDTH="10" VPOS="1788" HPOS="1175"/>
                  <String HEIGHT="33"
                          WIDTH="73"
                          VPOS="1788"
                          HPOS="1144"
                          CONTENT="pro"/>
                  <SP HEIGHT="33" WIDTH="10" VPOS="1788" HPOS="1217"/>
                  <String HEIGHT="33"
                          WIDTH="94"
                          VPOS="1788"
                          HPOS="1186"
                          CONTENT="filio"/>
                  <SP HEIGHT="33" WIDTH="10" VPOS="1788" HPOS="1280"/>
                  <String HEIGHT="33"
                          WIDTH="126"
                          VPOS="1788"
                          HPOS="1248"
                          CONTENT="supponat"/>
                  <SP HEIGHT="33" WIDTH="10" VPOS="1788" HPOS="1374"/>
                  <String HEIGHT="33"
                          WIDTH="94"
                          VPOS="1788"
                          HPOS="1343"
                          CONTENT="illud"/>
                  <SP HEIGHT="33" WIDTH="10" VPOS="1788" HPOS="1437"/>
                  <String HEIGHT="33"
                          WIDTH="136"
                          VPOS="1788"
                          HPOS="1406"
                          CONTENT="subiectum"/>
                  <SP HEIGHT="33" WIDTH="10" VPOS="1788" HPOS="1542"/>
                  <String HEIGHT="33"
                          WIDTH="73"
                          VPOS="1788"
                          HPOS="1510"
                          CONTENT="sed"/>
                  <SP HEIGHT="33" WIDTH="10" VPOS="1788" HPOS="1584"/>
                  <String HEIGHT="33"
                          WIDTH="84"
                          VPOS="1788"
                          HPOS="1552"
                          CONTENT="quod"/>
                  <SP HEIGHT="33" WIDTH="10" VPOS="1788" HPOS="1636"/>
                  <String HEIGHT="33" WIDTH="21" VPOS="1788" HPOS="1594" CONTENT=""/>
               </TextLine>
               <TextLine ID="r1l122"
                         BASELINE="1847"
                         HEIGHT="35"
                         WIDTH="596"
                         VPOS="1812"
                         HPOS="1015">
                  <String HEIGHT="35"
                          WIDTH="112"
                          VPOS="1812"
                          HPOS="1003"
                          CONTENT="illud"/>
                  <SP HEIGHT="35" WIDTH="12" VPOS="1812" HPOS="1114"/>
                  <String HEIGHT="35"
                          WIDTH="87"
                          VPOS="1812"
                          HPOS="1077"
                          CONTENT="pro"/>
                  <SP HEIGHT="35" WIDTH="12" VPOS="1812" HPOS="1164"/>
                  <String HEIGHT="35"
                          WIDTH="87"
                          VPOS="1812"
                          HPOS="1127"
                          CONTENT="quo"/>
                  <SP HEIGHT="35" WIDTH="12" VPOS="1812" HPOS="1214"/>
                  <String HEIGHT="35"
                          WIDTH="149"
                          VPOS="1812"
                          HPOS="1176"
                          CONTENT="supponit"/>
                  <SP HEIGHT="35" WIDTH="12" VPOS="1812" HPOS="1325"/>
                  <String HEIGHT="35"
                          WIDTH="87"
                          VPOS="1812"
                          HPOS="1288"
                          CONTENT="nec"/>
                  <SP HEIGHT="35" WIDTH="12" VPOS="1812" HPOS="1375"/>
                  <String HEIGHT="35"
                          WIDTH="99"
                          VPOS="1812"
                          HPOS="1338"
                          CONTENT="enim"/>
                  <SP HEIGHT="35" WIDTH="12" VPOS="1812" HPOS="1437"/>
                  <String HEIGHT="35"
                          WIDTH="99"
                          VPOS="1812"
                          HPOS="1400"
                          CONTENT="omne"/>
                  <SP HEIGHT="35" WIDTH="12" VPOS="1812" HPOS="1499"/>
                  <String HEIGHT="35"
                          WIDTH="112"
                          VPOS="1812"
                          HPOS="1462"
                          CONTENT="illud"/>
                  <SP HEIGHT="35" WIDTH="12" VPOS="1812" HPOS="1574"/>
                  <String HEIGHT="35"
                          WIDTH="99"
                          VPOS="1812"
                          HPOS="1537"
                          CONTENT="quod"/>
                  <SP HEIGHT="35" WIDTH="12" VPOS="1812" HPOS="1636"/>
                  <String HEIGHT="35" WIDTH="25" VPOS="1812" HPOS="1586" CONTENT=""/>
               </TextLine>
               <TextLine ID="r1l124"
                         BASELINE="1878"
                         HEIGHT="37"
                         WIDTH="600"
                         VPOS="1841"
                         HPOS="1014">
                  <String HEIGHT="37"
                          WIDTH="78"
                          VPOS="1841"
                          HPOS="1003"
                          CONTENT="est"/>
                  <SP HEIGHT="37" WIDTH="11" VPOS="1841" HPOS="1081"/>
                  <String HEIGHT="37"
                          WIDTH="133"
                          VPOS="1841"
                          HPOS="1047"
                          CONTENT="essentia"/>
                  <SP HEIGHT="37" WIDTH="11" VPOS="1841" HPOS="1181"/>
                  <String HEIGHT="37"
                          WIDTH="78"
                          VPOS="1841"
                          HPOS="1147"
                          CONTENT="nec"/>
                  <SP HEIGHT="37" WIDTH="11" VPOS="1841" HPOS="1225"/>
                  <String HEIGHT="37"
                          WIDTH="89"
                          VPOS="1841"
                          HPOS="1192"
                          CONTENT="omne"/>
                  <SP HEIGHT="37" WIDTH="11" VPOS="1841" HPOS="1281"/>
                  <String HEIGHT="37"
                          WIDTH="100"
                          VPOS="1841"
                          HPOS="1247"
                          CONTENT="illud"/>
                  <SP HEIGHT="37" WIDTH="11" VPOS="1841" HPOS="1347"/>
                  <String HEIGHT="37"
                          WIDTH="89"
                          VPOS="1841"
                          HPOS="1314"
                          CONTENT="quod"/>
                  <SP HEIGHT="37" WIDTH="11" VPOS="1841" HPOS="1403"/>
                  <String HEIGHT="37"
                          WIDTH="78"
                          VPOS="1841"
                          HPOS="1370"
                          CONTENT="est"/>
                  <SP HEIGHT="37" WIDTH="11" VPOS="1841" HPOS="1447"/>
                  <String HEIGHT="37"
                          WIDTH="111"
                          VPOS="1841"
                          HPOS="1414"
                          CONTENT="filius"/>
                  <SP HEIGHT="37" WIDTH="11" VPOS="1841" HPOS="1525"/>
                  <String HEIGHT="37"
                          WIDTH="78"
                          VPOS="1841"
                          HPOS="1492"
                          CONTENT="est"/>
                  <SP HEIGHT="37" WIDTH="11" VPOS="1841" HPOS="1570"/>
                  <String HEIGHT="37"
                          WIDTH="100"
                          VPOS="1841"
                          HPOS="1536"
                          CONTENT="illud"/>
                  <SP HEIGHT="37" WIDTH="11" VPOS="1841" HPOS="1636"/>
                  <String HEIGHT="37" WIDTH="22" VPOS="1841" HPOS="1592" CONTENT=""/>
               </TextLine>
               <TextLine ID="r1l126"
                         BASELINE="1906"
                         HEIGHT="30"
                         WIDTH="591"
                         VPOS="1876"
                         HPOS="1022">
                  <String HEIGHT="30"
                          WIDTH="84"
                          VPOS="1876"
                          HPOS="1010"
                          CONTENT="pro"/>
                  <SP HEIGHT="30" WIDTH="12" VPOS="1876" HPOS="1094"/>
                  <String HEIGHT="30"
                          WIDTH="84"
                          VPOS="1876"
                          HPOS="1058"
                          CONTENT="quo"/>
                  <SP HEIGHT="30" WIDTH="12" VPOS="1876" HPOS="1143"/>
                  <String HEIGHT="30"
                          WIDTH="145"
                          VPOS="1876"
                          HPOS="1106"
                          CONTENT="supponit"/>
                  <SP HEIGHT="30" WIDTH="12" VPOS="1876" HPOS="1251"/>
                  <String HEIGHT="30"
                          WIDTH="96"
                          VPOS="1876"
                          HPOS="1215"
                          CONTENT="iste"/>
                  <SP HEIGHT="30" WIDTH="12" VPOS="1876" HPOS="1311"/>
                  <String HEIGHT="30"
                          WIDTH="145"
                          VPOS="1876"
                          HPOS="1275"
                          CONTENT="terminus"/>
                  <SP HEIGHT="30" WIDTH="12" VPOS="1876" HPOS="1420"/>
                  <String HEIGHT="30"
                          WIDTH="109"
                          VPOS="1876"
                          HPOS="1384"
                          CONTENT="illud"/>
                  <SP HEIGHT="30" WIDTH="12" VPOS="1876" HPOS="1492"/>
                  <String HEIGHT="30"
                          WIDTH="96"
                          VPOS="1876"
                          HPOS="1456"
                          CONTENT="quod"/>
                  <SP HEIGHT="30" WIDTH="12" VPOS="1876" HPOS="1553"/>
                  <String HEIGHT="30"
                          WIDTH="84"
                          VPOS="1876"
                          HPOS="1517"
                          CONTENT="est"/>
                  <SP HEIGHT="30" WIDTH="12" VPOS="1876" HPOS="1601"/>
                  <String HEIGHT="30"
                          WIDTH="60"
                          VPOS="1876"
                          HPOS="1553"
                          CONTENT="pa"
                          SUBS_TYPE="HypPart1"
                          SUBS_CONTENT="pater"/>
                  <HYP CONTENT="-"/>
               </TextLine>
               <TextLine ID="r1l128"
                         BASELINE="1932"
                         HEIGHT="32"
                         WIDTH="588"
                         VPOS="1900"
                         HPOS="1020">
                  <String HEIGHT="32"
                          WIDTH="84"
                          VPOS="1900"
                          HPOS="1008"
                          CONTENT="ter"
                          SUBS_TYPE="HypPart2"
                          SUBS_CONTENT="pater"/>
                  <SP HEIGHT="32" WIDTH="12" VPOS="1900" HPOS="1092"/>
                  <String HEIGHT="32" WIDTH="72" VPOS="1900" HPOS="1056" CONTENT="in"/>
                  <SP HEIGHT="32" WIDTH="12" VPOS="1900" HPOS="1128"/>
                  <String HEIGHT="32"
                          WIDTH="120"
                          VPOS="1900"
                          HPOS="1092"
                          CONTENT="maiore"/>
                  <SP HEIGHT="32" WIDTH="12" VPOS="1900" HPOS="1212"/>
                  <String HEIGHT="32"
                          WIDTH="108"
                          VPOS="1900"
                          HPOS="1176"
                          CONTENT="etiam"/>
                  <SP HEIGHT="32" WIDTH="12" VPOS="1900" HPOS="1284"/>
                  <String HEIGHT="32"
                          WIDTH="120"
                          VPOS="1900"
                          HPOS="1248"
                          CONTENT="posset"/>
                  <SP HEIGHT="32" WIDTH="12" VPOS="1900" HPOS="1368"/>
                  <String HEIGHT="32"
                          WIDTH="96"
                          VPOS="1900"
                          HPOS="1332"
                          CONTENT="dici"/>
                  <SP HEIGHT="32" WIDTH="12" VPOS="1900" HPOS="1428"/>
                  <String HEIGHT="32"
                          WIDTH="96"
                          VPOS="1900"
                          HPOS="1392"
                          CONTENT="quod"/>
                  <SP HEIGHT="32" WIDTH="12" VPOS="1900" HPOS="1488"/>
                  <String HEIGHT="32"
                          WIDTH="108"
                          VPOS="1900"
                          HPOS="1452"
                          CONTENT="minor"/>
                  <SP HEIGHT="32" WIDTH="12" VPOS="1900" HPOS="1560"/>
                  <String HEIGHT="32"
                          WIDTH="96"
                          VPOS="1900"
                          HPOS="1512"
                          CONTENT="sumpta"/>
               </TextLine>
               <TextLine ID="r1l130"
                         BASELINE="1961"
                         HEIGHT="33"
                         WIDTH="607"
                         VPOS="1928"
                         HPOS="1012">
                  <String HEIGHT="33"
                          WIDTH="158"
                          VPOS="1928"
                          HPOS="999"
                          CONTENT="secundum"/>
                  <SP HEIGHT="33" WIDTH="13" VPOS="1928" HPOS="1157"/>
                  <String HEIGHT="33"
                          WIDTH="224"
                          VPOS="1928"
                          HPOS="1118"
                          CONTENT="predicationem"/>
                  <SP HEIGHT="33" WIDTH="13" VPOS="1928" HPOS="1342"/>
                  <String HEIGHT="33"
                          WIDTH="158"
                          VPOS="1928"
                          HPOS="1302"
                          CONTENT="formalem"/>
                  <SP HEIGHT="33" WIDTH="13" VPOS="1928" HPOS="1461"/>
                  <String HEIGHT="33"
                          WIDTH="119"
                          VPOS="1928"
                          HPOS="1421"
                          CONTENT="falsa"/>
                  <SP HEIGHT="33" WIDTH="13" VPOS="1928" HPOS="1540"/>
                  <String HEIGHT="33"
                          WIDTH="119"
                          VPOS="1928"
                          HPOS="1500"
                          CONTENT="esset"/>
                  <SP HEIGHT="33" WIDTH="13" VPOS="1928" HPOS="1619"/>
                  <String HEIGHT="33" WIDTH="53" VPOS="1928" HPOS="1566" CONTENT="ve"/>
               </TextLine>
               <TextLine ID="r1l132"
                         BASELINE="1990"
                         HEIGHT="34"
                         WIDTH="592"
                         VPOS="1956"
                         HPOS="1016">
                  <String HEIGHT="34" WIDTH="66" VPOS="1956" HPOS="1005" CONTENT="ra"/>
                  <SP HEIGHT="34" WIDTH="11" VPOS="1956" HPOS="1071"/>
                  <String HEIGHT="34"
                          WIDTH="99"
                          VPOS="1956"
                          HPOS="1038"
                          CONTENT="tamen"/>
                  <SP HEIGHT="34" WIDTH="11" VPOS="1956" HPOS="1137"/>
                  <String HEIGHT="34"
                          WIDTH="77"
                          VPOS="1956"
                          HPOS="1104"
                          CONTENT="est"/>
                  <SP HEIGHT="34" WIDTH="11" VPOS="1956" HPOS="1180"/>
                  <String HEIGHT="34"
                          WIDTH="132"
                          VPOS="1956"
                          HPOS="1148"
                          CONTENT="secundum"/>
                  <SP HEIGHT="34" WIDTH="11" VPOS="1956" HPOS="1279"/>
                  <String HEIGHT="34"
                          WIDTH="186"
                          VPOS="1956"
                          HPOS="1246"
                          CONTENT="predicationem"/>
                  <SP HEIGHT="34" WIDTH="11" VPOS="1956" HPOS="1433"/>
                  <String HEIGHT="34"
                          WIDTH="186"
                          VPOS="1956"
                          HPOS="1400"
                          CONTENT="ydemptificam."/>
                  <SP HEIGHT="34" WIDTH="11" VPOS="1956" HPOS="1586"/>
                  <String HEIGHT="34" WIDTH="55" VPOS="1956" HPOS="1553" CONTENT="⁋"/>
                  <SP HEIGHT="34" WIDTH="11" VPOS="1956" HPOS="1608"/>
                  <String HEIGHT="34" WIDTH="44" VPOS="1956" HPOS="1564" CONTENT="Se"/>
               </TextLine>
               <TextLine ID="r1l134"
                         BASELINE="2016"
                         HEIGHT="33"
                         WIDTH="595"
                         VPOS="1983"
                         HPOS="1013">
                  <String HEIGHT="33"
                          WIDTH="81"
                          VPOS="1983"
                          HPOS="1003"
                          CONTENT="tunc"/>
                  <SP HEIGHT="33" WIDTH="10" VPOS="1983" HPOS="1084"/>
                  <String HEIGHT="33"
                          WIDTH="71"
                          VPOS="1983"
                          HPOS="1053"
                          CONTENT="non"/>
                  <SP HEIGHT="33" WIDTH="10" VPOS="1983" HPOS="1124"/>
                  <String HEIGHT="33"
                          WIDTH="121"
                          VPOS="1983"
                          HPOS="1094"
                          CONTENT="sufficit"/>
                  <SP HEIGHT="33" WIDTH="10" VPOS="1983" HPOS="1215"/>
                  <String HEIGHT="33"
                          WIDTH="71"
                          VPOS="1983"
                          HPOS="1184"
                          CONTENT="cum"/>
                  <SP HEIGHT="33" WIDTH="10" VPOS="1983" HPOS="1255"/>
                  <String HEIGHT="33"
                          WIDTH="101"
                          VPOS="1983"
                          HPOS="1225"
                          CONTENT="maiore"/>
                  <SP HEIGHT="33" WIDTH="10" VPOS="1983" HPOS="1326"/>
                  <String HEIGHT="33" WIDTH="61" VPOS="1983" HPOS="1295" CONTENT="ad"/>
                  <SP HEIGHT="33" WIDTH="10" VPOS="1983" HPOS="1356"/>
                  <String HEIGHT="33"
                          WIDTH="141"
                          VPOS="1983"
                          HPOS="1326"
                          CONTENT="inferendum"/>
                  <SP HEIGHT="33" WIDTH="10" VPOS="1983" HPOS="1467"/>
                  <String HEIGHT="33"
                          WIDTH="161"
                          VPOS="1983"
                          HPOS="1437"
                          CONTENT="conclusionem"/>
                  <SP HEIGHT="33" WIDTH="10" VPOS="1983" HPOS="1598"/>
                  <String HEIGHT="33"
                          WIDTH="50"
                          VPOS="1983"
                          HPOS="1558"
                          CONTENT="ta"
                          SUBS_TYPE="HypPart1"
                          SUBS_CONTENT="talem"/>
                  <HYP CONTENT="-"/>
               </TextLine>
               <TextLine ID="r1l137"
                         BASELINE="2048"
                         HEIGHT="35"
                         WIDTH="588"
                         VPOS="2013"
                         HPOS="1016">
                  <String HEIGHT="35"
                          WIDTH="75"
                          VPOS="2013"
                          HPOS="1005"
                          CONTENT="lem"
                          SUBS_TYPE="HypPart2"
                          SUBS_CONTENT="talem"/>
                  <SP HEIGHT="35" WIDTH="11" VPOS="2013" HPOS="1080"/>
                  <String HEIGHT="35"
                          WIDTH="75"
                          VPOS="2013"
                          HPOS="1048"
                          CONTENT="sed"/>
                  <SP HEIGHT="35" WIDTH="11" VPOS="2013" HPOS="1123"/>
                  <String HEIGHT="35"
                          WIDTH="107"
                          VPOS="2013"
                          HPOS="1091"
                          CONTENT="contra"/>
                  <SP HEIGHT="35" WIDTH="11" VPOS="2013" HPOS="1198"/>
                  <String HEIGHT="35"
                          WIDTH="75"
                          VPOS="2013"
                          HPOS="1166"
                          CONTENT="hoc"/>
                  <SP HEIGHT="35" WIDTH="11" VPOS="2013" HPOS="1241"/>
                  <String HEIGHT="35"
                          WIDTH="75"
                          VPOS="2013"
                          HPOS="1208"
                          CONTENT="est"/>
                  <SP HEIGHT="35" WIDTH="11" VPOS="2013" HPOS="1283"/>
                  <String HEIGHT="35"
                          WIDTH="107"
                          VPOS="2013"
                          HPOS="1251"
                          CONTENT="regula"/>
                  <SP HEIGHT="35" WIDTH="11" VPOS="2013" HPOS="1358"/>
                  <String HEIGHT="35"
                          WIDTH="128"
                          VPOS="2013"
                          HPOS="1326"
                          CONTENT="allegata"/>
                  <SP HEIGHT="35" WIDTH="11" VPOS="2013" HPOS="1454"/>
                  <String HEIGHT="35"
                          WIDTH="118"
                          VPOS="2013"
                          HPOS="1422"
                          CONTENT="suprius"/>
                  <SP HEIGHT="35" WIDTH="11" VPOS="2013" HPOS="1540"/>
                  <String HEIGHT="35"
                          WIDTH="86"
                          VPOS="2013"
                          HPOS="1508"
                          CONTENT="quod"/>
                  <SP HEIGHT="35" WIDTH="11" VPOS="2013" HPOS="1593"/>
                  <String HEIGHT="35"
                          WIDTH="53"
                          VPOS="2013"
                          HPOS="1551"
                          CONTENT="vni"/>
               </TextLine>
               <TextLine ID="r1l140"
                         BASELINE="2074"
                         HEIGHT="33"
                         WIDTH="590"
                         VPOS="2041"
                         HPOS="1016">
                  <String HEIGHT="33"
                          WIDTH="139"
                          VPOS="2041"
                          HPOS="1004"
                          CONTENT="uersalis"/>
                  <SP HEIGHT="33" WIDTH="12" VPOS="2041" HPOS="1143"/>
                  <String HEIGHT="33"
                          WIDTH="174"
                          VPOS="2041"
                          HPOS="1109"
                          CONTENT="affirmatiua"/>
                  <SP HEIGHT="33" WIDTH="12" VPOS="2041" HPOS="1282"/>
                  <String HEIGHT="33"
                          WIDTH="116"
                          VPOS="2041"
                          HPOS="1247"
                          CONTENT="infert"/>
                  <SP HEIGHT="33" WIDTH="12" VPOS="2041" HPOS="1363"/>
                  <String HEIGHT="33"
                          WIDTH="174"
                          VPOS="2041"
                          HPOS="1328"
                          CONTENT="exclusitiam"/>
                  <SP HEIGHT="33" WIDTH="12" VPOS="2041" HPOS="1502"/>
                  <String HEIGHT="33" WIDTH="69" VPOS="2041" HPOS="1467" CONTENT="de"/>
                  <SP HEIGHT="33" WIDTH="12" VPOS="2041" HPOS="1537"/>
                  <String HEIGHT="33"
                          WIDTH="116"
                          VPOS="2041"
                          HPOS="1490"
                          CONTENT="terminis"/>
               </TextLine>
               <TextLine ID="r1l143"
                         BASELINE="2104"
                         HEIGHT="36"
                         WIDTH="600"
                         VPOS="2068"
                         HPOS="1016">
                  <String HEIGHT="36"
                          WIDTH="182"
                          VPOS="2068"
                          HPOS="1005"
                          CONTENT="transpositis."/>
                  <SP HEIGHT="36" WIDTH="11" VPOS="2068" HPOS="1187"/>
                  <String HEIGHT="36" WIDTH="54" VPOS="2068" HPOS="1155" CONTENT="⁋"/>
                  <SP HEIGHT="36" WIDTH="11" VPOS="2068" HPOS="1209"/>
                  <String HEIGHT="36"
                          WIDTH="86"
                          VPOS="2068"
                          HPOS="1177"
                          CONTENT="Item"/>
                  <SP HEIGHT="36" WIDTH="11" VPOS="2068" HPOS="1262"/>
                  <String HEIGHT="36"
                          WIDTH="86"
                          VPOS="2068"
                          HPOS="1230"
                          CONTENT="quod"/>
                  <SP HEIGHT="36" WIDTH="11" VPOS="2068" HPOS="1316"/>
                  <String HEIGHT="36"
                          WIDTH="86"
                          VPOS="2068"
                          HPOS="1284"
                          CONTENT="illa"/>
                  <SP HEIGHT="36" WIDTH="11" VPOS="2068" HPOS="1370"/>
                  <String HEIGHT="36"
                          WIDTH="118"
                          VPOS="2068"
                          HPOS="1337"
                          CONTENT="dicitur"/>
                  <SP HEIGHT="36" WIDTH="11" VPOS="2068" HPOS="1455"/>
                  <String HEIGHT="36" WIDTH="64" VPOS="2068" HPOS="1423" CONTENT="de"/>
                  <SP HEIGHT="36" WIDTH="11" VPOS="2068" HPOS="1487"/>
                  <String HEIGHT="36"
                          WIDTH="86"
                          VPOS="2068"
                          HPOS="1455"
                          CONTENT="omni"/>
                  <SP HEIGHT="36" WIDTH="11" VPOS="2068" HPOS="1541"/>
                  <String HEIGHT="36"
                          WIDTH="75"
                          VPOS="2068"
                          HPOS="1509"
                          CONTENT="vbi"/>
                  <SP HEIGHT="36" WIDTH="11" VPOS="2068" HPOS="1584"/>
                  <String HEIGHT="36"
                          WIDTH="75"
                          VPOS="2068"
                          HPOS="1541"
                          CONTENT="nihil"/>
               </TextLine>
               <TextLine ID="r1l145"
                         BASELINE="2148"
                         HEIGHT="53"
                         WIDTH="607"
                         VPOS="2095"
                         HPOS="1009">
                  <String HEIGHT="53" WIDTH="77" VPOS="2095" HPOS="998" CONTENT="est"/>
                  <SP HEIGHT="53" WIDTH="11" VPOS="2095" HPOS="1075"/>
                  <String HEIGHT="53"
                          WIDTH="110"
                          VPOS="2095"
                          HPOS="1042"
                          CONTENT="sumere"/>
                  <SP HEIGHT="53" WIDTH="11" VPOS="2095" HPOS="1152"/>
                  <String HEIGHT="53"
                          WIDTH="77"
                          VPOS="2095"
                          HPOS="1119"
                          CONTENT="sub"/>
                  <SP HEIGHT="53" WIDTH="11" VPOS="2095" HPOS="1197"/>
                  <String HEIGHT="53"
                          WIDTH="143"
                          VPOS="2095"
                          HPOS="1164"
                          CONTENT="subiectio"/>
                  <SP HEIGHT="53" WIDTH="11" VPOS="2095" HPOS="1307"/>
                  <String HEIGHT="53"
                          WIDTH="77"
                          VPOS="2095"
                          HPOS="1274"
                          CONTENT="cui"/>
                  <SP HEIGHT="53" WIDTH="11" VPOS="2095" HPOS="1351"/>
                  <String HEIGHT="53"
                          WIDTH="77"
                          VPOS="2095"
                          HPOS="1318"
                          CONTENT="non"/>
                  <SP HEIGHT="53" WIDTH="11" VPOS="2095" HPOS="1395"/>
                  <String HEIGHT="53"
                          WIDTH="143"
                          VPOS="2095"
                          HPOS="1362"
                          CONTENT="conueniat"/>
                  <SP HEIGHT="53" WIDTH="11" VPOS="2095" HPOS="1506"/>
                  <String HEIGHT="53"
                          WIDTH="155"
                          VPOS="2095"
                          HPOS="1461"
                          CONTENT="praedicatum."/>
               </TextLine>
            </TextBlock>
         </PrintSpace>
      </Page>
   </Layout>
</alto>
