1802 2500
231 248 67 48 ⁋
257 248 81 48 Ad
298 248 135 48 primum
392 248 188 48 conceditur
540 248 108 48 ista
607 248 215 48 consequentia
769 248 67 48 om-

236 295 84 35 nis
284 295 120 35 deitas
368 295 84 35 est
416 295 108 35 pater
488 295 120 35 igitur
573 295 120 35 tantum
657 295 108 35 pater
729 295 84 35 est
765 295 72 35 dei-

234 321 82 31 tas
281 321 82 31 nec
328 321 151 31 exclusiua
444 321 105 31 debet
514 321 116 31 exponi
595 321 82 31 per
642 321 105 31 istam
712 321 105 31 nihil
770 321 70 31 quod

230 349 71 39 non
271 349 71 39 est
311 349 92 39 pater
373 349 71 39 est
414 349 102 39 deitas
485 349 71 39 sed
526 349 71 39 sic
567 349 92 39 pater
628 349 71 39 est
669 349 102 39 deitas
740 349 61 39 et
761 349 71 39 nihil

226 381 111 35 aliud
300 381 62 35 a
324 381 111 35 patre
398 381 86 35 est
448 381 136 35 deitas.
546 381 62 35 ⁋
571 381 74 35 Ad
608 381 148 35 secundum
707 381 123 35 dicendum

229 410 81 36 quod
280 410 81 36 ista
330 410 71 36 est
371 410 61 36 de
401 410 81 36 omni
452 410 71 36 per
493 410 81 36 quam
544 410 112 36 notatur
625 410 81 36 quod
676 410 81 36 omne
726 410 91 36 illud
777 410 51 36 pro

229 438 86 32 quo
278 438 196 32 distribuitur
437 438 86 32 vel
486 438 147 32 supponit
597 438 98 32 suum
658 438 160 32 subiectum
769 438 61 32 est

224 464 116 33 illud
301 464 90 33 pro
353 464 90 33 quo
405 464 155 33 supponit
521 464 103 33 suum
585 464 180 33 predicatum
727 464 90 33 sed
766 464 64 33 non

228 494 142 27 oportet
331 494 103 27 quod
395 494 103 27 omne
460 494 103 27 quod
524 494 90 27 est
576 494 103 27 idem
640 494 90 27 pro
691 494 90 27 quo
730 494 103 27 suppo-

233 520 74 36 nit
276 520 74 36 vel
318 520 169 36 distribuitur
455 520 137 36 subiectum
560 520 84 36 quod
613 520 84 36 tali
666 520 137 36 conueniat
761 520 63 36 prae

224 548 137 38 dicatum
323 548 112 38 omnis
397 548 124 38 igitur
484 548 186 38 sillogismus
633 548 112 38 bonus
695 548 137 38 regulatur

229 575 77 40 per
273 575 88 40 dici
328 575 66 40 de
361 575 88 40 omni
416 575 77 40 vel
460 575 66 40 de
493 575 99 40 nullo
559 575 77 40 vel
603 575 77 40 per
647 575 176 40 proprietatem
779 575 55 40 ter

225 608 99 31 mini
287 608 111 31 medii
361 608 87 31 vel
410 608 136 31 minoris
509 608 198 31 extremitatis
658 608 173 31 sufficientem

229 631 64 36 ⁋
255 631 77 36 Ad
294 631 142 36 quartum
397 631 206 36 paralogismum
564 631 193 36 principalem
706 631 116 36 dicendi

236 657 99 37 sicut
302 657 66 37 ad
335 657 121 37 tertium
424 657 88 37 quod
479 657 77 37 nec
523 657 77 37 sua
567 657 166 37 affirmatiua
700 657 77 37 est
744 657 66 37 de
766 657 66 37 omni

224 689 82 36 nec
271 689 140 36 negatiua
376 689 70 36 de
412 689 105 36 nullo
482 689 82 36 nec
529 689 187 36 sufficienter
681 689 152 36 vniuersal
786 689 47 36 re

225 719 122 38 spectu
310 719 109 38 talis
383 719 195 38 conclusionis
541 719 158 38 inferende
663 719 61 38 ⁋
687 719 73 38 Ad
711 719 122 38 quattuor

230 745 148 42 sequentes
344 745 137 42 respectu
446 745 103 42 verbi
515 745 148 42 adiectiui
629 745 137 42 dicendum
732 745 80 42 est
766 745 57 42 per

222 776 113 35 omnia
298 776 113 35 sicut
373 776 75 35 ad
410 776 113 35 istos
485 776 150 35 quattuor
598 776 125 35 primos
685 776 138 35 diceres
773 776 50 35 pa

217 798 76 46 ter
261 798 119 46 generat
347 798 109 46 igitur
423 798 130 46 essentia
521 798 119 46 generat
608 798 76 46 hic
651 798 109 46 autemr
727 798 65 46 ab
749 798 76 46 infe-

216 826 105 45 riori
286 826 70 45 ad
321 826 140 45 superius
426 826 175 45 affirmatiue
566 826 175 45 respondetur
706 826 93 45 quod
765 826 82 45 non

222 860 111 35 debite
299 860 133 35 infertur
399 860 78 35 sed
443 860 89 35 bene
499 860 133 35 sequitur
598 860 111 35 igitur
676 860 133 35 essentia
765 860 55 35 est

226 891 76 32 res
270 891 76 32 que
313 891 120 32 generat
400 891 76 32 nec
444 891 98 32 etiam
509 891 65 32 ly
541 891 98 32 pater
607 891 76 32 est
650 891 76 32 per
694 891 65 32 se
715 891 109 32 inferius

215 921 73 32 ad
251 921 73 32 ly
288 921 147 32 essentia
398 921 73 32 vt
435 921 110 32 prius
509 921 135 32 notatum
607 921 86 32 est
656 921 61 32 ⁋
680 921 135 32 Diceres
766 921 61 32 hec

226 946 64 39 est
263 946 83 39 falsa
318 946 83 39 nihil
373 946 73 39 quod
418 946 64 39 est
455 946 110 39 essentia
538 946 101 39 generat
611 946 92 39 igitur
675 946 64 39 hec
712 946 64 39 est
749 946 73 39 vera
785 946 37 39 es

221 974 108 39 sentia
297 974 119 39 generat
383 974 65 39 eo
415 974 86 39 quod
469 974 173 39 contradicunt
609 974 119 39 negatur
696 974 86 39 quod
739 974 86 39 contra

216 1001 120 40 dicant
300 1001 84 40 nec
348 1001 144 40 sequitur
455 1001 96 40 ista
515 1001 167 40 propositio
647 1001 144 40 essentia
742 1001 84 40 gene-

216 1029 64 35 rat
252 1029 64 35 est
289 1029 128 35 antecedens
389 1029 55 35 ad
417 1029 82 35 istam
471 1029 100 35 aliquid
544 1029 73 35 quod
590 1029 64 35 est
626 1029 109 35 essentia
708 1029 64 35 est
745 1029 64 35 res
781 1029 64 35 que

219 1059 128 33 generat
313 1059 82 33 que
359 1059 82 33 est
406 1059 210 33 contradictoria
581 1059 128 33 prioris
674 1059 140 33 negatiue
768 1059 58 33 igi

219 1089 77 32 tur
263 1089 88 32 ipsa
318 1089 77 32 est
362 1089 88 32 eius
416 1089 197 32 contradictoria
581 1089 88 32 quia
636 1089 77 32 non
679 1089 121 32 oportet
756 1089 66 32 omne

214 1120 76 34 quod
261 1120 142 34 contradicit
374 1120 142 34 consequenti
488 1120 142 34 contradicem
601 1120 142 34 antecedenti
715 1120 85 34 sicut
762 1120 57 34 ista

218 1142 115 38 nullus
298 1142 92 38 homo
355 1142 115 38 currit
436 1142 172 38 contradicit
574 1142 92 38 isti
631 1142 126 38 aliquis
723 1142 80 38 hoc
758 1142 57 38 cui

212 1167 76 42 rit
256 1167 76 42 non
299 1167 98 42 tamen
365 1167 87 42 isti
419 1167 76 42 sor
463 1167 120 42 currit.
550 1167 87 42 Unde
605 1167 87 42 ista
659 1167 131 42 essentia
747 1167 65 42 gene

218 1200 92 34 rat
270 1200 118 34 habet
349 1200 79 34 se
388 1200 92 34 per
441 1200 118 34 modum
519 1200 197 34 singularis.
677 1200 66 34 ⁋
703 1200 79 34 Ad
729 1200 92 34 nonum

209 1226 74 36 de
246 1226 98 36 actu
307 1226 135 36 signato
405 1226 160 36 supposita
528 1226 197 36 distinctione
688 1226 135 36 communi
774 1226 49 36 et

210 1253 126 40 sumpto
299 1253 152 40 subiecto
413 1253 139 40 maioris
514 1253 202 40 personaliter
678 1253 88 40 vel
716 1253 101 40 verius

212 1282 184 42 materialiter
362 1282 127 42 prosibi
454 1282 115 42 simili
535 1282 69 42 in
569 1282 92 42 alia
615 1282 196 42 supponenteperso

214 1312 127 35 naliter
307 1312 69 35 ad
341 1312 92 35 hunc
399 1312 115 35 sensum
480 1312 104 35 idest
549 1312 69 35 de
583 1312 81 35 hoc
630 1312 104 35 signo
699 1312 81 35 hec
733 1312 81 35 essen

214 1338 72 40 tia
255 1338 72 40 pro
296 1338 113 40 deitate
379 1338 113 40 communi
461 1338 155 40 verificatur
585 1338 83 40 quod
637 1338 72 40 sit
678 1338 103 40 filius
740 1338 72 40 verbi

214 1368 104 38 gratia
286 1368 62 38 in
317 1368 83 38 ista
369 1368 73 38 hec
411 1368 125 38 essentia
504 1368 73 38 est
546 1368 104 38 filius
619 1368 125 38 dicendum
712 1368 73 38 est
743 1368 73 38 vltra

208 1398 95 33 per
263 1398 122 33 omnia
344 1398 122 33 sicut
426 1398 122 33 supra
507 1398 82 33 ad
548 1398 136 33 primum
630 1398 190 33 paralogismum

210 1426 66 40 ⁋
236 1426 79 40 Ad
276 1426 79 40 10
315 1426 119 40 sicut
394 1426 79 40 ad
434 1426 158 40 secundum
552 1426 184 40 resoluendo
697 1426 119 40 illam
763 1426 53 40 de

212 1451 91 34 actu
268 1451 125 34 signato
359 1451 68 34 in
393 1451 91 34 vnam
449 1451 68 34 de
483 1451 91 34 actu
540 1451 147 34 excercito
653 1451 57 34 ⁋
676 1451 68 34 Ad
710 1451 79 34 1i.
755 1451 68 34 de
778 1451 45 34 a-

215 1479 68 32 ctu
254 1479 126 32 excercito
351 1479 58 32 in
381 1479 126 32 pososophy
478 1479 97 32 numero
546 1479 117 32 dicendum
633 1479 68 32 est
672 1479 78 32 quod
721 1479 78 32 illa
760 1479 58 32 con-

213 1506 107 41 clusio
288 1506 75 41 non
331 1506 129 41 sequitur
427 1506 75 41 sed
470 1506 86 41 ista
524 1506 107 41 igitur
599 1506 86 41 idem
652 1506 75 41 est
695 1506 96 41 illud
749 1506 64 41 quod

201 1534 148 40 generat
308 1534 81 40 et
348 1534 108 40 quod
416 1534 175 40 generatur
550 1534 108 40 Unde
617 1534 121 40 licet
685 1534 134 40 secundum

211 1565 144 35 platonicos
324 1565 83 35 sor.
376 1565 62 35 et
407 1565 93 35 plato
469 1565 83 35 sunt
520 1565 83 35 idem
572 1565 124 35 scilicet
665 1565 83 35 homo
706 1565 103 35 communis

201 1591 69 40 et
235 1591 80 40 sor
281 1591 126 40 generet
372 1591 69 40 et
406 1591 103 40 plato
475 1591 149 40 generetur
589 1591 80 40 non
635 1591 103 40 tamen
704 1591 91 40 ille
749 1591 69 40 idem

202 1615 93 45 homo
261 1615 140 45 communis
366 1615 128 45 generat
459 1615 70 45 et
494 1615 152 45 generatur
611 1615 70 45 et
646 1615 93 45 ideo
692 1615 117 45 aristote

202 1645 91 44 les
254 1645 129 44 nondum
344 1645 155 44 improbat
461 1645 168 44 opinionem
590 1645 155 44 platonis
694 1645 116 44 loquens

206 1676 105 38 adhuc
276 1676 199 38 indifferenter
440 1676 70 38 ad
475 1676 93 38 suam
534 1676 152 38 opinionem
650 1676 70 38 et
674 1676 140 38 platonicam

200 1700 109 43 dixit
273 1700 73 43 in
309 1700 133 43 prologo
406 1700 145 43 mediante
515 1700 97 43 quod
575 1700 109 43 actus
648 1700 73 43 et
684 1700 109 43 omnes
744 1700 73 43 gene

208 1736 146 31 rationes
318 1736 110 31 circa
391 1736 159 31 singulare
513 1736 98 31 sunt
574 1736 85 31 non
623 1736 98 31 enim
684 1736 134 31 hominem
769 1736 49 31 me

207 1761 110 39 dicas
280 1761 110 39 sanat
354 1761 98 39 nisi
415 1761 147 39 secundum
525 1761 147 39 accidens
635 1761 86 39 sed
684 1761 73 39 an
709 1761 110 39 talliam

207 1789 77 41 aut
251 1789 132 41 socratem
350 1789 77 41 aut
394 1789 121 41 aliquid
482 1789 77 41 sic
526 1789 132 41 dictorum
625 1789 77 41 cui
669 1789 88 41 esse
713 1789 99 41 hominem

204 1819 138 32 accidit
305 1819 75 32 et
342 1819 138 32 septimo
443 1819 125 32 metha.
531 1819 125 32 quando
618 1819 88 32 non
669 1819 125 32 valent
744 1819 75 32 ydee

204 1847 81 41 vel
251 1847 174 41 quidditates
390 1847 139 41 communes
495 1847 70 41 ad
529 1847 186 41 generationem
680 1847 81 41 per
727 1847 81 41 hoc
762 1847 46 41 in

202 1875 102 44 nuit
266 1875 102 44 quod
330 1875 90 44 non
382 1875 141 44 oportet
484 1875 77 44 vt
522 1875 141 44 propria
625 1875 179 44 propriorum
753 1875 64 44 con

204 1902 135 36 ueniant
302 1902 135 36 communi
400 1902 123 36 saltem
486 1902 148 36 mediante
597 1902 111 36 verbo
659 1902 148 36 adiectiuo-

209 1929 55 38 ⁋
231 1929 66 38 Ad
264 1929 66 38 12
297 1929 132 38 dicendum
395 1929 88 38 quod
450 1929 77 38 non
494 1929 132 38 sequitur
593 1929 88 38 illa
648 1929 143 38 conclusio
746 1929 66 38 ista

202 1957 73 40 de
238 1957 85 40 his
287 1957 85 40 que
336 1957 183 40 significant
482 1957 98 40 idem
544 1957 195 40 verificantur
690 1957 122 40 contradi

205 1984 126 39 ctoria.
296 1984 57 39 ⁋
319 1984 69 39 Ad
353 1984 80 39 13.
399 1984 114 39 quando
479 1984 103 39 autem
547 1984 80 39 pro
593 1984 103 39 nullo
662 1984 103 39 eodem
719 1984 91 39 verifi

207 2013 113 42 cantur
286 2013 90 42 etc.
342 2013 124 42 negatur
432 2013 147 42 discursus
545 2013 79 42 sed
590 2013 90 42 bene
647 2013 135 42 sequitur
748 2013 90 42 quod

207 2039 82 44 isti
258 2039 113 44 termini
340 2039 92 44 pater
401 2039 61 44 et
432 2039 123 44 essentia
524 2039 72 44 non
565 2039 82 44 sunt
616 2039 82 44 idem
668 2039 61 44 eo
698 2039 82 44 quod
750 2039 61 44 in
770 2039 41 44 mi

209 2070 91 42 nori
265 2070 79 42 qua
311 2070 125 42 dicitur
402 2070 68 42 oe
436 2070 170 42 paternitate
572 2070 68 42 et
606 2070 136 42 essentia
697 2070 113 42 verifica

199 2096 86 57 tur
248 2096 220 57 contradictoria
431 2096 73 57 ly
468 2096 183 57 paternitate
614 2096 73 57 et
651 2096 147 57 essentia
748 2096 86 57 suppo

862 254 95 56 nunt
921 254 190 56 materialiter
1076 254 83 56 pro
1123 254 95 56 sibi
1182 254 154 56 similibus
1289 254 178 56 supponentibus

857 297 197 45 personaliter
1017 297 111 45 Uerbi
1090 297 148 45 gratiaim
1201 297 111 45 istis
1262 297 197 45 proportionibus

861 333 101 33 pater
928 333 124 33 generat
1018 333 135 33 essentia
1119 333 79 33 non
1164 333 124 33 generat
1254 333 67 33 si
1288 333 101 33 autem
1355 333 67 33 in
1377 333 79 33 mino-

858 361 66 31 re
891 361 121 31 dicitur
979 361 77 31 pro
1024 361 99 31 patre
1090 361 66 31 et
1123 361 132 31 essentia
1222 361 177 31 verificantur
1355 361 99 31 contra-

854 384 124 44 dictoria
947 384 83 44 tunc
999 384 124 44 sequitur
1092 384 83 44 ista
1144 384 135 44 conclusio
1248 384 83 44 quod
1299 384 93 44 pater
1362 384 62 44 et
1382 384 73 44 essen

855 414 75 40 tia
898 414 75 40 non
941 414 86 40 sunt
994 414 86 40 idem
1048 414 75 40 vel
1091 414 86 40 quod
1144 414 96 40 pater
1208 414 75 40 est
1251 414 107 40 aliqua
1326 414 75 40 res
1368 414 75 40 que
1401 414 53 40 non

854 445 69 38 est
894 445 118 38 essentia
982 445 69 38 vel
1022 445 79 38 quod
1071 445 118 38 essentia
1160 445 69 38 sit
1199 445 99 38 aliqua
1268 445 69 38 res
1307 445 69 38 que
1347 445 69 38 non
1386 445 69 38 est
1416 445 39 38 pa

858 469 76 38 ter
902 469 65 38 et
934 469 87 38 illa
988 469 141 38 conclusio
1097 469 163 38 disiunctiua
1227 469 163 38 verificatur
1357 469 76 38 pro
1390 469 65 38 ter-

846 499 85 35 tia
895 499 122 35 parte.
980 499 195 35 Consimiliter
1138 499 195 35 respondendum
1297 499 85 35 est
1345 499 73 35 ad
1370 499 85 35 omnes

853 524 132 39 formas
945 524 185 39 consimiles
1090 524 66 39 ⁋
1117 524 145 39 Tertius
1223 524 172 39 articulus
1341 524 106 39 Primum

846 554 110 38 dubium
923 554 88 38 isti
978 554 121 38 termini
1067 554 177 38 conuertuntur
1210 554 88 38 homo
1265 554 66 38 et
1298 554 88 38 idem
1354 554 88 38 quod
1398 554 55 38 est

847 579 91 49 homo
904 579 91 49 deus
961 579 68 49 et
995 579 91 49 idem
1052 579 91 49 quod
1109 579 80 49 est
1155 579 91 49 deus
1212 579 68 49 et
1246 579 80 49 sic
1291 579 68 49 de
1326 579 103 49 aliis
1394 579 80 49 que

852 609 116 42 igitur
933 609 162 42 necessitas
1061 609 127 42 docendi
1153 609 104 42 modum
1223 609 104 42 istum
1292 609 139 42 arguendi
1385 609 69 42 omne

854 641 102 39 illud
922 641 90 39 quod
978 641 79 39 est
1023 641 113 39 deitas
1102 641 79 39 vel
1148 641 90 39 idem
1204 641 124 39 deitati
1295 641 90 39 etc.
1340 641 113 39 Probatur

849 668 83 43 sic
897 668 143 43 arguendo
1004 668 83 43 per
1051 668 238 43 circumlocutionem
1253 668 131 43 deficit
1336 668 119 43 sillogis

848 698 75 42 mus
891 698 107 42 igitur
966 698 150 42 antecedens
1085 698 97 42 patet
1149 698 75 42 hoc
1192 698 86 42 omne
1246 698 97 42 illud
1310 698 86 42 quod
1364 698 75 42 est
1396 698 54 42 ge-

841 722 115 45 nerans
921 722 126 45 generat
1013 722 115 45 deitas
1093 722 80 45 est
1139 722 103 45 illud
1208 722 92 45 quod
1265 722 80 45 est
1311 722 138 45 generans
1403 722 57 45 igi

846 752 86 38 tur
895 752 122 38 deitas
980 752 147 38 generat.
1091 752 61 38 ⁋
1115 752 73 38 Ad
1152 752 122 38 primum
1238 752 135 38 negatur
1336 752 98 38 quod
1385 752 73 38 illi

846 783 126 37 termini
937 783 184 37 conuertuntur
1087 783 103 37 patet
1156 783 92 37 quia
1213 783 103 37 pater
1282 783 69 37 in
1316 783 126 37 diuinis
1397 783 57 37 est

847 810 100 41 illud
913 810 89 41 quod
969 810 78 41 est
1013 810 89 41 homo
1068 810 89 41 quia
1124 810 78 41 est
1168 810 89 41 deus
1223 810 78 41 qui
1268 810 78 41 est
1312 810 89 41 homo
1367 810 78 41 vel
1401 810 55 41 dei

846 840 77 36 tas
890 840 77 36 que
934 840 77 36 est
979 840 88 36 homo
1034 840 66 36 et
1067 840 100 36 tamen
1133 840 100 36 pater
1200 840 66 36 in
1233 840 122 36 diuinis
1321 840 77 36 non
1366 840 77 36 est
1399 840 55 36 ho-

848 865 85 45 mo.
896 865 61 45 ⁋
921 865 73 45 Ad
957 865 145 45 secundum
1066 865 133 45 negatur
1163 865 109 45 maior
1235 865 85 45 sed
1284 865 109 45 secus
1356 865 85 45 est
1392 865 61 45 sic

849 896 130 43 arguendo
947 896 87 43 omne
1001 896 97 43 illud
1066 896 87 43 quod
1120 896 119 43 generat
1206 896 119 43 generat
1293 896 87 43 etc.
1347 896 87 43 quia
1390 896 65 43 tunc

842 925 119 36 dicendum
931 925 69 36 est
971 925 79 36 quod
1020 925 79 36 ista
1070 925 158 36 circulocutio
1199 925 69 36 non
1238 925 198 36 sufficimplusquam
1397 925 50 36 ter

842 954 101 35 minus
909 954 123 35 simplex
998 954 78 35 nec
1043 954 89 35 illa
1099 954 156 35 propositio
1222 954 67 35 in
1255 954 89 35 tali
1311 954 134 35 discursu
1400 954 56 35 est

848 979 169 43 sufficienter
985 979 63 43 de
1017 979 84 43 omni
1070 979 84 43 ideo
1122 979 116 43 oportet
1207 979 84 43 ista
1259 979 158 43 circumloqui
1386 979 84 43 quod

841 1006 145 45 habeatur
950 1006 182 45 simpliciter
1095 1006 182 45 vniuersalis
1241 1006 170 45 propositio
1374 1006 73 45 et
1399 1006 48 45 de

846 1038 87 40 omni
900 1038 76 40 sic
944 1038 130 40 scilicet
1042 1038 87 40 omne
1096 1038 87 40 idem
1151 1038 65 40 ei
1183 1038 87 40 quod
1238 1038 130 40 generat.
1335 1038 120 40 generat
1412 1038 43 40 et

844 1066 90 33 tunc
900 1066 90 33 erit
957 1066 170 33 simpliciter
1092 1066 68 33 de
1126 1066 90 33 omni
1183 1066 79 33 sed
1228 1066 102 33 falsa
1296 1066 102 33 sicut
1364 1066 68 33 et
1386 1066 68 33 con-

838 1097 111 36 clusio
916 1097 111 36 illata
993 1097 67 36 et
1026 1097 89 36 ideo
1082 1097 166 36 generaliter
1215 1097 133 36 dicendum
1315 1097 78 36 est
1359 1097 89 36 quod
1404 1097 44 36 o-

839 1124 118 39 portet
922 1124 82 39 sic
969 1124 176 39 circumloqui
1110 1124 141 39 terminum
1216 1124 118 39 medium
1298 1124 71 39 ad
1333 1124 82 39 hoc
1380 1124 94 39 quod

844 1152 156 33 propositio
967 1152 78 33 sit
1011 1152 67 33 de
1045 1152 89 33 omni
1100 1152 167 33 simpliciter
1234 1152 78 33 vel
1279 1152 167 33 regulariter
1401 1152 45 33 de

833 1178 104 43 nullo
903 1178 70 43 et
938 1178 93 43 tunc
996 1178 128 43 numquam
1089 1178 139 43 deficiet
1193 1178 162 43 discursus.
1320 1178 58 43 ⁋
1332 1178 116 43 Secundum

837 1207 122 41 dubium
922 1207 85 41 est
971 1207 122 41 contra
1056 1207 146 41 secundum
1165 1207 109 41 modum
1238 1207 146 41 soluendi
1336 1207 109 41 praeta-

837 1235 89 36 ctum
893 1235 78 36 quo
937 1235 145 36 dicebatur
1049 1235 89 36 quod
1105 1235 78 36 hec
1150 1235 78 36 est
1195 1235 179 36 sufficienter
1329 1235 123 36 vniuersa-

842 1260 76 42 lis
886 1260 98 42 omnis
951 1260 109 42 deitas
1028 1260 76 42 est
1072 1260 98 42 pater
1137 1260 87 42 quia
1192 1260 76 42 sic
1235 1260 87 42 tunc
1279 1260 164 42 conuerteretur

834 1290 69 40 in
868 1290 103 40 istam
937 1290 92 40 omne
994 1290 80 40 non
1040 1290 103 40 pater
1109 1290 80 40 est
1155 1290 80 40 non
1201 1290 115 40 deitas
1282 1290 92 40 quod
1339 1290 103 40 patet
1397 1290 57 40 fal

838 1316 61 46 sum
873 1316 52 46 de
899 1316 78 46 filio
952 1316 52 46 et
978 1316 105 46 spiritus
1056 1316 87 46 sancto
1117 1316 139 46 consequentia
1230 1316 78 46 tenet
1283 1316 70 46 quia
1326 1316 78 46 omnis
1370 1316 78 46 vuiuer-

836 1346 104 44 salis
905 1346 115 44 potest
985 1346 138 44 conuerti
1089 1346 81 44 per
1135 1346 219 44 transpositionem
1319 1346 69 44 in
1342 1346 104 44 vniuer-

839 1374 101 41 salem
906 1374 180 41 affirmatiuam
1053 1374 68 41 de
1087 1374 113 41 eisdem
1165 1374 135 41 terminis
1267 1374 146 41 infinitis
1368 1374 79 41 sequi

838 1402 79 40 tur
883 1402 90 40 enim
939 1402 101 40 omnis
1007 1402 90 40 homo
1063 1402 79 40 est
1108 1402 113 40 animal
1187 1402 113 40 igitur
1266 1402 90 40 omne
1322 1402 79 40 non
1356 1402 90 40 animal

835 1431 67 44 est
874 1431 67 44 non
912 1431 67 44 ho⁋
951 1431 115 44 Probatur
1037 1431 86 44 omnis
1095 1431 125 44 vniuersal
1191 1431 115 44 negativa
1277 1431 67 44 est
1306 1431 144 44 conuertibitus

836 1458 180 43 simpliciter
980 1458 72 43 ex
1016 1458 108 43 primo
1088 1458 132 43 priorum
1184 1458 84 43 sed
1232 1458 96 43 ista
1292 1458 108 43 nulla
1352 1458 96 43 deitas

840 1487 143 37 communis
947 1487 119 37 tribus
1030 1487 143 37 personis
1137 1487 131 37 generat
1232 1487 83 37 non
1280 1487 83 37 est
1315 1487 131 37 conuerti-

835 1514 108 44 bilis
907 1514 96 44 quia
967 1514 84 44 hec
1016 1514 108 44 falsa
1088 1514 108 44 nihil
1160 1514 96 44 quod
1220 1514 132 44 generat
1317 1514 84 44 est
1353 1514 96 44 deitas

832 1544 71 43 et
868 1544 154 43 similiter
986 1544 95 43 ista
1046 1544 119 43 nullum
1129 1544 142 43 generans
1235 1544 83 43 est
1283 1544 119 43 deitas
1354 1544 95 43 Respon

836 1572 104 40 detur
906 1572 93 40 quod
964 1572 93 40 iste
1022 1572 150 40 instantie
1137 1572 116 40 multum
1218 1572 139 40 facerent
1322 1572 81 40 pro
1357 1572 81 40 primo

837 1601 193 40 respondendi
992 1601 116 40 supra
1069 1601 77 40 ad
1108 1601 142 40 tertium
1211 1601 206 40 paralogismum
1379 1601 90 40 sed

838 1627 161 44 sufimendo
961 1627 148 44 secundum
1072 1627 111 44 modum
1147 1627 148 44 dicendum
1258 1627 111 44 esset
1332 1627 99 44 quod
1381 1627 62 44 re-

829 1653 94 46 gule
888 1653 189 46 conuersionum
1042 1653 83 46 non
1089 1653 118 46 tenent
1172 1653 201 46 vniuersaliter
1337 1653 94 46 nisi
1384 1653 59 46 vbi

832 1687 87 41 est
881 1687 175 41 predicatio
1019 1687 187 41 affirmatiua
1168 1687 150 41 formalis
1281 1687 87 41 seu
1331 1687 87 41 per
1368 1687 75 41 inhe

836 1714 122 40 rentiam
924 1714 77 40 non
969 1714 100 40 autem
1035 1714 77 40 vbi
1079 1714 100 40 solum
1146 1714 88 40 modo
1201 1714 77 40 est
1245 1714 155 40 predicatio
1356 1714 88 40 ydenti

832 1739 92 47 fica
890 1739 138 47 qualiter
994 1739 81 47 est
1040 1739 69 47 in
1074 1739 150 47 proposito
1190 1739 69 47 et
1224 1739 127 47 ambabus
1305 1739 138 47 instantuns

838 1766 56 40 ⁋
860 1766 113 40 Aliter
939 1766 169 40 respondetur
1075 1766 90 40 quod
1131 1766 79 40 non
1176 1766 90 40 sunt
1233 1766 181 40 sufficienter
1368 1766 68 40 vni-

833 1798 134 42 uersales
934 1798 67 42 ad
967 1798 78 42 hoc
1012 1798 90 42 quod
1068 1798 112 42 valeat
1147 1798 101 42 talis
1214 1798 146 42 conuersio
1326 1798 101 42 sicut
1382 1798 56 42 nec

828 1822 95 49 sunt
888 1822 190 49 sufficienter
1042 1822 178 49 vniuersales
1185 1822 71 49 ad
1220 1822 166 49 regulandum
1351 1822 107 49 sillo

829 1854 118 48 gismos
912 1854 71 48 de
947 1854 118 48 quibus
1030 1854 118 48 dictum
1113 1854 95 48 est.
1172 1854 59 48 ⁋
1196 1854 95 48 Nota
1255 1854 95 48 quod
1314 1854 106 48 nulla
1373 1854 71 48 pro-

828 1885 147 40 positio
934 1885 80 40 in
975 1885 93 40 qua
1028 1885 134 40 verbum
1121 1885 93 40 vel
1175 1885 120 40 nomen
1255 1885 187 40 adiectiuum
1389 1885 53 40 im

832 1915 140 38 mediate
934 1915 76 38 et
972 1915 178 38 formaliter
1112 1915 140 38 dicitur
1213 1915 76 38 de
1251 1915 152 38 subiecto
1353 1915 89 38 Uerbi

829 1938 126 43 gratia
918 1938 101 43 homo
981 1938 88 43 est
1031 1938 113 43 albus
1107 1938 101 43 homo
1169 1938 139 43 generat
1270 1938 101 43 etc.
1333 1938 76 43 Et
1358 1938 76 43 idem

825 1970 86 38 est
874 1970 147 38 iudicium
984 1970 74 38 oe
1021 1970 172 38 participio
1156 1970 172 38 formaliter
1291 1970 98 38 siue
1352 1970 74 38 de
1377 1970 61 38 sua

830 1994 108 45 forma
902 1994 84 45 est
950 1994 204 45 conuertibilis
1118 1994 96 45 quia
1179 1994 96 45 tale
1239 1994 168 45 predicatum
1359 1994 72 45 adie

825 2023 123 41 ctiuum
911 2023 147 41 nominale
1021 2023 86 41 vel
1070 2023 135 41 verbale
1168 2023 86 41 vel
1217 2023 196 41 participiale
1365 2023 61 41 non

829 2052 85 45 est
877 2052 109 45 natum
950 2052 157 45 supponere
1071 2052 73 45 in
1107 2052 194 45 propositione
1265 2052 85 45 ita
1313 2052 73 45 vt
1337 2052 97 45 possit

834 2083 91 35 esse
890 2083 148 35 subiectum
1004 2083 148 35 proponnis
1117 2083 68 35 si
1152 2083 102 35 tamen
1220 2083 91 35 ipsa
1276 2083 102 35 talis
1333 2083 91 35 resol-

812 2104 110 50 uitur
885 2104 73 50 in
922 2104 134 50 aliquam
1020 2104 208 50 propositionem
1191 2104 86 50 vbi
1239 2104 98 50 tale
1288 2104 147 50 adiectiuum
