1776 2500
345 258 128 57 phisicor
441 258 75 57 sed
484 258 138 57 generatio
590 258 64 57 in
622 258 106 57 diuins
697 258 128 57 secundum
792 258 96 57 dicta
856 258 75 57 non
888 258 64 57 erit

341 306 71 34 ab
377 306 83 34 hoc
424 306 83 34 cum
472 306 83 34 non
519 306 83 34 sit
567 306 131 34 elicita
662 306 119 34 igitur
745 306 119 34 actiua
816 306 131 34 generatio

351 331 80 37 non
396 331 80 37 est
442 331 69 37 in
476 331 137 37 diuinis.
579 331 137 37 dicendum
682 331 137 37 secundum
785 331 137 37 doctorem
877 331 80 37 istum

343 361 114 35 negando
426 361 177 35 consequentiam
571 361 83 35 quia
623 361 73 35 non
665 361 73 35 est
706 361 62 35 de
738 361 114 35 ratione
810 361 146 35 generationis

344 391 108 35 actiue
420 391 65 35 in
452 391 118 35 diuinis
538 391 75 35 sic
581 391 86 35 esse
635 391 65 35 ad
667 391 75 35 hoc
710 391 140 35 elicitiue
817 391 75 35 sed
850 391 108 35 sufficit

349 420 87 30 quod
403 420 76 30 sit
447 420 97 30 huius
511 420 173 30 constitutiue
652 420 76 30 sic
695 420 87 30 enim
749 420 97 30 dicit
814 420 76 30 pe.
858 420 97 30 aureo
912 420 43 30 et

342 444 93 34 bene
400 444 128 34 tenendo
493 444 139 34 personas
598 444 151 34 constitui
713 444 93 34 quod
771 444 151 34 generatio
876 444 81 34 acti-

340 471 73 40 ua
376 471 170 40 formaliter
510 471 73 40 et
546 471 170 40 intrinsece
680 471 170 40 constituit
813 471 121 40 patrem
898 471 85 40 sed

346 501 88 35 ego
397 501 100 35 loco
459 501 113 35 huius
535 501 113 35 dicam
610 501 151 35 communem
723 501 163 35 opinionem
836 501 113 35 loquen-

352 528 67 33 do
385 528 89 33 quod
441 528 101 33 pater
508 528 78 33 sit
553 528 156 33 formaliter
676 528 145 33 generatio
787 528 112 33 actiua
866 528 78 33 seu
899 528 56 33 fi-

342 558 83 36 lii
390 558 166 36 productio.
520 558 95 36 Item
580 558 119 36 tertio
663 558 119 36 instat
746 558 95 36 vnus
805 558 119 36 doctor
877 558 71 36 con-

349 585 80 36 tra
394 585 80 36 pe.
440 585 103 36 aureo
509 585 69 36 in
543 585 80 36 hoc
589 585 114 36 puncto
669 585 80 36 sic
715 585 69 36 ex
749 585 80 36 quo
795 585 103 36 ponis
863 585 92 36 quod
909 585 46 36 ge

344 614 128 36 neratio
438 614 128 36 passiua
531 614 82 36 est
578 614 128 36 illatio
671 614 187 36 generationis
823 614 117 36 actiue
904 614 70 36 ad

343 648 107 28 modum
415 648 143 28 loquendi
522 648 143 28 doctoris
629 648 83 28 sex
676 648 190 28 principiorum
831 648 71 28 et
867 648 83 28 per
902 648 48 28 te

355 674 72 34 non
396 674 92 34 ponis
457 674 82 34 quod
508 674 72 34 sit
549 674 113 34 illatio
631 674 123 34 essentie
723 674 61 34 in
754 674 92 34 patre
815 674 102 34 igitur
876 674 72 34 ponis

342 702 76 30 in
380 702 114 30 patre
456 702 114 30 inter
532 702 165 30 essentiam
659 702 76 30 et
697 702 203 30 generationem
849 702 101 30 tantam

346 728 90 37 non
397 728 205 37 ydemptitatem
564 728 128 37 quanta
653 728 179 37 requiritur
794 728 77 37 ad
819 728 141 37 saluandum

346 758 93 34 quod
404 758 139 34 essentia
509 758 104 34 esset
579 758 163 34 principium
706 758 163 34 elicitiuum
822 758 128 34 generatio

343 784 80 34 nis
388 784 125 34 actiue.
479 784 57 34 â‹
502 784 91 34 Item
559 784 91 34 quia
616 784 68 34 de
650 784 103 34 facto
719 784 103 34 nulla
787 784 80 34 est
821 784 137 34 distinctio

346 814 107 32 magna
417 814 83 32 vel
465 814 107 32 parua
536 814 71 32 et
572 814 83 32 per
619 814 71 32 te
655 814 83 32 pe.
703 814 119 32 aureo.
786 814 71 32 in
821 814 131 32 persona
904 814 48 32 pa

355 840 73 34 tris
400 840 82 34 inter
455 840 118 34 essentiam
546 840 54 34 et
573 840 145 34 paternitatem
691 840 54 34 et
718 840 64 34 per
754 840 127 34 consequens
854 840 91 34 tantum
909 840 45 34 est

354 868 83 36 ibi
402 868 107 36 pater
473 868 71 36 et
509 868 95 36 tunc
568 868 95 36 idem
627 868 83 36 est
675 868 71 36 ac
711 868 71 36 si
746 868 143 36 quererem
853 868 107 36 vtrum
912 868 48 36 pa

356 900 70 31 ter
396 900 70 31 sit
436 900 140 31 principium
546 900 140 31 elicitiuum
656 900 160 31 generationis
786 900 60 31 et
816 900 120 31 essentia
896 900 60 31 tunc

350 931 84 29 cum
398 931 96 29 idem
458 931 84 29 sit
505 931 107 29 patri
577 931 131 29 elicere
672 931 191 29 generationem
828 931 72 29 et
852 931 107 29 genera-

357 953 72 32 re
393 953 108 32 quare
465 953 84 32 non
513 953 168 32 conceditur
645 953 120 32 igitur
730 953 84 32 est
778 953 168 32 principium
898 953 60 32 eli

352 986 135 31 citiuum
450 986 196 31 generationis
609 986 135 31 actiue.
707 986 61 31 â‹
732 986 74 31 Ad
768 986 123 31 primum
854 986 86 31 ego
891 986 61 31 ne-

352 1012 60 33 go
382 1012 170 33 consequentiam
522 1012 80 33 quia
572 1012 90 33 licet
632 1012 90 33 ponam
692 1012 80 33 quod
742 1012 130 33 generatio
842 1012 100 33 actiua
902 1012 50 33 pa-

353 1038 89 35 tris
408 1038 122 35 inferat
497 1038 133 35 passiuam
597 1038 111 35 filium
674 1038 66 35 et
707 1038 78 35 non
752 1038 133 35 essentia
851 1038 111 35 patris
918 1038 44 35 et

354 1063 76 34 ita
398 1063 98 34 ponam
463 1063 87 34 quod
518 1063 131 34 essentia
616 1063 109 34 patris
692 1063 76 34 sit
736 1063 120 34 aliquid
823 1063 87 34 puta
867 1063 87 34 filia-

355 1094 80 31 tio
400 1094 69 31 et
435 1094 160 31 paternitas
561 1094 80 31 non
606 1094 80 31 est
652 1094 103 31 illud
721 1094 114 31 nullam
801 1094 103 31 tamen
869 1094 92 31 pono
915 1094 46 31 di

351 1123 173 30 stinctionem
490 1123 104 30 inter
559 1123 185 30 paternitatem
709 1123 69 30 et
744 1123 150 30 essentiam
859 1123 92 30 quia
905 1123 58 30 pa-

355 1148 140 38 ternitas
460 1148 82 38 est
507 1148 82 38 ita
553 1148 140 38 essentia
658 1148 70 38 et
693 1148 151 38 econuerso
810 1148 93 38 quod
868 1148 82 38 non
903 1148 58 38 per

352 1178 142 34 mittitur
459 1178 154 34 quecumque
577 1178 154 34 distictio
696 1178 107 34 parua
767 1178 83 34 vel
815 1178 107 34 magna
874 1178 83 34 inter

356 1203 146 42 essentiam
468 1203 67 42 et
501 1203 157 42 relationem
625 1203 90 42 quia
681 1203 101 42 tamen
748 1203 134 42 essentia
849 1203 90 42 esse
894 1203 67 42 ali-

354 1234 91 34 quam
411 1234 80 34 rem
456 1234 68 34 et
490 1234 182 34 generationem
638 1234 125 34 actiuam
729 1234 80 34 non
775 1234 91 34 esse
832 1234 102 34 istam
900 1234 80 34 non

351 1264 107 40 ponit
422 1264 83 40 non
470 1264 166 40 ydemptitem
600 1264 118 40 quanta
683 1264 166 40 requiritur
813 1264 71 40 ad
848 1264 83 40 hoc
884 1264 71 40 quod

352 1292 162 34 generatio
476 1292 125 34 actiua
563 1292 174 34 eliceretur
700 1292 75 34 ab
738 1292 150 34 essentia
850 1292 87 34 hoc
887 1292 75 34 enim

346 1323 164 31 requireret
475 1323 200 31 distinctionem
640 1323 117 31 realem
722 1323 106 31 inter
793 1323 70 31 ea
828 1323 106 31 talem
887 1323 70 31 eti-

353 1347 59 32 am
383 1347 78 32 quod
431 1347 68 32 hoc
470 1347 68 32 non
510 1347 88 32 esset
568 1347 88 32 illud
627 1347 78 32 ideo
676 1347 156 32 consequentia
803 1347 98 32 nulla.
871 1347 49 32 â‹
891 1347 59 32 Ad
910 1347 49 32 ter

347 1377 90 31 tium
403 1377 90 31 dico
459 1377 90 31 quod
515 1377 79 31 pe.
560 1377 112 31 aureo.
639 1377 101 31 sicut
706 1377 67 31 et
740 1377 79 31 ego
784 1377 101 31 vocat
841 1377 123 31 essentiam

350 1404 72 31 in
386 1404 108 31 patre
458 1404 108 31 illam
531 1404 84 31 rem
579 1404 84 31 que
627 1404 84 31 est
675 1404 120 31 omnino
759 1404 96 31 tres
820 1404 132 31 persone
904 1404 60 31 di-

354 1432 96 32 uine
414 1432 108 32 simul
486 1432 72 32 et
522 1432 168 32 sigillatim
654 1432 144 32 quelibet
762 1432 144 32 earundem
870 1432 72 32 et
894 1432 72 32 bene

356 1459 87 36 volo
410 1459 87 36 quod
465 1459 76 36 nec
508 1459 65 36 de
541 1459 98 36 facto
606 1459 76 36 nec
649 1459 65 36 de
682 1459 141 36 possibili
790 1459 76 36 est
834 1459 98 36 inter
888 1459 76 36 illam

349 1489 76 31 et
387 1489 202 31 generationem
552 1489 139 31 actiuam
653 1489 164 31 quecunque
779 1489 190 31 distinctio.
918 1489 51 31 Et

352 1518 109 37 vltra
425 1518 97 37 dato
485 1518 97 37 quod
546 1518 194 37 demonstrando
704 1518 121 37 primum
789 1518 170 37 suppositum
910 1518 49 37 in

356 1547 113 29 diuinis
438 1547 103 29 tantum
510 1547 72 29 sit
551 1547 72 29 ibi
592 1547 92 29 pater
654 1547 62 29 id
685 1547 72 29 est
726 1547 92 29 nihil
787 1547 92 29 aliud
849 1547 51 29 a
870 1547 92 29 patre
921 1547 41 29 et

350 1575 94 34 tamen
412 1575 73 34 est
454 1575 73 34 ibi
496 1575 105 34 aliqua
570 1575 73 34 res
612 1575 126 34 scilicet
706 1575 126 34 essentia
801 1575 105 34 patris
874 1575 73 34 que
906 1575 52 34 rea

350 1602 107 34 liter
422 1602 84 34 est
469 1602 96 34 alia
529 1602 84 34 res
577 1602 96 34 puta
637 1602 119 34 filius
720 1602 72 34 et
756 1602 107 34 tamen
828 1602 107 34 pater
899 1602 84 34 non

352 1632 68 35 est
391 1632 87 35 istam
449 1632 68 35 res
488 1632 58 35 id
517 1632 68 35 est
555 1632 97 35 filius
623 1632 106 35 propter
700 1632 68 35 hoc
739 1632 77 35 dico
787 1632 77 35 quod
835 1632 68 35 non
874 1632 68 35 est
903 1632 58 35 idem

351 1660 147 31 querere.
461 1660 111 31 Utrum
535 1660 147 31 essentia
646 1660 86 31 sit
695 1660 172 31 principium
818 1660 147 31 elicitiuum

360 1689 183 33 generationis
508 1689 69 33 et
542 1689 103 33 vtrum
611 1689 114 33 pater.
691 1689 57 33 â‹
714 1689 80 33 Sed
759 1689 91 33 siue
817 1689 80 33 sit
862 1689 91 33 siue
908 1689 57 33 sit

355 1717 113 39 queram
434 1717 135 39 probatum
535 1717 79 39 est
580 1717 90 39 quod
637 1717 79 39 non
682 1717 79 39 cum
727 1717 102 39 dicis
795 1717 90 39 idem
851 1717 79 39 est
885 1717 79 39 patri

358 1748 124 32 elicere
448 1748 181 32 generationem
595 1748 124 32 actiuas
686 1748 90 32 quam
742 1748 136 32 generare
844 1748 90 32 dico
889 1748 68 32 quod

355 1771 118 36 falsum
438 1771 83 36 est
485 1771 71 36 vt
521 1771 106 36 patet
592 1771 71 36 ex
627 1771 177 36 supradictis
769 1771 95 36 nisi
816 1771 142 36 accipiendo

353 1801 209 33 generationem
523 1801 144 33 actiuam
627 1801 222 33 denominatione
797 1801 170 33 extrinseca.

382 1827 73 37 Ex
419 1827 146 37 predicta
528 1827 183 37 conclusione
675 1827 146 37 sequitur
784 1827 98 37 alia
845 1827 110 37 quasi
906 1827 61 37 cor

355 1858 127 33 relaria
448 1858 93 33 quod
506 1858 162 33 principium
633 1858 185 33 generationis
784 1858 69 33 in
819 1858 127 33 diuinis
911 1858 81 33 non

354 1886 81 30 est
401 1886 151 30 absolutum
517 1886 81 30 nec
564 1886 174 30 respectiuum
703 1886 93 30 quia
761 1886 93 30 quod
819 1886 105 30 nullo
889 1886 93 30 modo

351 1915 205 36 principiatur
518 1915 90 36 nec
569 1915 115 36 habet
646 1915 180 36 principium
787 1915 167 36 absolutum
903 1915 64 36 nec

358 1945 158 32 respectiuum
485 1945 74 32 sed
527 1945 137 32 generatio
632 1945 105 32 actiua
705 1945 74 32 est
747 1945 147 32 huiusmodi.
863 1945 53 32 â‹
884 1945 63 32 Ex
905 1945 63 32 quae

354 1969 98 36 patet
420 1969 131 36 vlterius
518 1969 87 36 quod
572 1969 76 36 non
616 1969 87 36 opet
670 1969 164 36 inuestigare
801 1969 87 36 quod
845 1969 120 36 absolutum

354 1998 81 31 sit
401 1998 93 31 eius
459 1998 163 31 principium
587 1998 104 31 vtrum
656 1998 139 31 scilicet
761 1998 139 31 essentia
865 1998 81 31 vel
900 1998 58 31 me-

356 2026 107 35 moria
428 2026 83 35 vel
475 2026 179 35 intellectus
618 2026 95 35 etc.
677 2026 83 35 nam
725 2026 71 35 ex
761 2026 83 35 quo
808 2026 83 35 non
844 2026 119 35 elicitur

357 2054 84 30 vel
405 2054 191 30 principiatur
560 2054 155 30 expeditum
680 2054 84 30 est
728 2054 144 30 negotium
835 2054 84 30 quo
883 2054 72 30 ad
907 2054 60 30 hoc

356 2081 72 40 et
392 2081 108 40 multa
464 2081 108 40 alia.
536 2081 60 40 â‹
560 2081 96 40 Item
620 2081 96 40 tale
681 2081 168 40 principium
813 2081 84 40 non
861 2081 108 40 foret
921 2081 48 40 es

350 2109 125 52 sentia
437 2109 75 52 vt
474 2109 175 52 prehabitum
612 2109 87 52 est
662 2109 87 52 nec
712 2109 187 52 intellectus
862 2109 87 52 aut
899 2109 75 52 memo

967 259 91 58 ria
1019 259 104 58 quia
1084 259 169 58 quodlibet
1214 259 169 58 absolutum
1345 259 91 58 est
1397 259 143 58 omnibus
1488 259 91 58 modis

974 306 53 36 a
996 306 96 36 parte
1060 306 75 36 rei
1102 306 160 36 indistictum
1230 306 64 36 ab
1262 306 128 36 essentia
1358 306 64 36 in
1390 306 75 36 deo
1433 306 64 36 et
1465 306 75 36 est
1497 306 85 36 adequa

976 339 70 28 te
1011 339 70 28 et
1046 339 220 28 conuertibiliter
1232 339 93 28 idem
1290 339 93 28 illi
1347 339 70 28 ex
1382 339 104 28 prima
1452 339 70 28 q.
1487 339 104 28 huius
1545 339 46 28 ma

970 366 106 29 terie
1041 366 118 29 igitur
1123 366 71 29 si
1159 366 141 29 essentia
1265 366 83 29 non
1312 366 83 29 est
1359 366 94 29 eius
1418 366 165 29 principium
1536 366 59 29 nec

978 395 131 35 nemoria
1073 395 131 35 paterna
1169 395 83 35 nec
1216 395 179 35 intellectus
1359 395 143 35 paternus
1466 395 95 35 erit
1514 395 71 35 eius

979 421 157 30 principium
1102 421 78 30 nec
1147 421 146 30 respectus
1259 421 123 30 aliquis
1349 421 90 30 puta
1405 421 157 30 proprietas
1517 421 67 30 per-

973 450 126 39 sonalis
1064 450 115 39 patris
1145 450 92 39 quia
1202 450 69 39 vt
1236 450 103 39 prius
1305 450 103 39 nihil
1374 450 80 39 est
1420 450 161 39 principium
1535 450 57 39 eli

981 480 132 37 titiuum
1077 480 169 37 suumpsius.
1210 480 60 37 â‹
1234 480 84 37 Sed
1282 480 169 37 proprietas
1414 480 169 37 personalis
1535 480 60 37 pa-

979 507 104 29 tris
1044 507 78 29 et
1083 507 169 29 generatio
1213 507 130 29 actiua
1304 507 104 29 sunt
1369 507 104 29 idem
1434 507 143 29 omnibus
1525 507 65 29 mo-

979 534 82 37 dis
1026 534 71 37 in
1062 534 71 37 re
1097 534 118 37 igitur
1179 534 106 37 minor
1250 534 106 37 patet
1320 534 94 37 quia
1379 534 59 37 a
1403 534 106 37 nullo
1473 534 71 37 in
1497 534 94 37 diuins

985 560 129 36 espectu
1079 560 176 36 cuiuscunque
1219 560 70 36 in
1255 560 129 36 diuinis
1348 560 140 36 negandus
1454 560 82 36 est
1500 560 94 36 iste
1547 560 47 36 mo

978 591 84 34 dus
1026 591 192 34 ydemptitatis
1182 591 84 34 quo
1230 591 84 34 est
1278 591 96 34 idem
1337 591 144 34 sibiipsi
1445 591 96 34 nisi
1493 591 96 34 quorum

982 621 91 32 vnum
1038 621 79 32 non
1084 621 79 32 est
1129 621 102 32 aliud
1197 621 102 32 sicut
1265 621 79 32 est
1310 621 68 32 de
1344 621 102 32 patre
1412 621 136 32 respectu
1502 621 91 32 filium

982 650 70 30 vel
1022 650 60 30 de
1052 650 151 30 paternitate
1173 650 121 30 respectu
1264 650 141 30 filiatiois
1375 650 70 30 vel
1415 650 131 30 huiusmodi
1516 650 70 30 vel
1546 650 40 30 ni

979 677 68 35 si
1013 677 113 35 quorum
1092 677 91 35 vnum
1148 677 79 35 est
1194 677 125 35 aliquid
1284 677 68 35 et
1318 677 136 35 reliquum
1420 677 79 35 non
1465 677 79 35 est
1511 677 102 35 illud

983 706 104 34 sicut
1053 706 69 34 de
1087 706 139 34 essentia
1191 706 69 34 et
1226 706 69 34 de
1261 706 173 34 paternitate
1400 706 81 34 vel
1446 706 69 34 de
1469 706 127 34 generatio

980 735 68 32 ne
1014 735 114 32 actiua
1094 735 80 32 vel
1139 735 68 32 de
1174 735 160 32 spiratione
1299 735 114 32 actiua
1379 735 80 32 sed
1425 735 160 32 proprietas
1539 735 57 32 non

978 762 84 36 est
1026 762 120 36 aliqua
1110 762 84 36 res
1158 762 84 36 qui
1206 762 156 36 generatio
1327 762 120 36 actiua
1411 762 84 36 sit
1459 762 96 36 ista
1507 762 84 36 eadem

977 788 88 33 res
1028 788 163 33 econuerso
1153 788 126 33 igitur
1241 788 101 33 sunt
1304 788 163 33 adinuicem
1430 788 101 33 idem
1480 788 113 33 omnibus

984 817 128 37 quibus
1074 817 154 37 vtrunque
1189 817 167 37 sibiipsi.
1317 817 64 37 â‹
1343 817 90 37 Per
1394 817 102 37 idem
1445 817 154 37 argumentum

984 846 104 37 probo
1053 846 92 37 quod
1110 846 115 37 nullus
1191 846 150 37 respectus
1306 846 81 37 sed
1352 846 104 37 etiam
1421 846 92 37 quod
1478 846 115 37 nullum
1547 846 46 37 re

981 875 132 38 latiuum
1077 875 72 38 et
1113 875 108 38 nulla
1186 875 132 38 persona
1282 875 72 38 in
1318 875 132 38 diuinis
1414 875 84 38 est
1451 875 144 38 principium

981 903 144 36 generationis
1098 903 90 36 actiue
1160 903 72 36 quod
1205 903 72 36 enim
1250 903 63 36 nec
1286 903 90 36 filius
1349 903 72 36 enet
1394 903 108 36 spiritus
1474 903 99 36 sancto.
1537 903 54 36 cer-

984 935 76 33 tum
1028 935 76 33 est
1071 935 109 33 fideli
1148 935 76 33 nec
1191 935 98 33 pater
1257 935 98 33 probo
1322 935 65 33 et
1355 935 76 33 hoc
1399 935 109 33 aliter
1475 935 87 33 quam
1519 935 76 33 supra

979 960 70 30 in
1014 960 105 30 prima
1084 960 175 30 conclusione
1224 960 82 30 sic
1271 960 105 30 nihil
1341 960 82 30 est
1387 960 163 30 principium
1504 960 93 30 suump-

986 989 83 31 ius
1034 989 83 31 seu
1081 989 119 31 istius
1164 989 95 31 quod
1223 989 83 31 est
1271 989 95 31 sibi
1330 989 59 31 a
1354 989 107 31 parte
1425 989 83 31 rei
1472 989 95 31 idem
1520 989 71 31 omni

982 1019 85 32 bus
1030 1019 109 32 modis
1103 1019 121 32 quibus
1187 1019 157 32 sibiipsi:
1308 1019 85 32 sed
1356 1019 109 32 pater
1429 1019 72 32 et
1453 1019 133 32 generatio

973 1047 125 33 actiua
1061 1047 100 33 sunt
1124 1047 163 33 huiusmodi
1249 1047 113 33 probo
1325 1047 88 33 per
1375 1047 113 33 istud
1438 1047 151 33 principium

977 1073 61 36 a
1001 1073 110 36 nullo
1074 1073 73 36 in
1111 1073 134 36 diuinis
1209 1073 146 36 negandus
1319 1073 85 36 est
1367 1073 134 36 aliquis
1465 1073 110 36 modus
1526 1073 61 36 non

980 1102 204 34 ydemptitatis
1146 1102 89 34 qui
1197 1102 89 34 non
1247 1102 102 34 vere
1311 1102 140 34 negetur
1413 1102 76 34 ab
1451 1102 102 34 ipso
1502 1102 89 34 respe

978 1133 88 36 ctu
1029 1133 163 36 suuipsius
1154 1133 100 36 nisi
1217 1133 100 36 vnum
1279 1133 138 36 illorum
1380 1133 88 36 non
1430 1133 88 36 sit
1468 1133 125 36 reliquum

979 1160 79 33 vel
1024 1160 147 33 econuerso
1137 1160 91 33 nisi
1194 1160 91 33 vnum
1250 1160 125 33 illorum
1341 1160 79 33 sit
1386 1160 113 33 aliqua
1465 1160 79 33 res
1511 1160 68 33 et
1533 1160 57 33 re-

977 1188 111 34 liquum
1054 1188 78 34 non
1099 1188 78 34 sit
1143 1188 89 34 illa
1198 1188 89 34 res:
1254 1188 78 34 sed
1298 1188 78 34 ita
1342 1188 78 34 est
1387 1188 78 34 ode
1431 1188 166 34 paternitate
1553 1188 44 34 et

979 1218 72 32 oe
1015 1218 109 32 patre
1088 1218 85 32 vel
1136 1218 72 32 oe
1172 1218 109 32 patre
1245 1218 72 32 et
1281 1218 181 32 generatione
1426 1218 121 32 actiua
1498 1218 97 32 igitur

977 1246 163 32 conclusio
1103 1246 150 32 predicta
1215 1246 100 32 vera
1278 1246 113 32 licet
1353 1246 150 32 videatur
1453 1246 138 32 mirabilis

984 1274 103 32 illis
1052 1274 80 32 qui
1098 1274 91 32 fixi
1155 1274 91 32 sunt
1212 1274 69 32 in
1246 1274 183 32 ymaginatione
1395 1274 69 32 ve
1418 1274 171 32 constitutione

982 1301 114 33 diuine
1061 1301 125 33 persone
1152 1301 68 33 ex
1186 1301 170 33 proprietate
1322 1301 68 33 et
1356 1301 136 33 essentia
1459 1301 102 33 sicut
1515 1301 80 33 viden

981 1328 85 36 tur
1030 1328 110 36 scon.
1103 1328 73 36 et
1139 1328 98 36 okam
1200 1328 122 36 tenere
1286 1328 110 36 tamen
1359 1328 98 36 okam
1420 1328 73 36 in
1445 1328 146 36 responsio-

984 1357 115 34 nibus
1061 1357 127 34 tenuit
1150 1357 115 34 illud
1226 1357 102 34 quod
1290 1357 89 34 ego
1341 1357 89 34 hic
1392 1357 102 34 tunc
1456 1357 102 34 apud
1507 1357 89 34 illos

987 1384 112 36 illud
1061 1384 174 36 principium
1198 1384 87 36 non
1248 1384 112 36 esset
1323 1384 187 36 concedendum
1472 1384 62 36 a
1497 1384 87 36 quo
1535 1384 62 36 hic

978 1411 113 32 arguo
1054 1411 100 32 nisi
1116 1411 125 32 addita
1204 1411 100 32 alia
1267 1411 163 32 particula
1392 1411 100 32 quam
1455 1411 125 32 addere
1530 1411 63 32 ha-

977 1441 90 34 bent
1033 1441 90 34 isti
1090 1441 135 34 scilicet
1191 1441 79 34 vel
1236 1441 90 34 nisi
1293 1441 124 34 alterum
1383 1441 135 34 includat
1484 1441 124 34 aliquid

984 1469 98 33 quod
1045 1469 86 33 est
1094 1469 122 33 aliqua
1179 1469 86 33 res
1228 1469 73 33 et
1265 1469 135 33 aliquid
1363 1469 98 33 quod
1424 1469 86 33 non
1473 1469 86 33 est
1510 1469 73 33 illa

982 1498 74 31 res
1025 1498 64 31 et
1057 1498 74 31 ita
1099 1498 128 31 dicerent
1195 1498 85 31 ipsi
1248 1498 64 31 de
1280 1498 117 31 persona
1365 1498 85 31 quod
1418 1498 128 31 includit
1503 1498 85 31 essen-

978 1528 107 32 tiam
1045 1528 80 32 et
1085 1528 214 32 proprietatem
1259 1528 94 32 per
1312 1528 227 32 essentialiter
1486 1528 107 32 quorum

985 1555 146 38 essentia
1094 1555 85 38 est
1143 1555 122 38 aliqua
1228 1555 85 38 res
1277 1555 73 38 et
1313 1555 170 38 proprietas
1447 1555 109 38 huius
1508 1555 85 38 perso

982 1587 75 35 ne
1019 1587 88 35 non
1069 1587 88 35 est
1119 1587 175 35 proprietas
1257 1587 150 35 alterius
1369 1587 138 35 persone
1469 1587 88 35 nam
1507 1587 88 35 perso

983 1611 84 34 na
1025 1611 167 34 secundum
1150 1611 98 34 eos
1206 1611 84 34 et
1248 1611 167 34 secundum
1374 1611 126 34 omnem
1457 1611 112 34 viam
1513 1611 84 34 con-

980 1637 144 41 stituitur
1090 1637 188 41 essentialiter
1245 1637 66 41 ex
1278 1637 166 41 proprietate
1411 1637 66 41 et
1444 1637 133 41 essentia
1533 1637 66 41 quae

980 1668 100 35 non
1037 1668 143 35 habent
1137 1668 128 35 inter
1222 1668 86 35 se
1265 1668 128 35 omnem
1351 1668 128 35 modum
1422 1668 171 35 ydemptita-

978 1700 88 31 tis
1029 1700 88 31 quo
1079 1700 152 31 essentia
1193 1700 88 31 est
1244 1700 114 31 eadem
1319 1700 152 31 sibiipsi
1433 1700 152 31 secundum
1534 1700 63 31 eos

980 1723 72 37 et
1016 1723 96 37 quid
1076 1723 109 37 mirum
1149 1723 96 37 tunc
1209 1723 96 37 quod
1269 1723 169 37 proprietas
1402 1723 84 37 que
1450 1723 84 37 est
1486 1723 109 37 alterum

986 1756 237 32 constituentium
1183 1756 158 32 personas
1302 1756 92 32 non
1355 1756 92 32 est
1408 1756 145 32 omnibus
1500 1756 92 32 modis

983 1780 108 37 eadem
1055 1780 96 37 toti
1115 1780 132 37 persone
1212 1780 169 37 constitute
1344 1780 108 37 sicut
1416 1780 96 37 ipsa
1477 1780 84 37 est
1513 1780 84 37 eadem

987 1811 140 34 sibiipsi.
1095 1811 54 34 â‹
1117 1811 75 34 Sed
1160 1811 86 34 quia
1214 1811 75 34 non
1257 1811 97 34 vides
1321 1811 86 34 quod
1375 1811 86 34 ista
1429 1811 75 34 via
1472 1811 119 34 incidat
1548 1811 43 34 in

982 1832 217 39 ymaginationem
1161 1832 217 39 compositionis
1340 1832 140 39 persone
1442 1832 128 39 diuine
1518 1832 77 39 quia

980 1867 109 34 ponit
1053 1867 85 34 eam
1101 1867 158 34 constitui
1223 1867 73 34 et
1259 1867 158 34 includere
1381 1867 85 34 hoc
1429 1867 73 34 et
1466 1867 85 34 hoc
1514 1867 73 34 et
1538 1867 49 34 hu

988 1894 144 31 iusmodi
1093 1894 79 31 et
1132 1894 92 31 ego
1185 1894 92 31 non
1237 1894 131 31 reputo
1329 1894 92 31 hoc
1382 1894 158 31 ponendum
1500 1894 92 31 sed
1539 1894 53 31 po

987 1922 98 33 tius
1048 1922 98 33 volo
1109 1922 159 33 sustinere
1232 1922 147 33 personam
1342 1922 98 33 esse
1403 1922 98 33 eque
1452 1922 135 33 simplicem

980 1952 113 35 sicut
1055 1952 163 35 essentiam
1180 1952 88 35 vel
1230 1952 175 35 personalem
1355 1952 188 35 proprietatem.

984 1979 61 36 â‹
1008 1979 98 36 Ideo
1070 1979 98 36 nolo
1131 1979 123 36 dicere
1217 1979 98 36 quod
1278 1979 135 36 persona
1376 1979 147 36 includat
1474 1979 123 36 relatio-

985 2010 89 33 nem
1036 2010 76 33 et
1074 2010 165 33 essentiam
1201 2010 76 33 de
1239 2010 140 33 virtute
1341 2010 152 33 sermonis
1455 2010 152 33 loquendo

987 2036 72 35 nec
1028 2036 82 35 quod
1079 2036 164 35 constituatur
1212 2036 72 35 vel
1253 2036 123 35 resultet
1346 2036 62 35 ex
1377 2036 154 35 proprietate
1500 2036 62 35 et
1520 2036 72 35 essen

980 2065 77 35 tia
1024 2065 77 35 sed
1068 2065 88 35 nolo
1123 2065 110 35 dicere
1200 2065 88 35 quod
1255 2065 77 35 est
1300 2065 132 35 essentia
1399 2065 66 35 et
1432 2065 154 35 proprietas
1542 2065 55 35 hoc

988 2091 86 35 idem
1042 2091 86 35 dico
1096 2091 64 35 oe
1128 2091 161 35 proprietate
1256 2091 86 35 quod
1310 2091 86 35 ipsa
1364 2091 75 35 est
1407 2091 129 35 essentia
1503 2091 64 35 et
1525 2091 64 35 ipsa

954 2121 73 43 est
995 2121 115 43 persona
1079 2121 63 43 et
1111 2121 84 43 quod
1163 2121 94 43 nomen
1226 2121 126 43 proprium
1320 2121 94 43 primi
1383 2121 136 43 suppositi
1488 2121 63 43 in
1509 2121 84 43 diuins
