1771 2500
312 240 90 52 quod
368 240 79 52 est
413 240 101 52 pater
480 240 79 52 cum
525 240 90 52 idem
581 240 90 52 quod
637 240 79 52 est
682 240 101 52 pater
750 240 79 52 sit
795 240 112 52 filius
862 240 56 52 sed

314 284 85 42 hec
362 284 109 42 fides
435 284 145 42 ecclesie
544 284 85 42 non
592 284 157 42 admittit.
713 284 61 42 ⁋
737 284 97 42 Item
798 284 85 42 non
834 284 85 42 video

307 320 90 33 quod
363 320 102 33 fides
431 320 68 33 ad
465 320 124 33 aliquem
555 320 113 33 sensum
634 320 135 33 concedat
735 320 90 33 quod
792 320 68 33 in
814 320 102 33 diuinis

307 346 153 38 generans
422 346 89 38 sit
473 346 140 38 genitum
574 346 89 38 aut
625 346 140 38 econtra
727 346 76 38 et
765 346 115 38 tamen
829 346 89 38 illuo

311 375 95 33 quod
371 375 83 33 est
418 375 131 33 gignens
513 375 83 33 est
561 375 143 33 genitum.
668 375 71 33 Ex
704 375 107 33 istis
775 375 143 33 sequitur
870 375 48 33 re

320 401 125 39 ponsio
407 401 75 39 ad
444 401 212 39 dubitationem.
619 401 62 39 ⁋
644 401 137 39 Constat
744 401 100 39 enim
807 401 100 39 quod
857 401 62 39 po-

312 424 109 41 tens
381 424 164 41 generare
504 424 178 41 adiectiue
641 424 151 41 sumptum
750 424 164 41 repugnat
860 424 68 41 es-

317 460 119 33 sentie
400 460 83 33 cum
448 460 143 33 essentia
555 460 83 33 non
603 460 119 33 possit
686 460 143 33 generare
793 460 71 33 et
817 460 107 33 substan

316 484 87 37 tie
365 484 136 37 sumptum
464 484 99 37 stat
526 484 136 37 precise
625 484 87 37 non
675 484 161 37 supposito
799 484 99 37 quod
849 484 74 37 pos-

312 514 89 37 set
363 514 152 37 generare
477 514 76 37 et
515 514 89 37 non
566 514 89 37 pro
617 514 101 37 omni
680 514 76 37 eo
718 514 101 37 quod
782 514 89 37 est
820 514 101 37 potens

311 546 140 36 generare
417 546 70 36 vt
452 546 82 36 iam
499 546 164 36 declaratum
627 546 82 36 est
674 546 117 36 igitur
756 546 140 36 sequitur
850 546 70 36 quod

317 570 128 40 potens
407 570 153 40 generare
521 570 89 40 non
572 570 128 40 posset
662 570 115 40 filio
725 570 166 40 communicari

320 602 67 34 ⁋
346 602 81 34 Ad
387 602 188 34 argumentum
535 602 81 34 in
575 602 188 34 contrarium
723 602 188 34 conceditur
858 602 67 34 an-

322 625 149 38 tecedens
433 625 124 38 sumpto
520 625 161 38 predicato
643 625 186 38 substantiue
792 625 74 38 et
817 625 111 38 negatur

317 653 176 36 consequentia
460 653 110 36 sumpto
537 653 143 36 predicato
647 653 176 36 consequentis
790 653 132 36 scilicet
878 653 44 36 li

320 688 202 33 communicabile
487 688 155 33 adiectiue
606 688 83 33 nec
653 688 83 33 sic
701 688 107 33 valet
772 688 155 33 conuersio
879 688 48 33 be

319 714 76 35 ne
357 714 114 35 tamen
433 714 114 35 valet
509 714 127 35 sumpto
598 714 76 35 ly
636 714 215 35 communicabile
800 714 127 35 substan-

318 740 88 33 tiue
373 740 66 33 vt
406 740 77 33 sit
450 740 110 33 sensus
527 740 110 33 potens
604 740 132 33 generare
703 740 77 33 est
747 740 77 33 res
780 740 154 33 communicabi-

324 767 83 40 lis
371 767 106 40 filio
442 767 71 40 et
478 767 83 40 hoc
525 767 83 40 est
572 767 106 40 verum
643 767 95 40 quia
702 767 118 40 potens
785 767 142 40 generare
880 767 47 40 es

326 795 126 38 essentia
420 795 189 38 communicabilis
578 795 105 38 filio.
651 795 74 38 Sed
693 795 105 38 contra
767 795 84 38 ista
819 795 74 38 est
851 795 74 38 dubii

328 829 104 31 reale
398 829 128 31 videtur
491 829 93 31 enim
549 829 93 31 quod
607 829 116 31 filius
688 829 93 31 vere
746 829 116 31 posset
816 829 116 31 generare

323 852 100 36 sicut
390 852 67 36 et
423 852 100 36 pater
490 852 112 36 igitur
568 852 112 36 filius
646 852 78 36 est
691 852 89 36 vere
747 852 134 36 potentia
836 852 89 36 genera

328 880 70 39 di
363 880 70 39 et
398 880 81 39 non
445 880 81 39 est
491 880 140 39 potentia
596 880 151 39 generandi
712 880 93 39 nisi
770 880 81 39 per
817 880 81 39 hoc
863 880 93 39 quod

322 912 170 38 producitur
456 912 61 38 a
480 912 109 38 patre
553 912 122 38 igitur
638 912 146 38 potentia
748 912 158 38 generandi
857 912 73 38 sibi

322 941 202 33 communicatur
487 941 63 33 a
512 941 114 33 patre
588 941 177 33 assumptum.
727 941 152 33 probatur
841 941 88 33 per
878 941 51 33 ai

319 965 143 40 gumentum
427 965 143 40 heretici
534 965 72 40 in
570 965 131 40 littera
665 965 84 40 di.
713 965 72 40 7i
749 965 72 40 e.
785 965 96 40 quia
832 965 96 40 aliter

322 994 113 42 pater
398 994 113 42 esset
473 994 163 42 potentior
598 994 125 42 posset
686 994 100 42 enim
748 994 150 42 generare
861 994 100 42 quod

318 1027 86 30 non
367 1027 86 30 est
416 1027 135 30 filius.
514 1027 61 30 ⁋
539 1027 98 30 Item
600 1027 147 30 secundum
710 1027 172 30 augustinum
845 1027 74 30 et
870 1027 61 30 po-

319 1052 105 36 nitur
389 1052 70 36 in
424 1052 128 36 littera
517 1052 116 36 filius
598 1052 81 36 non
645 1052 128 36 generat
738 1052 81 36 non
784 1052 93 36 quia
842 1052 81 36 non
877 1052 58 36 po-

322 1083 92 34 tuit
379 1083 80 34 sed
425 1083 92 34 quia
482 1083 80 34 non
528 1083 149 34 oportuit.
643 1083 92 34 Item
700 1083 92 34 tunc
758 1083 126 34 aliquid
838 1083 92 34 posset

324 1108 104 39 pater
394 1108 92 39 quod
451 1108 81 39 non
498 1108 115 39 potest
578 1108 115 39 filius
659 1108 115 39 igitur
740 1108 115 39 filius
821 1108 81 39 non
855 1108 81 39 esset

320 1134 175 36 omnipotens
458 1134 113 36 sicut
533 1134 125 36 pater.
621 1134 100 36 Item
684 1134 100 36 plus
746 1134 88 36 est
796 1134 113 36 posse
859 1134 75 36 gene

322 1160 96 44 rare
382 1160 120 44 filium
466 1160 96 44 quam
525 1160 108 44 posse
597 1160 120 44 creare
681 1160 120 44 mundum
765 1160 84 44 sed
812 1160 84 44 non
848 1160 84 44 posse

316 1193 122 35 creare
401 1193 110 35 mundu
474 1193 146 35 inferret
584 1193 122 35 filium
670 1193 85 35 non
718 1193 98 35 esse
767 1193 171 35 omnipotentem

326 1221 110 34 igitur
403 1221 99 34 multo
469 1221 121 34 fortius
557 1221 77 34 non
601 1221 99 34 posse
668 1221 132 34 generare
767 1221 110 34 filium
844 1221 77 34 hoc
888 1221 77 34 in¬

322 1255 97 32 fert.
387 1255 54 32 ⁋
409 1255 86 32 Item
463 1255 86 32 quod
517 1255 108 32 filius
592 1255 119 32 creatus
679 1255 108 32 posset
754 1255 130 32 generare
841 1255 97 32 ponitur

324 1279 45 34 a
342 1279 126 34 philosopho
441 1279 144 34 perfectionis
557 1279 72 34 esse
602 1279 108 34 scilicet
683 1279 81 34 posse
737 1279 117 34 producere
826 1279 72 34 sibi
862 1279 72 34 simile

325 1309 116 32 igitur
407 1309 81 32 hoc
453 1309 81 32 non
500 1309 81 32 est
546 1309 140 32 negandum
651 1309 58 32 a
674 1309 105 32 filio
744 1309 151 32 increato.
861 1309 58 32 ⁋
872 1309 70 32 Item

329 1340 62 31 si
360 1340 134 31 generatio
463 1340 103 31 actiua
535 1340 72 31 non
576 1340 93 31 esset
638 1340 185 31 communicabilis
792 1340 93 31 filio
854 1340 72 31 aut
885 1340 51 31 hoc

330 1366 71 32 est
370 1366 81 32 quia
421 1366 61 32 in
451 1366 91 32 filio
512 1366 71 32 est
552 1366 121 32 opposita
643 1366 111 32 relatio
724 1366 61 32 et
754 1366 81 32 tunc
805 1366 101 32 saltem
865 1366 71 32 esset

330 1391 161 38 communicabilis
465 1391 54 38 ss
491 1391 45 38 t
509 1391 54 38 it
536 1391 99 38 spiritu
608 1391 90 38 sancto
671 1391 90 38 posset
734 1391 108 38 generare
814 1391 63 38 aut
850 1391 63 38 hoc
877 1391 63 38 esset

327 1425 79 31 quia
377 1425 60 31 de
406 1425 60 31 se
436 1425 89 31 esset
496 1425 198 31 incommunicabilis
664 1425 69 31 sed
704 1425 69 31 non
744 1425 109 31 videtur
823 1425 79 31 quia
863 1425 69 31 quari

334 1450 82 35 plus
385 1450 144 35 repugnaret
498 1450 82 35 sibi
549 1450 62 35 de
580 1450 62 35 se
611 1450 154 35 communicari
734 1450 82 35 quod
785 1450 113 35 spirari
857 1450 82 35 actiue

330 1476 55 40 ⁋
352 1476 88 40 Item
407 1476 165 40 communicare
539 1476 77 40 non
583 1476 132 40 repugnat
683 1476 88 40 sibi
738 1476 121 40 ratione
815 1476 121 40 perfectio

328 1502 79 42 nis
373 1502 90 42 quia
429 1502 90 42 tunc
486 1502 158 42 repugnaret
610 1502 136 42 essentie
712 1502 79 42 nec
757 1502 124 42 ratione
836 1502 102 42 imperfe

327 1535 136 32 ctionis
426 1535 99 32 quia
487 1535 99 32 tunc
549 1535 173 32 repugnaret
685 1535 173 32 spirationi
809 1535 111 32 actiue.

332 1557 97 45 Item
392 1557 133 45 quomodo
489 1557 121 45 posset
574 1557 169 45 suppositum
707 1557 97 45 esse
768 1557 157 45 perfectum
876 1557 61 45 vel

320 1586 124 45 habere
406 1586 161 45 pricipium
530 1586 161 45 perfectum
654 1586 173 45 producendi
790 1586 74 45 et
815 1586 124 45 immedia-

325 1624 91 34 tum
377 1624 91 34 nec
429 1624 170 34 impeditum
560 1624 91 34 nec
612 1624 144 34 exigens
717 1624 131 34 passum
808 1624 105 34 quin
861 1624 78 34 isto

324 1653 151 34 principio
441 1653 116 34 possit
522 1653 151 34 producere
639 1653 81 34 non
685 1653 93 34 enim
743 1653 128 34 videtur
825 1653 116 34 potentia

328 1680 175 34 producendi
465 1680 137 34 excludi
565 1680 75 34 ab
602 1680 125 34 aliquo
689 1680 125 34 actiuo
777 1680 100 34 nisi
827 1680 112 34 propter

325 1705 146 37 defectum
434 1705 146 37 alicuius
544 1705 109 37 istor
617 1705 73 37 vt
653 1705 109 37 patet
726 1705 170 37 inductiue.
860 1705 61 37 ⁋
872 1705 73 37 Item

330 1735 66 35 in
363 1735 144 35 quocumque
474 1735 78 35 est
518 1735 144 35 generatio
629 1735 111 35 actiua
706 1735 100 35 illud
773 1735 111 35 posset
839 1735 100 35 genera-

327 1768 70 30 re
362 1768 82 30 sed
409 1768 70 30 in
445 1768 106 30 filio
515 1768 82 30 est
562 1768 152 30 generatio
679 1768 117 30 actiua
761 1768 94 30 quia
808 1768 129 30 generatio

325 1795 108 35 actiua
401 1795 108 35 filium
476 1795 75 35 est
519 1795 97 35 actus
583 1795 140 35 transiens
691 1795 75 35 non
734 1795 129 35 immanens
831 1795 86 35 quia
874 1795 65 35 tune

329 1819 103 34 actio
397 1819 68 34 et
431 1819 137 34 terminus
534 1819 114 34 essent
614 1819 68 34 in
648 1819 103 34 eodem
717 1819 80 34 sed
762 1819 103 34 actus
819 1819 126 34 transiens

332 1846 81 35 est
379 1846 69 35 in
413 1846 127 35 termino
505 1846 138 35 producto
609 1846 81 35 vel
655 1846 150 35 receptiuo
770 1846 127 35 termini
862 1846 69 35 et
885 1846 58 35 ter

333 1881 80 31 tio
378 1881 171 31 phisicorum.
515 1881 57 31 ⁋
538 1881 69 31 Ad
572 1881 103 31 illud
641 1881 103 31 dubiu
710 1881 149 31 conclusio
824 1881 80 31 est
858 1881 80 31 certa

328 1902 102 37 secum
396 1902 114 37 fidem.
475 1902 91 37 quod
532 1902 114 37 filius
612 1902 68 37 in
646 1902 125 37 diuinis
737 1902 80 37 non
782 1902 114 37 potest
850 1902 91 37 genera

324 1932 69 34 re
358 1932 69 34 et
392 1932 80 34 est
438 1932 103 34 ratio
507 1932 149 34 augustini
621 1932 69 34 ad
655 1932 80 34 hoc
701 1932 80 34 que
747 1932 126 34 ponitur
838 1932 69 34 in
861 1932 80 34 litte

334 1965 61 32 ra
364 1965 81 32 quod
415 1965 81 32 tunc
465 1965 101 32 essent
536 1965 121 32 infiniti
626 1965 101 32 filium
697 1965 61 32 in
727 1965 121 32 diuinis.
818 1965 81 32 quia
868 1965 71 32 qua
899 1965 40 32 ra

332 1990 107 38 tione
403 1990 95 38 iste
463 1990 119 38 filius
546 1990 119 38 posset
629 1990 143 38 generare
736 1990 107 38 eadem
807 1990 131 38 ratione
890 1990 48 38 fi

327 2018 89 36 lius
383 2018 89 36 fili
438 2018 134 36 scilicet
538 2018 89 36 quia
594 2018 100 36 alias
661 2018 78 36 non
705 2018 100 36 esset
772 2018 89 36 eque
828 2018 111 36 potens
894 2018 56 36 cum

329 2047 81 32 suo
376 2047 104 32 patre
445 2047 70 32 et
480 2047 81 32 sic
527 2047 70 32 in
561 2047 162 32 infinitum.
689 2047 81 32 sed
735 2047 70 32 in
770 2047 151 32 perpetuis
886 2047 81 32 non

330 2076 125 34 differt
421 2076 91 34 esse
478 2076 68 34 et
512 2076 114 34 posse.
592 2076 57 34 ⁋
615 2076 68 34 Ad
649 2076 114 34 primam
728 2076 160 34 instantiam
842 2076 103 34 dicitur

334 2102 88 45 nego
389 2102 155 45 antecedens
511 2102 55 45 ⁋
533 2102 66 45 Ad
566 2102 166 45 probationem
699 2102 111 45 primam
776 2102 144 45 respondet
876 2102 66 45 sco.

936 248 208 40 sufficienter
1105 248 195 40 respondendo
1262 248 78 40 ad
1301 248 195 40 principalem
1444 248 117 40 questio

943 287 85 31 nem
991 287 121 31 istius
1076 287 205 31 distinctionis
1245 287 85 31 2o.
1293 287 85 31 li.
1342 287 121 31 primo.
1426 287 109 31 vtrum
1486 287 85 31 perso

941 312 67 38 ne
974 312 112 38 diuine
1053 312 89 38 sint
1109 312 123 38 equales
1198 312 134 38 secundum
1299 312 145 38 potentiam
1410 312 67 38 et
1444 312 123 38 iacobus
1522 312 45 38 de

944 344 114 34 esculo
1024 344 69 34 in
1058 344 149 34 quolibeto
1172 344 91 34 suo.
1229 344 69 34 q.
1264 344 114 34 quinta
1344 344 69 34 et
1378 344 91 34 okam
1424 344 137 34 distinctio

944 372 66 32 ne
977 372 77 32 2o.
1021 372 55 32 3
1043 372 132 32 articulo
1141 372 132 32 eiusdem.
1240 372 66 32 q.
1273 372 66 32 et
1306 372 143 32 similiter
1416 372 66 32 ad
1448 372 121 32 tertium
1525 372 44 32 et

944 398 143 36 quartum
1048 398 104 36 idem
1114 398 117 36 quere
1192 398 78 36 in
1231 398 104 36 eis.
1296 398 65 36 ⁋
1322 398 78 36 Ad
1361 398 157 36 secundum
1466 398 104 36 respon

944 431 83 30 det
992 431 83 30 sco
1039 431 71 30 in
1074 431 166 30 reportatis
1205 431 154 30 parisien.
1323 431 83 30 li.
1371 431 107 30 primo
1442 431 71 30 di
1477 431 59 30 7
1501 431 71 30 q.
1536 431 59 30 2

951 455 86 35 quod
1005 455 76 35 cum
1048 455 119 35 dicitur
1135 455 108 35 filius
1210 455 76 35 non
1253 455 108 35 genuit
1329 455 65 35 no
1361 455 86 35 quia
1415 455 76 35 non
1458 455 108 35 potuit
1523 455 54 35 sed

945 488 98 27 quia
1006 488 85 27 non
1055 488 146 27 oportuit
1164 488 85 27 ibi
1213 488 159 27 accipitur
1335 488 134 27 negatio
1421 488 146 27 infinitans

951 516 58 29 vt
980 516 96 29 sensus
1048 516 67 29 sit
1086 516 67 29 non
1125 516 77 29 quia
1173 516 67 29 non
1212 516 96 29 potuit
1279 516 58 29 id
1308 516 67 29 est
1346 516 77 29 quia
1395 516 67 29 non
1433 516 77 29 fuit
1472 516 96 29 impotens

950 538 71 35 et
986 538 107 35 causa
1057 538 107 35 quare
1128 538 118 35 posuit
1211 538 166 35 negationem
1341 538 83 35 est
1388 538 95 35 quia
1448 538 83 35 hoc
1483 538 95 35 infini

945 571 106 32 tumin
1016 571 118 32 potuit
1099 571 71 32 no
1134 571 83 32 est
1181 571 71 32 in
1217 571 94 32 vsu.
1276 571 59 32 ⁋
1299 571 71 32 Et
1335 571 154 32 concordat
1453 571 106 32 glosa
1512 571 59 32 ma.

948 596 53 33 d
970 596 74 33 non
1012 596 64 33 ex
1044 596 149 33 impotentia
1161 596 74 33 non
1204 596 96 33 fuit.
1268 596 53 33 ⁋
1289 596 64 33 Ad
1321 596 117 33 quintum
1406 596 85 33 dico
1459 596 85 33 quod
1502 596 74 33 posse

949 629 166 33 producere
1077 629 128 33 simile
1166 629 89 33 est
1217 629 128 33 signum
1307 629 204 33 perfectionis
1460 629 115 33 supplen

947 658 89 32 tis
998 658 229 32 imperfectionem
1189 658 76 32 in
1227 658 89 32 his
1278 658 89 32 que
1329 658 89 32 non
1379 658 140 32 possunt
1468 658 102 32 semper

953 679 122 34 eadem
1035 679 136 34 numero
1130 679 176 34 permanere
1265 679 81 34 et
1306 679 122 34 talis
1387 679 176 34 perfectio
1509 679 68 34 op-

955 714 144 34 ponitur
1059 714 170 34 orbationi
1190 714 78 34 ad
1229 714 118 34 modum
1308 714 91 34 quo
1360 714 118 34 visus
1425 714 144 34 opponitur

958 739 124 35 cecitati
1051 739 62 35 et
1082 739 72 35 sic
1123 739 104 35 dictum
1196 739 145 35 philosophy
1310 739 72 35 non
1351 739 93 35 habet
1413 739 93 35 locum
1475 739 62 35 in
1496 739 83 35 propo-

959 764 89 37 sito.
1018 764 49 37 ⁋
1038 764 59 37 Ad
1067 764 98 37 sextum
1136 764 108 37 dicitur
1215 764 79 37 quod
1264 764 128 37 quecumque
1363 764 89 37 ratio
1422 764 69 37 sit
1461 764 89 37 quare
1510 764 69 37 pater

957 795 78 33 non
1001 795 78 33 est
1046 795 200 33 communicabilis
1212 795 100 33 eadem
1279 795 78 33 est
1323 795 100 33 quare
1389 795 144 33 generatio
1489 795 89 33 actiua

962 827 63 27 et
993 827 147 27 paternitas
1109 827 74 27 non
1151 827 74 27 est
1193 827 189 27 communicabilis
1350 827 84 27 quia
1403 827 84 27 sunt
1455 827 116 27 omnibus
1529 827 53 27 mo-

957 851 71 34 dis
997 851 81 34 idem
1048 851 132 34 adinuicem
1150 851 61 34 et
1181 851 81 34 ideo
1231 851 92 34 sicut
1292 851 92 34 pater
1353 851 61 34 de
1384 851 61 34 se
1414 851 71 34 est
1455 851 61 34 in
1475 851 102 34 communi-

960 882 128 32 cabilis
1054 882 82 32 sic
1100 882 70 32 et
1135 882 93 32 ista
1193 882 152 32 generatio
1310 882 105 32 etiam
1380 882 163 32 ymaginando
1496 882 82 32 iuxta

956 908 115 38 communem
1043 908 77 38 viam
1091 908 77 38 quod
1139 908 125 38 generatio
1235 908 96 38 actiua
1302 908 67 38 non
1340 908 86 38 esset
1398 908 106 38 omnibus
1474 908 86 38 modis
1522 908 58 38 idem

966 938 61 34 cum
1001 938 79 34 patre
1054 938 88 34 quibus
1115 938 70 34 sibi
1159 938 70 34 ipsi
1203 938 70 34 tunc
1246 938 79 34 licet
1299 938 44 34 i
1316 938 96 34 spiritu
1386 938 96 34 sanctus
1456 938 61 34 non
1491 938 61 34 sit
1518 938 61 34 oppo-

956 963 74 34 sita
1002 963 102 34 relatio
1076 963 139 34 generationi
1188 963 93 34 actiue
1252 963 74 34 quia
1299 963 65 34 ci.
1336 963 111 34 spiritus
1419 963 93 34 sancto
1475 963 102 34 presuppo-

961 995 85 33 nit
1009 995 133 33 origine
1106 995 133 33 aliquid
1203 995 182 33 constitutum
1348 995 157 33 relatione
1457 995 121 33 opposita

957 1023 65 30 i.
990 1023 161 30 generatione
1119 1023 118 30 passiua
1205 1023 118 30 tanquam
1291 1023 151 30 principium
1409 1023 65 30 et
1430 1023 151 30 comprincipi-

953 1053 75 30 um
990 1053 100 30 suum
1052 1053 75 30 et
1090 1053 112 30 nihil
1165 1053 125 30 potest
1252 1053 100 30 suum
1314 1053 175 30 principium
1439 1053 137 30 producere

958 1082 120 36 plusquam
1048 1082 110 36 seipsum
1127 1082 80 36 ideo
1177 1082 120 36 generare
1267 1082 100 36 filium
1337 1082 60 36 no
1367 1082 80 36 plus
1417 1082 100 36 potest
1476 1082 100 36 communi-

962 1109 73 33 capt
1008 1109 92 33 spitus
1072 1109 83 33 sanct
1127 1109 73 33 quam
1173 1109 101 33 ipsimet
1246 1109 92 33 filio.
1311 1109 46 33 ⁋
1329 1109 55 33 Ad
1357 1109 110 33 septimum
1439 1109 73 33 dico
1485 1109 73 33 quod
1531 1109 64 33 non

959 1139 146 29 oportet
1065 1139 132 29 alteri
1157 1139 146 29 istorum
1263 1139 146 29 modorum
1369 1139 106 29 sibi
1422 1139 159 29 repugnare.

962 1165 68 36 ⁋
990 1165 149 36 Octauum
1098 1165 95 36 est
1152 1165 122 36 magne
1233 1165 230 36 difficultatis
1423 1165 108 36 apud
1477 1165 108 36 scotum

958 1195 74 33 et
995 1195 111 33 illos
1069 1195 86 33 qui
1118 1195 123 33 ponunt
1205 1195 198 33 generationem
1365 1195 136 33 actiuam
1464 1195 111 33 elici
1526 1195 49 33 es

962 1226 146 32 originari
1074 1226 68 32 et
1108 1226 90 32 ipsi
1164 1226 124 32 soluant
1254 1226 101 32 illud
1322 1226 68 32 et
1356 1226 79 32 ego
1401 1226 79 32 non
1446 1226 90 32 pono
1502 1226 68 32 in
1525 1226 56 32 fi-

957 1251 88 36 lio
1008 1251 176 36 principium
1146 1251 176 36 elicitiuum
1284 1251 126 36 istius
1372 1251 201 36 generationis
1522 1251 63 36 nec

964 1280 113 33 etiam
1040 1280 75 33 in
1077 1280 125 33 patre.
1165 1280 63 33 ⁋
1190 1280 75 33 Ad
1228 1280 113 33 nonum
1303 1280 75 33 si
1341 1280 151 33 loquaris
1454 1280 75 33 de
1479 1280 100 33 inesse

962 1311 84 32 per
1010 1311 251 32 circumincessionem
1225 1311 107 32 maior
1296 1311 84 32 est
1344 1311 107 32 falsa
1416 1311 72 32 si
1452 1311 119 32 aliter
1523 1311 60 32 mi-

963 1336 82 31 nor
1010 1336 82 31 est
1057 1336 118 31 falsa.
1140 1336 59 31 ⁋
1163 1336 71 31 Ad
1199 1336 176 31 probationem
1340 1336 129 31 dicitur
1434 1336 94 31 quod
1481 1336 94 31 genera

961 1364 80 32 tio
1006 1364 115 32 actiua
1087 1364 115 32 patris
1167 1364 80 32 est
1213 1364 80 32 met
1259 1364 103 32 pater
1328 1364 69 32 et
1363 1364 92 32 ideo
1420 1364 80 32 non
1466 1364 80 32 est
1501 1364 80 32 tran-

962 1392 111 37 siens
1036 1392 173 37 formaliter
1172 1392 86 37 sed
1221 1392 99 37 bene
1283 1392 185 37 orginaliter
1431 1392 99 37 quia
1480 1392 99 37 scili-

962 1420 90 36 cet
1013 1420 90 36 est
1065 1420 179 36 originatio
1206 1420 141 36 termini
1308 1420 90 36 non
1359 1420 179 36 immanentis
1487 1420 90 36 gene-

963 1450 108 37 ranti
1035 1450 96 37 nisi
1095 1450 227 37 substantialiter
1286 1450 72 37 et
1322 1450 84 37 per
1358 1450 227 37 circumincessionem

962 1481 148 29 tenendo
1069 1481 121 29 autem
1150 1481 175 29 opinionem
1285 1481 121 29 supra
1366 1481 135 29 tactam
1460 1481 81 29 de
1487 1481 94 29 gene-

964 1509 123 34 ratione
1054 1509 123 34 actione
1143 1509 90 34 quod
1199 1509 79 34 sit
1244 1509 112 34 passio
1323 1509 79 34 vel
1368 1509 146 34 productio
1480 1509 79 34 vel
1514 1509 67 34 ipsm

962 1538 155 33 productum
1082 1538 96 33 tunc
1141 1538 155 33 diceretur
1261 1538 96 33 quod
1321 1538 155 33 generatio
1440 1538 72 33 in
1464 1538 108 33 diuinis

959 1566 81 34 est
1006 1566 93 34 ipse
1064 1566 116 34 filius
1145 1566 127 34 capiens
1237 1566 93 34 esse
1295 1566 58 34 a
1318 1566 104 34 patre
1388 1566 69 34 et
1423 1566 139 34 secundum
1515 1566 58 34 hoc

962 1594 152 33 generatio
1079 1594 82 33 sic
1126 1594 105 33 dicta
1195 1594 105 33 esset
1265 1594 152 33 productio
1382 1594 105 33 actio
1452 1594 105 33 etiam
1510 1594 70 33 for-

965 1622 138 29 maliter
1066 1622 163 29 transiens
1192 1622 226 29 suppositaliter
1380 1622 88 29 non
1418 1622 163 29 substantia-

959 1650 130 31 liter.
1050 1650 65 31 ⁋
1076 1650 78 31 Ad
1115 1650 181 31 argumentum
1257 1650 181 31 principale
1400 1650 168 31 responsum
1516 1650 65 31 est

956 1682 122 34 supra
1038 1682 135 34 preter
1132 1682 108 34 quam
1200 1682 81 34 ad
1241 1682 217 34 auctoritatem
1403 1682 176 34 damascentur

962 1709 97 34 quam
1023 1709 109 34 glosa
1095 1709 109 34 sicut
1168 1709 109 34 facit
1241 1709 85 34 ma.
1290 1709 109 34 omnes
1362 1709 194 34 auctoritates
1508 1709 73 34 quae

963 1739 140 30 videntur
1069 1739 117 30 sonare
1150 1739 94 30 quod
1209 1739 164 30 substantia
1337 1739 82 30 vel
1384 1739 140 30 essentia
1478 1739 105 30 generet

969 1765 55 35 id
996 1765 64 35 est
1033 1765 120 35 paterquia
1125 1765 129 35 substantia
1226 1765 64 35 ita
1263 1765 83 35 dicam
1318 1765 74 35 quod
1364 1765 120 35 generatio
1456 1765 64 35 ost
1493 1765 74 35 opus
1530 1765 46 35 na-

965 1794 89 36 ture
1020 1794 67 36 id
1054 1794 78 36 est
1098 1794 111 36 patris
1176 1794 78 36 qui
1220 1794 78 36 est
1264 1794 100 36 natum
1331 1794 155 36 transitiue
1453 1794 67 36 id
1486 1794 78 36 est
1519 1794 67 36 pro-

967 1822 120 33 ductum
1051 1822 120 33 patris
1134 1822 84 33 ita
1182 1822 96 33 quod
1242 1822 191 33 intelligitur
1398 1822 72 33 de
1422 1822 155 33 generatione

958 1855 87 31 que
1007 1855 87 31 est
1057 1855 124 31 filius
1144 1855 87 31 non
1193 1855 74 31 de
1231 1855 186 31 generatione
1379 1855 124 31 actiua
1466 1855 87 31 vel
1504 1855 74 31 pro-

964 1877 122 32 ductiua
1052 1877 111 32 filium
1130 1877 77 32 vel
1174 1877 111 32 aliter
1251 1877 77 32 est
1296 1877 88 32 opus
1351 1877 111 32 nature
1428 1877 66 32 id
1461 1877 77 32 est
1506 1877 77 32 non
1539 1877 44 32 li

965 1906 96 31 beri
1025 1906 144 31 arbitrii
1133 1906 156 31 libertate
1253 1906 192 31 contingentie
1409 1906 96 31 quia
1469 1906 96 31 ista
1517 1906 60 31 ge-

959 1936 139 48 neratio
1060 1936 139 48 ponitur
1161 1936 164 48 naturalis
1287 1936 76 48 et
1325 1936 88 48 non
1375 1936 202 48 contingenter
1527 1936 50 48 li

962 1963 91 41 bera
1007 1963 68 41 etc.

1151 2045 69 58 ⁋
1179 2045 153 58 Questio
1276 2045 111 58 sexta.
