1805 2500
356 210 124 56 posset
443 210 87 56 eum
492 210 187 56 intelligere
642 210 75 56 in
679 210 137 56 proprio
778 210 124 56 genere
866 210 87 56 per
903 210 62 56 su-

354 257 84 35 am
396 257 154 35 speciem
508 257 126 35 etiam
592 257 126 35 eadem
676 257 98 35 que
732 257 196 35 cognoscunt
872 257 98 35 primo

361 288 91 33 modo
418 288 125 33 possunt
509 288 159 33 cognoscere
634 288 114 33 simul.
714 288 125 33 secundo
805 288 91 33 modo
862 288 91 33 quia
907 288 57 33 li-

357 314 76 34 cet
400 314 97 34 anima
465 314 119 34 Christi
552 314 76 34 cum
595 314 97 34 esset
660 314 76 34 hic
703 314 65 34 in
736 314 76 34 via
779 314 97 34 simul
844 314 119 34 videret
920 314 43 34 in

357 341 97 33 verbo
422 341 97 33 omnia
487 341 86 33 ista
541 341 183 33 corruptibilia
691 341 75 33 tum
735 341 65 33 de
767 341 75 33 his
810 341 86 33 quae
853 341 108 33 quotidie

358 371 132 29 cognouit
457 371 77 29 per
501 371 110 29 sensus
577 371 110 29 potuit
654 371 121 29 formare
742 371 121 29 species
818 371 143 29 intelligibi

360 397 86 34 les
409 397 123 34 quibus
495 397 111 34 eadem
569 397 74 34 in
606 397 111 34 verbo
679 397 135 34 cognita
778 397 111 34 etiam
839 397 123 34 cognosce

359 430 76 30 ret
403 430 65 30 in
435 430 119 30 proprio
522 430 108 30 genere
598 430 65 30 et
630 430 130 30 secundum
728 430 76 30 hoc
771 430 98 30 modus
825 430 141 30 cognitionis

359 454 70 31 in
394 454 105 31 verbo
464 454 82 31 est
511 454 140 31 alterius
616 454 140 31 rationis
720 454 58 31 a
744 454 163 31 cognitione
860 454 105 31 vesper-

359 484 96 29 tina.
423 484 53 29 ⁋
444 484 74 29 Sic
487 484 96 29 etiam
551 484 106 29 posset
625 484 117 29 concedi
710 484 85 29 quod
763 484 128 29 clericus
859 484 85 29 vnus
901 484 64 29 bea-

359 510 74 34 tus
402 510 95 34 plura
465 510 105 34 sciret
538 510 84 34 quam
591 510 126 34 rusticus
686 510 116 34 beatior
770 510 63 34 eo
801 510 95 34 licet
854 510 105 34 rusticus

357 540 99 32 plura
423 540 110 32 noscat
500 540 66 32 in
532 540 77 32 his
576 540 88 32 quae
631 540 88 32 sunt
686 540 66 32 ad
719 540 175 32 beatitudinem
850 540 110 32 essentia

357 567 92 32 lem.
414 567 57 32 ⁋
437 567 69 32 Et
471 567 103 32 forte
540 567 92 32 adam
598 567 115 32 dicens
678 567 103 32 modum
747 567 172 32 cognitionis
885 567 69 32 in
908 567 57 32 ver

358 592 63 41 bo
389 592 73 41 non
431 592 73 41 est
473 592 126 41 alterius
567 592 73 41 rei
609 592 52 41 a
630 592 147 41 cognitione
745 592 136 41 vesprtina
850 592 84 41 vult
902 592 84 41 quod

358 623 113 33 beatus
437 623 79 33 vno
482 623 91 33 solo
539 623 91 33 actu
596 623 148 33 cognoscit
709 623 68 33 et
743 623 91 33 quod
800 623 91 33 ille
857 623 102 33 actus
914 623 45 33 re

361 653 111 33 spectu
438 653 100 33 eorum
505 653 77 33 que
549 653 144 33 cognoscit
659 653 66 33 de
693 653 77 33 deo
737 653 66 33 in
770 653 111 33 quibus
836 653 122 33 consistit

355 680 165 31 beatitudo
482 680 190 31 essentialis
634 680 139 31 dicitur
735 680 152 31 cognitio
836 680 127 31 matutina

353 708 83 33 sed
401 708 142 33 respectu
507 708 178 33 creaturarum
649 708 71 33 in
685 708 118 33 quibus
768 708 154 33 consistit
874 708 83 33 beati

359 736 87 33 tudo
413 736 174 33 accidentalis
555 736 120 33 dicitur
642 736 152 33 vespertina
761 736 76 33 nec
805 736 76 33 est
837 736 120 33 inconveni

359 764 71 31 ens
399 764 81 31 quod
450 764 71 31 ibi
490 764 121 31 desinant
581 764 81 31 esse
632 764 111 31 species
712 764 111 31 priores
793 764 101 31 quando
864 764 91 31 vicem
914 764 51 31 ip-

356 789 104 36 sarum
426 789 127 36 supplet
518 789 138 36 essentia
621 789 115 36 diuina
702 789 69 36 et
737 789 104 36 vicem
806 789 161 36 diuersarum
921 789 46 36 co

357 821 161 32 gnitionum
481 821 137 32 supplet
580 821 99 32 vnus
642 821 112 32 actus
717 821 112 32 longe
791 821 149 32 nobilior
891 821 75 32 omni

358 849 75 35 bus
401 849 139 35 prioribus
508 849 64 35 et
541 849 86 35 tunc
594 849 97 35 etiam
659 849 139 35 diceretur
766 849 86 35 quod
820 849 97 35 anima
873 849 86 35 Christ

354 877 108 33 etiam
426 877 72 33 in
462 877 84 33 via
510 877 84 33 non
558 877 180 33 cognouisset
703 877 84 33 res
751 877 84 33 per
799 877 132 33 species
883 877 84 33 earum

356 906 128 37 propter
449 906 116 37 claram
531 906 140 37 noticiam
635 906 93 37 quam
694 906 116 37 habuit
775 906 70 37 in
810 906 105 37 verbo
880 906 70 37 et
903 906 58 37 vti

357 938 80 30 que
402 938 80 30 non
448 938 126 30 videtur
540 938 160 30 necessitas
666 938 114 30 ponere
746 938 69 30 in
780 938 103 30 verbo
849 938 103 30 tales
906 938 57 30 co-

356 959 150 38 gnitiones
472 959 139 38 realiter
576 959 162 38 distinctas
703 959 127 38 quantum
796 959 69 38 ad
830 959 104 38 actus
888 959 81 38 tamen

361 994 133 31 primus
454 994 120 31 modus
534 994 160 31 loquendi
654 994 107 31 plus
721 994 147 31 videtur
814 994 147 31 consonare

357 1019 112 32 dictis
435 1019 146 32 doctorum.
547 1019 56 32 ⁋
570 1019 90 32 Item
626 1019 134 32 sciendum
727 1019 90 32 quod
783 1019 78 32 non
828 1019 90 32 omes
872 1019 90 32 tenent

361 1045 148 34 secundam
472 1045 197 34 conclusionem
632 1045 173 34 praedictam
768 1045 86 34 vbi
805 1045 160 34 aduertendum

356 1080 94 30 quod
415 1080 70 30 de
450 1080 117 30 rigore
532 1080 152 30 naturalis
649 1080 141 30 iusticie
755 1080 94 30 homo
814 1080 129 30 tenetur
896 1080 70 30 face

358 1105 73 33 re
394 1105 110 33 totum
467 1105 97 33 suum
528 1105 110 33 posse
601 1105 158 33 seruiendo
723 1105 85 33 suo
772 1105 146 33 creatori
882 1105 73 33 et
906 1105 61 33 hoc

360 1129 109 35 etiam
432 1129 109 35 dicit
505 1129 121 35 primum
589 1129 169 35 praeceptum
722 1129 109 35 legis
794 1129 145 35 quisquis
891 1129 72 35 ergo

362 1159 115 32 tantum
442 1159 69 32 ab
476 1159 80 32 hac
522 1159 138 32 iusticia
625 1159 115 32 deuiat
705 1159 92 32 quod
763 1159 69 32 ea
797 1159 149 32 contempta
900 1159 69 32 crea

354 1190 92 34 ture
412 1190 92 34 plus
470 1190 116 34 seruit
551 1190 92 34 quam
609 1190 81 34 eis
655 1190 139 34 creatori
759 1190 162 34 mortaliter
875 1190 92 34 peccat

358 1217 84 29 sed
406 1217 84 29 qui
454 1217 96 29 deum
513 1217 179 29 charitatiue
657 1217 107 29 super
728 1217 96 29 omne
788 1217 143 29 diligens
883 1217 84 29 nota-

355 1242 127 35 biliter
448 1242 69 35 in
482 1242 138 35 pluribus
586 1242 127 35 remisse
679 1242 92 35 agit
736 1242 81 35 vel
771 1242 196 35 delectationibus

356 1273 80 33 vel
401 1273 103 33 aliis
470 1273 137 33 negociis
573 1273 69 33 se
607 1273 137 33 implicat
710 1273 114 33 quibus
790 1273 149 33 impeditur
904 1273 69 33 vt
927 1273 46 33 mi

358 1303 84 31 nus
406 1303 84 31 deo
454 1303 132 31 seruiat
550 1303 168 31 venialiter
682 1303 120 31 peccat
766 1303 72 31 et
802 1303 132 31 quamuis
898 1303 72 31 vt
922 1303 48 31 di

356 1328 82 36 cit
403 1328 106 36 augu.
474 1328 82 36 li.
520 1328 59 36 2
544 1328 70 36 de
579 1328 164 36 peccatorum
708 1328 129 36 meritis
802 1328 70 36 et
825 1328 141 36 remissione

356 1354 73 38 et
392 1354 147 38 baptismo
502 1354 171 38 paruulorum
637 1354 98 38 homo
698 1354 122 38 possit
784 1354 98 38 esse
845 1354 98 38 fine
894 1354 73 38 pec-

357 1390 88 33 cato
412 1390 77 33 tam
456 1390 99 33 primo
522 1390 88 33 quam
577 1390 121 33 secundo
665 1390 88 33 modo
720 1390 99 33 etiam
786 1390 66 33 in
819 1390 77 33 hac
863 1390 88 33 vita
907 1390 55 33 per

365 1416 73 32 dei
406 1416 115 32 gratiam
490 1416 63 32 et
521 1416 115 32 liberum
604 1416 135 32 arbitrium
708 1416 94 32 tamen
771 1416 73 32 est
813 1416 94 32 valde
865 1416 104 32 diffici-

358 1442 68 30 le.
397 1442 49 30 ⁋
417 1442 58 30 Et
446 1442 78 30 ideo
495 1442 88 30 dicit
553 1442 107 30 ibidem.
631 1442 58 30 Si
660 1442 127 30 quaeratur
758 1442 88 30 vtrum
816 1442 107 30 aliquis
884 1442 78 30 possit

357 1472 84 34 fine
409 1472 115 34 peccato
492 1472 84 34 esse
545 1472 73 34 non
586 1472 94 34 credo
649 1472 94 34 tamen
712 1472 104 34 istius
785 1472 104 34 vltimi
858 1472 94 34 dicti
910 1472 63 34 ali-

357 1496 83 40 qui
405 1496 119 40 ponunt
488 1496 154 40 oppositum
607 1496 154 40 credentes
725 1496 119 40 multos
809 1496 154 40 quandoque
916 1496 59 40 dum

353 1530 154 34 insistunt
472 1530 118 34 certis
554 1530 107 34 bonis
625 1530 130 34 actibus
720 1530 95 34 esse
779 1530 95 34 fine
827 1530 118 34 peccato.

357 1557 139 34 Contingit
464 1557 96 34 etiam
528 1557 86 34 quod
582 1557 150 34 antecedens
700 1557 75 34 per
742 1557 171 34 contritionem
881 1557 64 34 et
903 1557 64 34 con-

354 1583 156 33 fessionem
474 1583 72 33 et
510 1583 180 33 penitentiam
654 1583 60 33 a
678 1583 144 33 peccatis
786 1583 156 33 prioribus
894 1583 72 33 exu-

355 1612 82 31 tus
402 1612 105 31 tanto
472 1612 117 31 conatu
554 1612 117 31 fertur
635 1612 70 31 in
670 1612 93 31 deum
729 1612 93 31 quod
787 1612 105 31 etiam
857 1612 82 31 pro
892 1612 70 31 tunc

356 1642 82 31 non
403 1642 128 31 apparet
496 1642 128 31 aliquod
589 1642 82 31 quo
636 1642 105 31 minus
706 1642 116 31 faciat
787 1642 93 31 quam
846 1642 105 31 debet
904 1642 58 31 non

354 1666 112 36 tamen
428 1666 87 36 hoc
478 1666 112 36 facit
552 1666 124 36 omnino
639 1666 99 36 toto
701 1666 112 36 posse
776 1666 87 36 ymo
825 1666 75 36 si
850 1666 112 36 angelus

354 1700 88 36 vel
405 1700 113 36 alius
480 1700 113 36 illum
555 1700 151 36 defectum
669 1700 188 36 considerans
819 1700 101 36 ipse
870 1700 101 36 fatere

357 1727 84 34 tur
405 1727 72 34 se
441 1727 156 34 defecisse
561 1727 72 34 ab
597 1727 144 34 vltimata
704 1727 144 34 iusticia
812 1727 120 34 regule
884 1727 84 34 natu-

358 1757 102 31 ralis
426 1757 68 31 et
460 1757 125 31 diceret
550 1757 79 31 ego
595 1757 125 31 nesciui
686 1757 68 31 me
720 1757 79 31 hoc
765 1757 102 31 posse
833 1757 68 31 et
867 1757 91 31 tale
912 1757 57 31 li-

359 1786 83 34 cet
406 1786 83 34 sit
454 1786 142 34 peccatum
560 1786 71 34 in
596 1786 71 34 se
631 1786 130 34 propter
726 1786 142 34 defectum
832 1786 71 34 ab
868 1786 95 34 illa
915 1786 59 34 ple

352 1808 64 37 na
384 1808 128 37 iusticia
481 1808 96 37 tamen
545 1808 139 37 possibile
651 1808 75 37 est
694 1808 85 37 quod
748 1808 85 37 deus
801 1808 75 37 non
844 1808 118 37 imputet
919 1808 53 37 hoc

359 1840 69 31 ad
393 1840 115 31 culpam
473 1840 80 31 nec
519 1840 69 31 ad
553 1840 103 31 penam
622 1840 92 31 quia
679 1840 80 31 sic
725 1840 126 31 sumendo
817 1840 138 31 peccatum
909 1840 57 31 vi-

354 1869 110 28 detur
427 1869 98 28 quod
488 1869 122 28 nullus
574 1869 122 28 viator
660 1869 122 28 habens
746 1869 98 28 vsum
807 1869 122 28 liberi
880 1869 86 28 arbi-

350 1898 94 31 trum
409 1898 118 31 possit
492 1898 94 31 esse
551 1898 94 31 fine
610 1898 130 31 peccato
704 1898 71 31 ve
739 1898 130 31 communi
834 1898 94 31 lege
881 1898 94 31 secun-

349 1928 91 34 dum
401 1928 104 34 quam
466 1928 91 34 non
518 1928 130 34 potest
609 1928 104 34 homo
673 1928 130 34 facere
764 1928 195 34 simpliciter
907 1928 65 34 se-

355 1949 134 48 cundum
448 1949 147 48 vltimum
556 1949 94 48 sui
596 1949 107 48 posse.

452 1992 65 68 ⁋
478 1992 157 68 Sequitur
596 1992 118 68 prima
661 1992 170 68 distinctio.

1252 235 187 60 Irca
1369 235 234 60 primam
1509 235 94 60 di

1260 289 176 35 stinctionem
1401 289 82 35 vbi
1448 289 129 35 tractat
1531 289 71 35 magi

1258 317 99 32 ster
1320 317 74 32 de
1357 317 99 32 frui
1419 317 74 32 et
1456 317 99 32 vti.
1505 317 87 32 Primo

1258 342 114 41 quero
1334 342 89 41 pro
1385 342 165 41 solutione
1499 342 102 41 pleno-

1257 371 66 38 ri
1290 371 99 38 sexti
1356 371 66 38 et
1389 371 121 38 septimi
1476 371 99 38 dubii
1531 371 66 38 prin

1261 400 189 42 questionis.
1412 400 113 42 Utrum
1488 400 88 42 pro
1526 400 75 42 stu-

1266 429 84 36 dio
1314 429 108 36 sacre
1386 429 156 36 theologie
1505 429 72 36 ex
1529 429 72 36 cha-

1257 456 111 40 ritate
1335 456 156 40 procedente
1457 456 134 40 debeatur
1546 456 56 40 pro

1258 486 121 38 mercede
1346 486 99 38 visio
1412 486 77 38 dei
1457 486 66 38 et
1490 486 88 38 eius
1534 486 66 38 frui

1255 514 80 35 tio
1300 514 92 35 quod
1358 514 80 35 non
1403 514 92 35 quia
1461 514 103 35 talis
1518 514 80 35 visio

988 544 106 29 esset
1059 544 188 29 perfectionis
1212 544 141 29 infinite
1318 544 141 29 alioquin
1424 544 106 29 visio
1494 544 94 29 boni
1541 544 59 29 fi-

983 572 88 32 niti
1038 572 66 32 et
1071 572 99 32 visio
1137 572 88 32 boni
1192 572 132 32 infiniti
1291 572 121 32 ceteris
1378 572 121 32 paribus
1466 572 110 32 essent
1532 572 66 32 equa

983 600 93 35 les.
1042 600 58 35 ⁋
1065 600 152 35 Similiter
1181 600 140 35 arguitur
1286 600 93 35 quod
1345 600 140 35 dilectio
1450 600 140 35 fruitiua
1543 600 58 35 dei

981 629 82 32 sit
1028 629 188 32 perfectionis
1181 629 153 32 infinite.
1299 629 141 32 Arguitur
1405 629 82 32 sic
1452 629 118 32 sensui
1534 629 82 32 est
1570 629 35 32 a

988 656 89 35 deo
1039 656 152 35 obiectum
1153 656 114 35 summe
1230 656 241 35 proportionabile
1433 656 114 35 verbi
1496 656 102 35 gratia

982 683 86 36 lux
1031 683 86 36 vel
1080 683 111 36 color
1155 683 161 36 mediocris
1278 683 111 36 visui
1352 683 74 36 et
1389 683 99 36 ideo
1451 683 148 36 obiectum
1550 683 49 36 de

991 711 136 32 ficiens
1090 711 74 32 ab
1127 711 87 32 hac
1176 711 186 32 proportione
1325 711 87 32 vel
1374 711 161 32 excellens
1498 711 87 32 eam
1535 711 62 32 mi-

986 742 86 35 nus
1035 742 147 35 perfecte
1145 742 135 35 capitur
1243 742 61 35 a
1268 742 147 35 potentia
1378 742 172 35 sensitiua.
1501 742 98 35 Simili

987 772 81 26 ter
1034 772 104 26 autem
1103 772 127 26 oportet
1195 772 92 26 esse
1253 772 69 26 de
1287 772 162 26 intellectu
1414 772 69 26 et
1449 772 92 26 eius
1495 772 104 26 obiecto

981 798 92 36 sed
1033 798 105 36 eius
1099 798 157 36 obiectum
1216 798 118 36 summe
1295 798 236 36 proportionatum
1491 798 92 36 est
1531 798 65 36 fi-

987 828 88 29 nite
1042 828 99 29 bonum
1108 828 110 29 igitur
1185 828 132 29 obiectum
1284 828 143 29 infinitum
1394 828 132 29 scilicet
1493 828 88 29 deus
1537 828 55 29 cum

987 852 140 36 infinite
1092 852 128 36 recedit
1185 852 70 36 ab
1220 852 93 36 ista
1278 852 175 36 porportione
1418 852 81 36 non
1464 852 81 36 est
1499 852 105 36 intelli

986 883 139 36 gibile.
1088 883 63 36 ⁋
1113 883 152 36 Preterea
1227 883 139 36 fruitio
1328 883 89 36 dei
1379 883 152 36 causaret
1480 883 114 36 gaudium

990 914 169 34 infinitum
1120 914 143 34 quantum
1224 914 156 34 creatura
1340 914 91 34 non
1392 914 130 34 posset
1470 914 130 34 recipere

992 940 126 32 gitur.
1080 940 176 32 Antecedens
1219 940 151 32 probatur
1332 940 113 32 sicut
1407 940 75 32 in
1445 940 101 32 alio
1495 940 101 32 dubio.

993 968 111 30 sexto
1067 968 74 30 et
1104 968 136 30 septimo
1203 968 111 30 prime
1277 968 186 30 questionis.
1426 968 62 30 ⁋
1451 968 124 30 Contra
1525 968 74 30 tale

987 996 126 39 studium
1078 996 80 39 est
1124 996 160 39 meritorium
1249 996 91 39 vite
1306 996 114 39 eterne
1386 996 69 39 vt
1421 996 103 39 prius
1478 996 114 39 probatum

990 1025 75 27 est
1033 1025 107 27 igitur
1108 1025 86 27 etc.
1162 1025 54 27 ⁋
1184 1025 140 27 Conclusio
1291 1025 97 27 huius
1356 1025 150 27 questionis
1474 1025 97 27 satis
1528 1025 64 27 cer-

988 1052 74 38 ta
1025 1052 86 38 est
1074 1052 74 38 ex
1110 1052 110 38 primo
1184 1052 147 38 articulo
1295 1052 110 38 prime
1368 1052 184 38 questionis.
1515 1052 61 38 ⁋
1528 1052 61 38 Pri

989 1080 84 31 mus
1037 1080 121 31 igitur
1122 1080 157 31 articulus
1242 1080 96 31 erit
1303 1080 133 31 soluere
1399 1080 109 31 prima
1471 1080 84 31 duo
1508 1080 84 31 argu-

985 1108 113 37 menta
1061 1108 75 37 et
1098 1108 150 37 precipue
1211 1108 138 37 primum.
1311 1108 63 37 ⁋
1336 1108 150 37 Secundus
1449 1108 138 37 soluere
1536 1108 63 37 ter

988 1138 99 33 tium.
1054 1138 55 33 ⁋
1076 1138 66 33 Ad
1109 1138 110 33 primum
1187 1138 121 33 dicitur
1275 1138 88 33 quod
1330 1138 132 33 procedit
1429 1138 66 33 de
1463 1138 132 33 obiectis
1551 1138 44 33 me

988 1166 70 32 re
1023 1166 176 32 naturaliter
1164 1166 211 32 concausantibus
1339 1166 70 32 in
1375 1166 164 32 intellectu
1503 1166 94 32 suas
1550 1166 47 32 vi

982 1192 120 31 siones
1066 1192 84 31 sed
1114 1192 96 31 deus
1174 1192 120 31 libere
1258 1192 120 31 causat
1343 1192 144 31 visionem
1451 1192 84 31 sui
1499 1192 108 31 sicut
1559 1192 48 31 et

994 1223 95 31 alias
1058 1223 74 31 res
1100 1223 63 31 ad
1131 1223 105 31 extra.
1205 1223 53 31 ⁋
1226 1223 84 31 Ideo
1278 1223 95 31 dicit
1342 1223 147 31 Augustinus
1457 1223 63 31 si
1489 1223 84 31 vult
1531 1223 63 31 vide

987 1250 80 31 tur
1032 1250 69 31 si
1067 1250 80 31 non
1113 1250 92 31 vult
1170 1250 80 31 non
1216 1250 138 31 videtur.
1319 1250 57 31 ⁋
1342 1250 80 31 Sed
1388 1250 115 31 contra
1469 1250 80 31 sit
1503 1250 92 31 igitur

984 1277 84 35 dei
1032 1277 108 35 visio
1104 1277 132 35 causata
1200 1277 168 35 voluntarie
1333 1277 72 35 in
1369 1277 108 35 anima
1441 1277 108 35 petri
1513 1277 72 35 a.
1537 1277 60 35 vel

989 1306 89 35 ista
1045 1306 78 35 est
1089 1306 178 35 perfectionis
1234 1306 111 35 finite
1312 1306 78 35 vel
1357 1306 134 35 infinite
1457 1306 67 35 si
1491 1306 111 35 primum
1557 1306 45 35 ha

990 1334 110 38 betur
1063 1334 147 38 intentum
1173 1334 73 38 si
1210 1334 147 38 secundum
1320 1334 98 38 tunc
1381 1334 122 38 potest
1467 1334 98 38 dari
1515 1334 86 38 visio

981 1361 128 35 angeli
1071 1361 90 35 vel
1122 1361 154 35 alterius
1237 1361 154 35 creature
1353 1361 179 35 perfectior
1481 1361 115 35 visione

981 1392 100 40 dei.
1043 1392 62 40 ⁋
1068 1392 100 40 Item
1130 1392 112 40 nulla
1205 1392 149 40 creatura
1317 1392 124 40 potest
1404 1392 124 40 tantam
1479 1392 124 40 visionem

986 1422 156 33 producere
1106 1422 180 33 naturaliter
1250 1422 96 33 quin
1311 1422 96 33 deus
1371 1422 120 33 libere
1455 1422 120 33 possit
1527 1422 72 33 pro-

986 1452 126 39 ducere
1075 1452 139 39 maiorem
1176 1452 139 39 igitur.
1277 1452 88 39 per
1327 1452 164 39 producere
1441 1452 164 39 naturaliter

992 1480 74 37 et
1029 1480 123 37 libere
1115 1480 86 37 non
1164 1480 148 37 euaditur
1275 1480 185 37 argumentum.
1423 1480 62 37 ⁋
1447 1480 99 37 Item
1509 1480 74 37 si
1533 1480 62 37 de-

982 1506 77 33 us
1021 1506 153 33 causaret
1135 1506 191 33 naturaliter
1289 1506 153 33 visionem
1404 1506 89 33 sui
1455 1506 89 33 non
1493 1506 102 33 posset

992 1536 121 30 causare
1080 1536 143 30 infinitam
1191 1536 77 30 vel
1235 1536 143 30 infinitas
1345 1536 66 30 eo
1378 1536 88 30 quod
1433 1536 132 30 creatura
1522 1536 77 30 illi-

988 1565 75 39 us
1026 1565 88 39 vel
1076 1565 138 39 illorum
1176 1565 88 39 non
1226 1565 113 39 esset
1302 1565 113 39 capax
1377 1565 75 39 et
1414 1565 88 39 cum
1464 1565 100 39 deus
1514 1565 88 39 vltra

984 1591 119 31 omnem
1063 1591 172 31 creaturam
1196 1591 80 31 in
1236 1591 172 31 infinitum
1368 1591 186 31 procedendo
1501 1591 106 31 secun-

990 1617 89 42 dum
1041 1617 127 42 duplum
1130 1617 139 42 triplum
1231 1617 101 42 etc.
1295 1617 127 42 possit
1383 1617 165 42 producere
1498 1617 101 42 perfe-

987 1648 130 33 ctiorem
1081 1648 141 33 sequitur
1188 1648 94 33 quod
1246 1648 118 33 possit
1329 1648 94 33 dari
1388 1648 141 33 creatura
1494 1648 82 33 que
1529 1648 71 33 mere

986 1674 195 38 naturaliter
1142 1674 130 38 agendo
1233 1674 156 38 producat
1350 1674 156 38 visionem
1454 1674 143 38 perfectio

988 1703 90 38 rem
1039 1703 102 38 quam
1103 1703 102 38 deus
1168 1703 102 38 mere
1232 1703 192 38 naturaliter
1385 1703 141 38 agendo.
1488 1703 64 38 ⁋
1501 1703 102 38 Aliqui

984 1734 110 38 dicunt
1061 1734 88 38 quod
1116 1734 99 38 visio
1182 1734 77 38 dei
1226 1734 77 38 sit
1270 1734 132 38 infinite
1368 1734 176 38 perfectionis
1511 1734 77 38 non
1544 1734 55 38 sic

989 1762 96 39 quod
1049 1762 157 39 infinitum
1170 1762 133 39 excedat
1266 1762 157 39 quodlibet
1387 1762 169 39 indiuiduum
1508 1762 96 39 finite

988 1792 184 31 perfectionis
1138 1792 127 31 eiusdem
1230 1792 127 31 speciei
1323 1792 81 31 sed
1369 1792 81 31 sic
1415 1792 81 31 est
1461 1792 92 31 quod
1507 1792 92 31 perfe-

992 1821 99 36 ctior
1058 1821 77 36 est
1102 1821 88 36 quam
1156 1821 132 36 infinite
1255 1821 132 36 visiones
1354 1821 110 36 angeli
1431 1821 77 36 vel
1463 1821 132 36 quoruncum-

985 1847 88 39 que
1036 1847 176 39 obiectorum
1174 1847 139 39 aliorum
1275 1847 63 39 a
1301 1847 88 39 deo
1351 1847 176 39 excedentes
1490 1847 76 39 se
1515 1847 88 39 secun

984 1874 84 41 dum
1032 1874 120 41 duplum
1116 1874 132 41 triplum
1213 1874 72 41 et
1249 1874 84 41 sic
1297 1874 72 41 in
1333 1874 169 41 infinitum.
1466 1874 60 41 ⁋
1490 1874 96 41 Adam
1538 1874 60 41 di-

986 1906 75 36 cit
1029 1906 75 36 hoc
1072 1906 75 36 non
1115 1906 97 36 teneo
1180 1906 86 36 quia
1234 1906 75 36 non
1277 1906 97 36 capio
1342 1906 86 36 quod
1395 1906 118 36 aliquid
1482 1906 75 36 sit
1514 1906 86 36 perfe-

989 1935 119 34 ctionis
1076 1935 130 34 infinite
1174 1935 87 34 quod
1228 1935 76 34 non
1271 1935 98 34 solum
1336 1935 54 34 a
1358 1935 76 34 deo
1402 1935 76 34 sed
1445 1935 65 34 ab
1467 1935 130 34 indiuiduis

994 1962 120 36 proprie
1081 1962 120 36 speciei
1168 1962 109 36 potest
1244 1962 109 36 excedi
1320 1962 130 36 secundum
1418 1962 109 36 duplum
1494 1962 65 36 et
1516 1962 87 36 quamli

993 1988 84 32 bet
1041 1988 108 32 aliam
1113 1988 191 32 proportionem
1268 1988 191 32 determinatam
1424 1988 84 32 sed
1471 1988 84 32 sic
1519 1988 84 32 est
1555 1988 48 32 de

991 2019 123 27 qualibet
1083 2019 113 27 visione
1165 2019 82 27 tali
1217 2019 134 27 possibili
1320 2019 103 27 haberi
1391 2019 123 27 respectu
1484 2019 72 27 dei
1515 2019 82 27 igitur

985 2044 86 44 etc.
1039 2044 54 44 ⁋
1061 2044 86 44 Item
1114 2044 65 44 si
1147 2044 97 44 talis
1211 2044 97 44 visio
1276 2044 97 44 esset
1341 2044 108 44 finite
1416 2044 172 44 perfectionis
1545 2044 54 44 non

982 2071 114 50 video
1059 2071 102 50 quin
1122 2071 76 50 in
1160 2071 153 50 qualibet
1275 2071 127 50 specie
1364 2071 89 50 sic
1414 2071 127 50 possit
1491 2071 114 50 ascendi
