1807 2500
184 256 151 46 secundum
298 256 126 46 eandem
386 256 126 46 partem
474 256 151 46 subiecti
587 256 176 46 adequatam.
712 256 101 46 proba-

188 295 72 34 tur
229 295 92 34 sicut
290 295 102 34 arguit
362 295 82 34 okam
413 295 153 34 distictione
535 295 72 34 .17
576 295 61 34 q.
607 295 61 34 6.
637 295 92 34 primi
689 295 112 34 quandocud

186 324 76 30 que
229 324 108 30 aliqud
305 324 76 30 est
348 324 97 30 natum
413 324 151 30 denominare
531 324 119 30 alterum
618 324 65 30 si
650 324 97 30 omnis
715 324 76 30 res
747 324 54 30 im-

186 351 130 37 portata
281 351 83 37 per
328 351 154 37 quodlibet
447 351 142 37 eorundem
554 351 107 37 eodem
625 351 95 37 modo
684 351 71 37 se
708 351 95 37 habeat

194 383 63 31 in
226 383 63 31 se
258 383 95 31 eodem
321 383 84 31 modo
374 383 158 31 denominabit
500 383 74 31 sed
542 383 137 31 subiectum
637 383 158 31 denominabitur

191 409 56 34 a
213 409 145 34 qualitate
325 409 67 34 et
358 409 67 34 si
392 409 78 34 non
437 409 89 34 fiat
492 409 123 34 additio
582 409 145 34 subiectum
693 409 101 34 eodem
749 409 45 34 mo

190 440 66 33 do
223 440 66 33 se
256 440 110 33 habeat
333 440 66 33 in
367 440 66 33 se
400 440 66 33 et
433 440 143 33 similiter
543 440 132 33 qualitas
642 440 110 33 igitur
709 440 88 33 semper

196 465 141 34 vniformiter
309 465 160 34 denominabitur
440 465 94 34 igitur
506 465 66 34 non
544 465 122 34 diceretur
638 465 75 34 vere
685 465 85 34 primo
732 465 66 34 minus

194 497 87 30 tale
248 497 65 30 et
281 497 109 30 postea
357 497 98 30 magis
422 497 87 30 tale
476 497 119 30 propter
563 497 98 30 talem
628 497 119 30 formam.
715 497 76 30 Set
748 497 54 30 hic

184 521 161 32 diceretur
308 521 124 32 duplex
395 521 174 32 cauillatio
531 521 87 32 vna
581 521 99 32 quod
643 521 124 32 aliqua
717 521 87 32 forma

181 552 141 29 augetur
284 552 90 29 vel
335 552 180 29 intenditur
476 552 115 29 solum
553 552 90 29 per
605 552 205 29 depurationem
759 552 38 29 a

184 579 83 38 sno
231 579 165 38 contrario.
361 579 59 38 ⁋
385 579 130 38 Secunda
479 579 94 38 quod
538 579 83 38 hoc
586 579 106 38 etiam
656 579 83 38 fit
704 579 83 38 per
739 579 59 38 hoc

191 609 90 34 quod
247 609 102 34 forma
315 609 124 34 inheret
405 609 158 34 perfectius
530 609 136 34 subiecto
631 609 79 34 vel
665 609 136 34 perfectius

188 639 153 30 radicatur
306 639 71 30 in
342 639 71 30 eo
377 639 83 30 vel
424 639 153 30 subiectum
542 639 165 30 perfectius
660 639 142 30 participat

194 664 106 34 ipsam
265 664 94 34 quae
324 664 94 34 tria
382 664 82 34 pro
429 664 106 34 eodem
500 664 118 34 habeo.
582 664 118 34 Contra
665 664 118 34 primum
735 664 59 34 mo-

196 693 85 31 dum
245 693 110 31 satis
318 693 122 31 potest
403 693 110 31 argui
476 693 73 31 ex
513 693 134 31 questio
610 693 61 31 4
622 693 183 31 distinctione.

197 719 70 38 17
232 719 105 38 primi
302 719 105 38 libri
372 719 82 38 vbi
419 719 163 38 improbatur
547 719 163 38 simultatio
664 719 140 38 contrarior

191 747 71 36 in
227 747 118 36 eodem.
309 747 142 36 Probatur
415 747 130 36 aliquid
510 747 142 36 suscipit
616 747 106 36 magis
687 747 71 36 et
710 747 83 36 minus

195 777 95 36 quod
255 777 83 36 non
302 777 107 36 habet
374 777 167 36 contrarium
505 777 107 36 sicut
576 777 107 36 patet
647 777 71 36 de
683 777 119 36 lumine
754 777 48 36 et

193 810 104 32 multis
265 810 104 32 aliis.
338 810 135 32 praecipue
442 810 62 32 de
473 810 166 32 accidentibus
608 810 93 32 anime
670 810 62 32 in
691 810 104 32 intelle-

202 837 67 33 tu
235 837 67 33 et
269 837 145 33 voluntate
380 837 67 33 et
413 837 145 33 sensibus.
525 837 56 33 ⁋
547 837 89 33 Item
603 837 78 33 hoc
647 837 89 33 idem
703 837 100 33 patet
758 837 45 33 de

190 861 152 36 habitibus
307 861 176 36 scientiarum
448 861 70 36 et
483 861 140 36 virtutum
588 861 82 36 que
635 861 164 36 generantur
752 861 47 36 et

186 888 210 34 augmentantur
356 888 79 34 ex
396 888 144 34 actibus
501 888 79 34 et
540 888 92 34 non
592 888 144 34 oportet
684 888 118 34 contra-

186 916 91 35 rios
242 916 125 35 habitus
333 916 102 35 simul
401 916 159 35 inexistere
526 916 79 35 vel
571 916 193 35 praeexistere.
730 916 57 35 ⁋
741 916 57 35 Ali

189 948 82 32 ter
236 948 94 32 enim
295 948 82 32 non
341 948 117 32 posset
423 948 94 32 esse
482 948 105 32 bonus
552 948 152 32 moraliter
669 948 94 32 nisi
716 948 82 32 esset

193 978 146 31 viciosus
302 978 85 31 nec
351 978 122 31 sciens
436 978 97 31 nisi
497 978 110 31 primo
571 978 134 31 fuisset
668 978 122 31 errans
741 978 61 31 ymo

194 1002 66 38 si
227 1002 77 38 iet
271 1002 153 38 acquireret
391 1002 132 38 vtrumque
490 1002 132 38 quilibet
589 1002 77 38 qui
633 1002 121 38 neutrum
709 1002 99 38 habuis-

182 1030 87 35 set
231 1030 99 35 quod
293 1030 124 35 falsum
380 1030 99 35 est.
443 1030 149 35 Probatur
554 1030 75 35 vt
592 1030 124 35 arguit
679 1030 99 35 okam
741 1030 75 35 qd
766 1030 37 35 6

187 1059 108 34 contra
263 1059 97 34 priam
328 1059 140 34 opinionem
436 1059 119 34 videtur
522 1059 97 34 sequi
587 1059 86 34 quod
641 1059 119 34 nunquam
717 1059 86 34 aliqua

190 1088 106 34 forma
261 1088 213 34 augmentaretur:
438 1088 95 34 quia
498 1088 95 34 volo
557 1088 95 34 quod
616 1088 106 34 calor
675 1088 130 34 augmente-

184 1117 89 31 tur
235 1117 102 31 tunc
299 1117 153 31 secundum
414 1117 115 31 istam
490 1117 204 31 responsionem
656 1117 140 31 calorem
745 1117 64 31 au-

190 1146 97 34 geri
250 1146 85 34 est
299 1146 109 34 ipsum
372 1146 109 34 minus
444 1146 170 34 permisceri
578 1146 85 34 cum
626 1146 133 34 frigore
723 1146 85 34 sed
760 1146 48 34 se

189 1176 112 33 quitur
267 1176 101 33 calor
334 1176 101 33 minus
401 1176 168 33 permiscetur
535 1176 78 33 cum
580 1176 123 33 frigore
669 1176 112 33 igitur
736 1176 67 33 fri-

192 1201 82 35 gus
239 1201 106 35 minus
310 1201 176 35 permiscetur
450 1201 82 35 cum
497 1201 129 35 calore,
591 1201 117 35 igitur
673 1201 117 35 frigus
743 1201 59 35 au-

194 1231 175 35 gmentaretur
335 1231 70 35 si
370 1231 105 35 nihil
440 1231 105 35 aliud
510 1231 82 35 sit
557 1231 117 35 formam
638 1231 164 35 augmentari
755 1231 47 35 ni

187 1258 70 31 si
222 1258 105 31 minus
293 1258 164 31 permisceri
421 1258 82 31 cum
468 1258 82 31 suo
515 1258 164 31 contrario.
644 1258 82 31 Sed
691 1258 94 31 ista
737 1258 59 31 re-

190 1287 135 35 sponsio
288 1287 147 35 secundum
398 1287 159 35 veritatem
520 1287 86 35 non
569 1287 110 35 valet
643 1287 135 35 negatur
729 1287 73 35 enim

186 1319 95 32 ista
245 1319 201 32 consequentia:
411 1319 106 32 calor
482 1319 106 32 minus
553 1319 177 32 permiscetur
695 1319 83 32 cum
730 1319 71 32 fri-

181 1352 104 30 gore
246 1352 130 30 igitur
337 1352 130 30 frigus
428 1352 117 30 minus
507 1352 195 30 permiscetur
663 1352 91 30 cum
702 1352 104 30 calore

194 1378 100 28 quia
256 1378 112 28 calor
331 1378 75 28 in
368 1378 112 28 nullo
443 1378 150 28 decreuit
555 1378 125 28 igitur
643 1378 125 28 frigus
718 1378 87 28 rema-

191 1401 93 30 nens
249 1401 116 30 tantum
331 1401 128 30 calorem
424 1401 105 30 habet
493 1401 139 30 admixtum
598 1401 105 30 sicut
668 1401 116 30 prius.
737 1401 70 30 Ali-

191 1431 75 30 ter
234 1431 96 30 tamen
298 1431 107 30 potest
373 1431 96 30 argui
437 1431 85 30 quia
490 1431 64 30 ex
522 1431 75 30 quo
564 1431 64 30 in
596 1431 181 30 augmentatione
735 1431 64 30 idem

187 1459 89 34 calor
247 1459 119 34 praecile
336 1459 109 34 remanet
416 1459 99 34 igitur
485 1459 89 34 etiam
545 1459 60 34 in
575 1459 139 34 remissione
684 1459 119 34 praecise
763 1459 40 34 re

184 1484 106 32 manet
255 1484 94 32 idem
314 1484 118 32 frigus
397 1484 118 32 abique
479 1484 189 32 deperditione
633 1484 142 32 alicuius
727 1484 71 32 gra-

183 1515 90 26 dus
234 1515 77 26 et
273 1515 90 26 cum
324 1515 90 26 hec
376 1515 90 26 duo
427 1515 103 26 tota
491 1515 205 26 permiscentur
658 1515 115 26 adhuc
722 1515 77 26 cui-

191 1540 102 38 libet
259 1540 147 38 adinuicem
372 1540 79 38 cui
417 1540 102 38 prius
485 1540 170 38 impossibile
622 1540 79 38 est
667 1540 113 38 videre
746 1540 79 38 quo

185 1569 87 30 modo
239 1569 97 30 calor
304 1569 119 30 crescat
391 1569 76 30 per
434 1569 76 30 hoc
477 1569 87 30 quod
531 1569 97 30 minus
596 1569 119 30 frigori
672 1569 130 30 permiscea-

185 1601 96 32 tur.
245 1601 144 32 Probatur
354 1601 120 32 arguit
438 1601 96 32 okam
498 1601 96 32 tunc
558 1601 108 32 nulla
630 1601 108 32 esset
691 1601 108 32 augmen-

186 1627 105 29 tatio
256 1627 93 29 vera
314 1627 105 29 forme
384 1627 81 29 sed
431 1627 105 29 solum
501 1627 140 29 secundum
605 1627 175 29 apparentiam
733 1627 70 29 quia

184 1654 110 30 solum
257 1654 159 30 appareret
379 1654 110 30 maior
452 1654 98 30 quam
513 1654 110 30 prius
586 1654 134 30 propter
672 1654 134 30 absentiam

192 1682 80 34 sui
237 1682 159 34 contrarii.
362 1682 57 34 ⁋
385 1682 102 34 Dices
453 1682 114 34 tertio
532 1682 148 34 ethicorum
646 1682 125 34 dicitur
725 1682 80 34 illud

192 1710 75 31 est
235 1710 107 31 albius
310 1710 86 31 quod
364 1710 75 31 est
407 1710 96 31 nigro
471 1710 182 31 impermixtius.
621 1710 86 31 Item
664 1710 139 31 philosophus

184 1739 73 35 in
220 1739 206 35 predicamentis
390 1739 133 35 precise
486 1739 157 35 attribuit
607 1739 194 35 susceptionem
753 1739 48 35 ma

187 1771 89 31 gis
238 1771 76 31 et
276 1771 115 31 minus
353 1771 89 31 his
404 1771 89 31 que
455 1771 127 31 habent
544 1771 242 31 contrarietatem.
735 1771 64 31 Pro

199 1795 85 36 batur
255 1795 47 36 2
274 1795 141 36 methagister
387 1795 94 36 dicunt
453 1795 141 36 philosophus
566 1795 57 36 et
595 1795 141 36 commentator
708 1795 75 36 quod
745 1795 57 36 medi

191 1826 71 35 um
227 1826 167 35 compositum
358 1826 83 35 est
405 1826 71 35 ex
441 1826 155 35 extremis.
560 1826 60 35 ⁋
584 1826 71 35 Ad
620 1826 119 35 primum
691 1826 107 35 respon-

189 1853 77 32 det
233 1853 88 32 okam
288 1853 88 32 quod
344 1853 77 32 ibi
388 1853 144 32 accipitur
499 1853 177 32 impermixtius
642 1853 77 32 pro
675 1853 122 32 dissimula

192 1882 101 32 tione
259 1882 90 32 quia
315 1882 112 32 albius
394 1882 101 32 magis
462 1882 180 32 dissimilatur
608 1882 101 32 nigro
675 1882 90 32 quam
720 1882 79 32 minus

195 1913 99 31 album.
264 1913 49 31 ⁋
284 1913 59 31 Ad
314 1913 118 31 secundum
402 1913 128 31 respondet
501 1913 79 31 quod
550 1913 109 31 quamuis
629 1913 138 31 philosophs
728 1913 79 31 attri-

191 1940 100 31 buat
254 1940 113 31 magis
329 1940 75 31 et
367 1940 113 31 minus
442 1940 138 31 precise
542 1940 113 31 illis
617 1940 163 31 generibus
730 1940 75 31 gene

192 1969 160 32 ralissimis
317 1969 69 32 in
352 1969 114 32 quibus
432 1969 149 32 contingit
546 1969 114 32 habere
626 1969 160 32 contrarium
741 1969 57 32 non

190 1997 106 33 tamen
261 1997 129 33 precise
355 1997 106 33 illis
426 1997 153 33 speciebus
543 1997 82 33 que
590 1997 118 33 habent
661 1997 141 33 contrarium

192 2023 99 32 sicut
258 2023 99 32 patet
324 2023 66 32 de
357 2023 99 32 luce.
423 2023 66 32 Ad
456 2023 121 32 tertium
545 2023 143 32 responsum
655 2023 77 32 est
699 2023 66 32 in
721 2023 77 32 primo

194 2053 157 34 dupliciter
317 2053 67 34 et
351 2053 101 34 etiam
418 2053 101 34 dicit
486 2053 90 34 okam
542 2053 90 34 quod
598 2053 79 34 non
643 2053 101 34 debet
699 2053 101 34 intelli

188 2081 73 34 gi
224 2081 98 34 quod
285 2081 122 34 medium
371 2081 122 34 semper
456 2081 171 34 componatur
591 2081 73 34 ex
627 2081 146 34 extremis
737 2081 85 34 sed

195 2111 84 42 quod
248 2111 74 42 est
290 2111 95 42 minus
353 2111 137 42 dissimile
459 2111 116 42 vtrique
543 2111 116 42 extremo
627 2111 84 42 quam
680 2111 84 42 vnum
722 2111 84 42 extre

816 264 92 42 mum
869 264 145 42 alteri.
974 264 66 42 ⁋
1000 264 132 42 Contra
1092 264 158 42 secundam
1211 264 224 42 cauillationem
1382 264 66 42 sic

819 297 171 30 impossibile
956 297 80 30 est
1001 297 137 30 transire
1104 297 69 30 de
1139 297 206 30 contradictorio
1310 297 69 30 in
1333 297 114 30 contradi

814 325 129 38 ctorium
908 325 94 38 fine
967 325 94 38 motu
1025 325 117 38 locali
1107 325 82 38 vel
1154 325 176 38 productione
1295 325 141 38 alicuius
1388 325 59 38 rei

822 353 83 45 vel
869 353 189 45 destructione
1023 353 83 45 vbi
1070 353 153 45 transitus
1188 353 141 45 temporis
1294 353 83 45 non
1329 353 118 45 sufficit

820 383 88 43 nec
871 383 100 43 deus
933 383 175 43 miraculose
1071 383 138 43 supplet
1171 383 113 43 vicem
1247 383 113 43 cause
1309 383 138 43 effectiue

819 411 110 39 create
896 411 77 39 sed
940 411 66 39 in
973 411 143 39 proposito
1083 411 110 39 tempus
1161 411 77 39 non
1205 411 99 39 habet
1271 411 99 39 locum
1326 411 121 39 neptsatus

824 441 94 26 deus
883 441 129 26 supplet
977 441 82 26 nec
1024 441 94 26 ista
1083 441 71 26 de
1118 441 153 26 nominatio
1236 441 82 26 qua
1283 441 129 26 aliquid
1365 441 82 26 deno-

821 466 132 41 minatur
917 466 108 41 magis
989 466 108 41 album
1061 466 96 41 quam
1121 466 108 41 prius
1192 466 84 41 non
1240 466 84 41 est
1288 466 60 41 a
1312 466 108 41 causa
1372 466 60 41 ex-

818 496 131 36 trinseca
917 496 77 36 sed
960 496 66 36 ab
993 496 142 36 intriseca
1103 496 66 36 id
1135 496 77 36 est
1179 496 55 36 a
1201 496 99 36 forma
1267 496 153 36 inherente.
1376 496 44 36 de

821 526 108 41 autem
893 526 84 41 non
941 526 120 41 potest
1026 526 96 41 esse
1086 526 108 41 forma
1158 526 144 41 inherens
1266 526 72 41 ne
1303 526 108 41 etiam
1363 526 72 41 pos-

822 549 75 43 set
865 549 106 43 facere
939 549 85 43 quod
993 549 106 43 paries
1067 549 96 43 esset
1131 549 96 43 albus
1195 549 85 43 sine
1248 549 128 43 albedine
1344 549 75 43 ita
1376 549 53 43 nec

825 581 113 41 potest
904 581 113 41 facere
983 581 91 41 quod
1040 581 79 41 sit
1085 581 102 41 magis
1153 581 102 41 albus
1221 581 79 41 vel
1266 581 102 41 minus
1334 581 102 41 albus
1391 581 45 41 ni

819 609 78 33 si
858 609 155 33 secundum
974 609 181 33 exigentiam
1117 609 155 33 subiecti
1233 609 91 33 vel
1285 609 116 33 forme
1349 609 91 33 inhe-

820 637 126 39 rentis
909 637 88 39 nec
959 637 113 39 etiam
1035 637 139 39 oportet
1136 637 88 39 ibi
1186 637 113 39 fieri
1262 637 113 39 motum
1325 637 113 39 localem

817 665 115 38 igitur
898 665 150 38 diceretur
1013 665 104 38 forte
1082 665 92 38 quod
1140 665 104 38 licet
1209 665 173 38 decrementum
1347 665 81 38 vel
1381 665 58 38 eti

821 695 81 41 am
862 695 203 41 incrementum
1024 695 122 41 forme
1105 695 176 41 contingat
1240 695 95 41 per
1294 695 149 41 partium
1389 695 54 41 ap

815 722 195 37 positionem
969 722 98 37 vel
1024 722 251 37 substractionem
1234 722 167 37 secundum
1345 722 84 37 quas

826 751 126 38 paucas
914 751 176 38 existentes
1053 751 88 38 vel
1103 751 126 38 multas
1191 751 126 38 potest
1279 751 113 38 forma
1342 751 88 38 diuer

819 781 120 38 simode
903 781 72 38 in
939 781 144 38 gradibus
1046 781 144 38 diuersis
1154 781 132 38 sistere
1250 781 108 38 inter
1309 781 120 38 terminos

821 805 185 38 latitudinis
969 805 111 38 forme
1043 805 111 38 sicut
1117 805 111 38 tenet
1191 805 148 38 henricus
1289 805 136 38 gandensis

825 833 113 43 quarto
904 833 158 43 quolibeti.
1027 833 68 43 q.
1061 833 90 43 .25.
1118 833 68 43 vt
1151 833 124 43 diffuse
1242 833 79 43 hoc
1287 833 124 43 recitat
1365 833 68 43 okan

816 866 65 39 q
842 866 65 39 6
868 866 117 39 tamen
946 866 104 39 iste
1011 866 130 39 partes
1102 866 91 39 non
1154 866 156 39 realiter
1258 866 182 39 distinguntur

820 892 164 40 abinuicem
947 892 88 40 sed
997 892 139 40 ratione
1098 892 126 40 tantum
1187 892 76 40 vt
1225 892 114 40 tenet
1301 892 114 40 prima
1364 892 63 40 que

821 918 123 40 stione
907 918 160 40 quolibeti
1030 918 160 40 questione
1152 918 135 40 quarta.
1251 918 86 40 Sed
1300 918 86 40 hoc
1337 918 98 40 impro-

824 948 91 41 bat
876 948 104 41 okam
941 948 91 41 tum
993 948 104 41 quia
1058 948 91 41 hec
1110 948 169 41 responsio
1240 948 143 41 videtur
1331 948 104 41 inclu-

822 975 105 40 dere
888 975 250 40 contradictionem
1098 975 119 40 sicut
1178 975 158 40 declarat
1296 975 105 40 okam
1349 975 92 40 satis

815 1005 92 39 vbi
867 1005 118 39 prius
946 1005 92 39 tum
998 1005 105 39 quia
1064 1005 118 39 tales
1142 1005 131 39 partes
1234 1005 105 39 sunt
1286 1005 144 39 abinuicem

817 1032 202 43 separabiles
978 1032 94 43 tum
1032 1032 81 43 in
1072 1032 229 43 augmentatione
1260 1032 94 43 vna
1301 1032 134 43 precedat

823 1063 107 38 aliam
895 1063 71 38 in
930 1063 95 38 esse
990 1063 71 38 et
1025 1063 71 38 in
1061 1063 155 38 diuisione
1180 1063 83 38 vna
1228 1063 143 38 remaneat
1335 1063 95 38 alia
1382 1063 60 38 non

820 1093 175 34 remanente
954 1093 94 34 tum
1008 1093 108 34 quia
1075 1093 175 34 posterior
1209 1093 161 34 secundum
1330 1093 94 34 hoc
1371 1093 67 34 con

821 1118 112 35 tinet
895 1118 224 35 imperfectiorem
1082 1118 187 35 precedentem
1232 1118 75 35 et
1269 1118 112 35 nihil
1344 1118 75 35 se
1369 1118 62 35 vel

821 1145 99 42 sibi
882 1145 148 42 realiter
994 1145 99 42 idem
1055 1145 86 42 tun
1105 1145 99 42 quia
1166 1145 123 42 nullum
1253 1145 111 42 totum
1327 1145 86 42 est
1364 1145 74 42 idem

823 1175 98 35 esse
884 1175 86 35 sua
933 1175 111 35 parte
1007 1175 98 35 alia
1069 1175 74 35 et
1106 1175 111 35 multo
1180 1175 135 35 fortius
1278 1175 86 35 nec
1327 1175 86 35 vna
1364 1175 74 35 pars

821 1207 89 38 cum
872 1207 101 38 alia
935 1207 89 38 tum
986 1207 101 38 quia
1049 1207 101 38 idem
1112 1207 89 38 non
1163 1207 89 38 est
1213 1207 177 38 perfectius
1340 1207 101 38 seipso

823 1234 83 33 vel
870 1234 71 33 eo
906 1234 94 33 quod
965 1234 83 33 est
1012 1234 142 33 realiter
1118 1234 94 33 idem
1177 1234 94 33 sibi
1236 1234 94 33 omne
1295 1234 106 33 autem
1354 1234 83 33 totum

820 1265 172 34 perfectius
955 1265 86 34 est
1004 1265 86 34 sua
1054 1265 111 34 parte
1127 1265 86 34 tum
1177 1265 98 34 quia
1238 1265 185 34 impossibile
1373 1265 62 34 est

820 1292 118 31 illud
898 1292 105 31 quod
964 1292 170 31 aliquando
1094 1292 91 31 non
1147 1292 91 31 est
1199 1292 105 31 idem
1264 1292 157 31 realiter
1369 1292 65 31 cum

818 1317 127 41 aliquo
907 1317 127 41 vnquam
996 1317 102 41 esse
1059 1317 102 41 idem
1123 1317 89 41 cum
1174 1317 114 41 eodem
1250 1317 89 41 tum
1300 1317 102 41 quia
1351 1317 89 41 impos

821 1346 112 34 sibile
899 1346 79 34 est
944 1346 123 34 aliquid
1034 1346 101 34 reale
1101 1346 56 34 a
1124 1346 146 34 quocunque
1236 1346 101 34 reali
1303 1346 112 34 tantum
1371 1346 67 34 dif-

819 1375 104 39 ferre
889 1375 128 39 ratione
982 1375 70 39 et
1017 1375 128 39 vtraque
1109 1375 128 39 istarum
1202 1375 128 39 partium
1295 1375 81 39 est
1330 1375 104 39 aliquod

825 1405 74 35 re
862 1405 98 35 ale.
923 1405 61 35 ⁋
947 1405 98 35 Item
1009 1405 98 35 quia
1070 1405 86 35 hec
1119 1405 123 35 opinio
1205 1405 159 35 coincidit
1328 1405 86 35 cum
1364 1405 74 35 opi-

815 1434 122 30 nione
897 1434 122 30 thome
978 1434 108 30 quam
1046 1434 122 30 tamen
1127 1434 149 30 nititur
1236 1434 176 30 improbare
1358 1434 81 30 quia

813 1463 96 30 nisi
873 1463 84 30 sit
921 1463 132 30 additio
1017 1463 144 30 alicuius
1125 1463 144 30 realiter
1234 1463 180 30 differentis
1378 1463 84 30 non

817 1486 92 35 erit
875 1486 81 35 ibi
921 1486 127 35 additio
1014 1486 81 35 cum
1060 1486 104 35 nihil
1130 1486 127 35 addatur
1222 1486 139 35 sibiipsi
1326 1486 81 35 tum
1361 1486 69 35 quia

817 1518 185 34 impossibile
965 1518 86 34 est
1014 1518 136 34 aliquid
1113 1518 123 34 habere
1199 1518 185 34 latitudinem
1334 1518 99 34 realem

817 1547 88 31 nisi
872 1547 121 31 aliquid
960 1547 177 31 distinguatur
1104 1547 66 31 in
1137 1547 66 31 eo
1170 1547 143 31 realiter.
1280 1547 55 31 ⁋
1303 1547 66 31 Et
1336 1547 88 31 hanc
1380 1547 55 31 re-

826 1573 155 38 sponsionem
948 1573 144 38 confirmat
1059 1573 144 38 articulus
1170 1573 133 38 parisien
1270 1573 67 38 46
1303 1573 133 38 capit.l.
1403 1573 55 38 6

818 1602 65 34 d.
851 1602 87 34 quod
905 1602 98 34 alius
970 1602 76 34 est
1014 1602 163 34 intellectus
1144 1602 130 34 secundum
1242 1602 130 34 rationem
1328 1602 109 34 secundum

824 1631 92 31 quam
881 1631 92 31 deus
938 1631 160 31 intelligit
1064 1631 69 31 se
1099 1631 69 31 et
1133 1631 92 31 alia
1190 1631 103 31 error
1259 1631 92 31 quia
1316 1631 103 31 licet
1374 1631 57 31 sit

822 1661 86 28 alia
876 1661 97 28 ratio
941 1661 76 28 non
984 1661 97 28 tamen
1049 1661 97 28 alius
1113 1661 162 28 intellectus
1243 1661 129 28 secundum
1329 1661 108 28 rationem

824 1687 95 33 Dices
888 1687 95 33 sicut
951 1687 116 33 recitat
1035 1687 105 33 scotus
1109 1687 63 33 q.
1140 1687 53 33 6
1161 1687 53 33 d
1182 1687 63 33 17
1214 1687 95 33 primi
1277 1687 95 33 libri
1340 1687 84 33 quod
1393 1687 63 33 in

820 1718 217 34 augmentatione
999 1718 115 34 forme
1076 1718 128 34 posset
1165 1718 141 34 saluari
1268 1718 115 34 magis
1344 1718 77 34 et
1370 1718 64 34 mi-

819 1744 68 32 nus
858 1744 78 32 isto
907 1744 78 32 modo
956 1744 59 32 vt
985 1744 88 32 illud
1044 1744 88 32 magis
1103 1744 59 32 et
1132 1744 88 32 minus
1191 1744 156 32 intelligatur
1318 1744 108 32 secudum
1396 1744 59 32 in

824 1773 72 35 esse
869 1773 162 35 accidentaliter
1004 1773 72 35 ipsi
1049 1773 108 35 subiecto
1130 1773 72 35 quod
1174 1773 90 35 quidem
1237 1773 54 35 in
1264 1773 72 35 esse
1309 1773 63 35 est
1345 1773 72 35 ipsi
1381 1773 54 35 esse

823 1801 63 32 et
854 1801 83 32 ista
906 1801 135 32 maioritas
1010 1801 115 32 quantum
1094 1801 63 32 ad
1125 1801 63 32 in
1156 1801 83 32 esse
1208 1801 156 32 attribuitur
1333 1801 73 32 vel
1364 1801 63 32 maio

820 1830 70 38 ri
855 1830 186 38 dispositioni
1006 1830 139 38 subiecti
1110 1830 81 38 vel
1157 1830 116 38 maiori
1238 1830 139 38 amotioni
1331 1830 104 38 opponem

820 1859 65 38 ti
853 1859 65 38 in
885 1859 163 38 dispositis.
1015 1859 76 38 Sed
1059 1859 108 38 contra
1134 1859 98 38 istam
1199 1859 184 38 cauillationem
1340 1859 87 38 arguit

830 1885 67 40 co.
869 1885 133 40 supponendo
973 1885 86 40 primo
1030 1885 76 40 quod
1078 1885 76 40 idem
1125 1885 67 40 non
1164 1885 95 40 potest
1230 1885 143 40 naturalitur
1344 1885 67 40 bis
1373 1885 57 40 pro-

822 1913 87 35 duci:
881 1913 107 35 secundo
958 1913 78 35 quod
1007 1913 146 35 impossibile
1123 1913 68 35 est
1162 1913 87 35 motum
1220 1913 68 35 vel
1259 1913 136 35 mutationem
1356 1913 78 35 realem

821 1945 65 29 ad
854 1945 109 29 formam
930 1945 87 29 esse
984 1945 87 29 fine
1039 1945 120 29 termino
1126 1945 98 29 reali
1191 1945 87 29 tunc
1245 1945 76 29 sic
1289 1945 87 29 ista
1332 1945 98 29 augmen-

825 1973 91 33 tatio
886 1973 71 33 est
926 1973 101 33 realis
997 1973 162 33 transmutatio
1128 1973 101 33 igitur
1199 1973 91 33 habet
1260 1973 111 33 aliquem
1331 1973 101 33 terminum

823 2001 115 36 realem
903 2001 81 36 qui
949 2001 161 36 producitur
1076 2001 81 36 sed
1122 2001 92 36 ille
1179 2001 81 36 non
1225 2001 127 36 prefuit
1317 2001 92 36 quia
1363 2001 69 36 idem

823 2027 81 37 non
870 2027 116 37 potest
951 2027 174 37 naturaliter
1090 2027 81 37 bis
1136 2027 127 37 produci
1229 2027 81 37 nec
1275 2027 104 37 etiam
1333 2027 104 37 superna

823 2056 151 31 turaliter
940 2056 128 31 poterit
1032 2056 116 31 aliqua
1114 2056 139 31 realitas
1218 2056 81 31 seu
1265 2056 128 31 timinus
1346 2056 93 31 realis

827 2087 69 34 per
867 2087 108 34 aliquam
945 2087 138 34 mutationem
1053 2087 69 34 bis
1093 2087 108 34 acquiri
1171 2087 98 34 igitur
1240 2087 118 34 terminus
1329 2087 69 34 qui
1358 2087 79 34 acqui-

828 2107 80 54 ritur
882 2107 62 54 non
917 2107 107 54 praefuit
998 2107 107 54 probatur
1078 2107 54 54 si
1105 2107 80 54 forma
1158 2107 62 54 est
1194 2107 152 54 indiuisibilis
1319 2107 62 54 dat
1346 2107 89 54 subiecto
