<?xml version="1.0" encoding="UTF-8"?>
<alto xmlns:xsi="http://www.w3.org/2001/XMLSchema-instance"
      xmlns="http://www.loc.gov/standards/alto/ns-v2#"
      xmlns:page="http://schema.primaresearch.org/PAGE/gts/pagecontent/2013-07-15"
      xsi:schemaLocation="http://www.loc.gov/standards/alto/ns-v2# http://www.loc.gov/standards/alto/alto.xsd">
   <Description>
      <MeasurementUnit>pixel</MeasurementUnit>
      <OCRProcessing ID="IdOcr">
         <ocrProcessingStep>
            <processingDateTime>2021-02-17T08:20:01.202-05:00</processingDateTime>
            <processingSoftware>
               <softwareCreator>READ COOP</softwareCreator>
               <softwareName>Transkribus</softwareName>
            </processingSoftware>
         </ocrProcessingStep>
      </OCRProcessing>
   </Description>
   <Tags/>
   <Layout>
      <Page ID="Page1" PHYSICAL_IMG_NR="1" HEIGHT="2500" WIDTH="1778">
         <TopMargin HEIGHT="0" WIDTH="1778" VPOS="0" HPOS="0"/>
         <LeftMargin HEIGHT="2500" WIDTH="0" VPOS="0" HPOS="0"/>
         <RightMargin HEIGHT="2500" WIDTH="0" VPOS="0" HPOS="1778"/>
         <BottomMargin HEIGHT="0" WIDTH="1778" VPOS="2500" HPOS="0"/>
         <PrintSpace HEIGHT="2500" WIDTH="1778" VPOS="0" HPOS="0">
            <TextBlock ID="TextRegion_1612384355353_1468"
                       HEIGHT="1896"
                       WIDTH="621"
                       VPOS="248"
                       HPOS="342">
               <Shape>
                  <Polygon POINTS="342,248 963,248 963,2144 342,2144"/>
               </Shape>
               <TextLine ID="r2l3"
                         BASELINE="300"
                         HEIGHT="51"
                         WIDTH="599"
                         VPOS="249"
                         HPOS="338">
                  <String HEIGHT="51" WIDTH="86" VPOS="249" HPOS="327" CONTENT="esse"/>
                  <SP HEIGHT="51" WIDTH="11" VPOS="249" HPOS="413"/>
                  <String HEIGHT="51"
                          WIDTH="203"
                          VPOS="249"
                          HPOS="381"
                          CONTENT="indiuisibiliter"/>
                  <SP HEIGHT="51" WIDTH="11" VPOS="249" HPOS="584"/>
                  <String HEIGHT="51" WIDTH="86" VPOS="249" HPOS="552" CONTENT="tale"/>
                  <SP HEIGHT="51" WIDTH="11" VPOS="249" HPOS="638"/>
                  <String HEIGHT="51"
                          WIDTH="96"
                          VPOS="249"
                          HPOS="605"
                          CONTENT="quale"/>
                  <SP HEIGHT="51" WIDTH="11" VPOS="249" HPOS="702"/>
                  <String HEIGHT="51"
                          WIDTH="96"
                          VPOS="249"
                          HPOS="670"
                          CONTENT="natum"/>
                  <SP HEIGHT="51" WIDTH="11" VPOS="249" HPOS="766"/>
                  <String HEIGHT="51" WIDTH="75" VPOS="249" HPOS="734" CONTENT="est"/>
                  <SP HEIGHT="51" WIDTH="11" VPOS="249" HPOS="809"/>
                  <String HEIGHT="51" WIDTH="86" VPOS="249" HPOS="777" CONTENT="esse"/>
                  <SP HEIGHT="51" WIDTH="11" VPOS="249" HPOS="862"/>
                  <String HEIGHT="51" WIDTH="75" VPOS="249" HPOS="830" CONTENT="per"/>
                  <SP HEIGHT="51" WIDTH="11" VPOS="249" HPOS="905"/>
                  <String HEIGHT="51"
                          WIDTH="75"
                          VPOS="249"
                          HPOS="862"
                          CONTENT="talem"/>
               </TextLine>
               <TextLine ID="r2l4"
                         BASELINE="328"
                         HEIGHT="33"
                         WIDTH="598"
                         VPOS="295"
                         HPOS="341">
                  <String HEIGHT="33"
                          WIDTH="100"
                          VPOS="295"
                          HPOS="331"
                          CONTENT="formam"/>
                  <SP HEIGHT="33" WIDTH="10" VPOS="295" HPOS="431"/>
                  <String HEIGHT="33" WIDTH="70" VPOS="295" HPOS="401" CONTENT="non"/>
                  <SP HEIGHT="33" WIDTH="10" VPOS="295" HPOS="471"/>
                  <String HEIGHT="33" WIDTH="80" VPOS="295" HPOS="441" CONTENT="enim"/>
                  <SP HEIGHT="33" WIDTH="10" VPOS="295" HPOS="520"/>
                  <String HEIGHT="33"
                          WIDTH="130"
                          VPOS="295"
                          HPOS="490"
                          CONTENT="subiectum"/>
                  <SP HEIGHT="33" WIDTH="10" VPOS="295" HPOS="620"/>
                  <String HEIGHT="33" WIDTH="70" VPOS="295" HPOS="590" CONTENT="est"/>
                  <SP HEIGHT="33" WIDTH="10" VPOS="295" HPOS="660"/>
                  <String HEIGHT="33" WIDTH="80" VPOS="295" HPOS="630" CONTENT="tale"/>
                  <SP HEIGHT="33" WIDTH="10" VPOS="295" HPOS="710"/>
                  <String HEIGHT="33"
                          WIDTH="120"
                          VPOS="295"
                          HPOS="680"
                          CONTENT="secundum"/>
                  <SP HEIGHT="33" WIDTH="10" VPOS="295" HPOS="799"/>
                  <String HEIGHT="33"
                          WIDTH="100"
                          VPOS="295"
                          HPOS="770"
                          CONTENT="formam"/>
                  <SP HEIGHT="33" WIDTH="10" VPOS="295" HPOS="869"/>
                  <String HEIGHT="33" WIDTH="80" VPOS="295" HPOS="839" CONTENT="nisi"/>
                  <SP HEIGHT="33" WIDTH="10" VPOS="295" HPOS="919"/>
                  <String HEIGHT="33" WIDTH="60" VPOS="295" HPOS="879" CONTENT="quia"/>
               </TextLine>
               <TextLine ID="r2l6"
                         BASELINE="356"
                         HEIGHT="34"
                         WIDTH="581"
                         VPOS="322"
                         HPOS="351">
                  <String HEIGHT="34"
                          WIDTH="109"
                          VPOS="322"
                          HPOS="339"
                          CONTENT="forma"/>
                  <SP HEIGHT="34" WIDTH="12" VPOS="322" HPOS="448"/>
                  <String HEIGHT="34" WIDTH="85" VPOS="322" HPOS="412" CONTENT="est"/>
                  <SP HEIGHT="34" WIDTH="12" VPOS="322" HPOS="496"/>
                  <String HEIGHT="34"
                          WIDTH="109"
                          VPOS="322"
                          HPOS="460"
                          CONTENT="talis"/>
                  <SP HEIGHT="34" WIDTH="12" VPOS="322" HPOS="569"/>
                  <String HEIGHT="34"
                          WIDTH="145"
                          VPOS="322"
                          HPOS="533"
                          CONTENT="secundum"/>
                  <SP HEIGHT="34" WIDTH="12" VPOS="322" HPOS="678"/>
                  <String HEIGHT="34" WIDTH="73" VPOS="322" HPOS="642" CONTENT="se"/>
                  <SP HEIGHT="34" WIDTH="12" VPOS="322" HPOS="714"/>
                  <String HEIGHT="34"
                          WIDTH="145"
                          VPOS="322"
                          HPOS="678"
                          CONTENT="probatur"/>
                  <SP HEIGHT="34" WIDTH="12" VPOS="322" HPOS="823"/>
                  <String HEIGHT="34" WIDTH="73" VPOS="322" HPOS="787" CONTENT="si"/>
                  <SP HEIGHT="34" WIDTH="12" VPOS="322" HPOS="859"/>
                  <String HEIGHT="34" WIDTH="97" VPOS="322" HPOS="823" CONTENT="ideo"/>
                  <SP HEIGHT="34" WIDTH="12" VPOS="322" HPOS="920"/>
                  <String HEIGHT="34" WIDTH="61" VPOS="322" HPOS="871" CONTENT="sub"/>
               </TextLine>
               <TextLine ID="r2l9"
                         BASELINE="384"
                         HEIGHT="29"
                         WIDTH="590"
                         VPOS="355"
                         HPOS="346">
                  <String HEIGHT="29"
                          WIDTH="116"
                          VPOS="355"
                          HPOS="334"
                          CONTENT="iectum"/>
                  <SP HEIGHT="29" WIDTH="12" VPOS="355" HPOS="450"/>
                  <String HEIGHT="29" WIDTH="81" VPOS="355" HPOS="415" CONTENT="est"/>
                  <SP HEIGHT="29" WIDTH="12" VPOS="355" HPOS="496"/>
                  <String HEIGHT="29"
                          WIDTH="104"
                          VPOS="355"
                          HPOS="462"
                          CONTENT="magis"/>
                  <SP HEIGHT="29" WIDTH="12" VPOS="355" HPOS="566"/>
                  <String HEIGHT="29" WIDTH="93" VPOS="355" HPOS="531" CONTENT="tale"/>
                  <SP HEIGHT="29" WIDTH="12" VPOS="355" HPOS="624"/>
                  <String HEIGHT="29" WIDTH="93" VPOS="355" HPOS="589" CONTENT="quam"/>
                  <SP HEIGHT="29" WIDTH="12" VPOS="355" HPOS="681"/>
                  <String HEIGHT="29"
                          WIDTH="104"
                          VPOS="355"
                          HPOS="647"
                          CONTENT="prius"/>
                  <SP HEIGHT="29" WIDTH="12" VPOS="355" HPOS="751"/>
                  <String HEIGHT="29" WIDTH="81" VPOS="355" HPOS="716" CONTENT="per"/>
                  <SP HEIGHT="29" WIDTH="12" VPOS="355" HPOS="797"/>
                  <String HEIGHT="29"
                          WIDTH="116"
                          VPOS="355"
                          HPOS="762"
                          CONTENT="formam"/>
                  <SP HEIGHT="29" WIDTH="12" VPOS="355" HPOS="878"/>
                  <String HEIGHT="29"
                          WIDTH="104"
                          VPOS="355"
                          HPOS="832"
                          CONTENT="aliquam"/>
               </TextLine>
               <TextLine ID="r2l11"
                         BASELINE="415"
                         HEIGHT="37"
                         WIDTH="588"
                         VPOS="378"
                         HPOS="349">
                  <String HEIGHT="37" WIDTH="58" VPOS="378" HPOS="339" CONTENT="in"/>
                  <SP HEIGHT="37" WIDTH="10" VPOS="378" HPOS="397"/>
                  <String HEIGHT="37" WIDTH="58" VPOS="378" HPOS="368" CONTENT="se"/>
                  <SP HEIGHT="37" WIDTH="10" VPOS="378" HPOS="426"/>
                  <String HEIGHT="37" WIDTH="58" VPOS="378" HPOS="397" CONTENT="et"/>
                  <SP HEIGHT="37" WIDTH="10" VPOS="378" HPOS="455"/>
                  <String HEIGHT="37"
                          WIDTH="116"
                          VPOS="378"
                          HPOS="426"
                          CONTENT="secundum"/>
                  <SP HEIGHT="37" WIDTH="10" VPOS="378" HPOS="542"/>
                  <String HEIGHT="37" WIDTH="58" VPOS="378" HPOS="513" CONTENT="se"/>
                  <SP HEIGHT="37" WIDTH="10" VPOS="378" HPOS="571"/>
                  <String HEIGHT="37"
                          WIDTH="125"
                          VPOS="378"
                          HPOS="542"
                          CONTENT="simplicem"/>
                  <SP HEIGHT="37" WIDTH="10" VPOS="378" HPOS="667"/>
                  <String HEIGHT="37" WIDTH="77" VPOS="378" HPOS="638" CONTENT="quia"/>
                  <SP HEIGHT="37" WIDTH="10" VPOS="378" HPOS="715"/>
                  <String HEIGHT="37"
                          WIDTH="87"
                          VPOS="378"
                          HPOS="686"
                          CONTENT="magis"/>
                  <SP HEIGHT="37" WIDTH="10" VPOS="378" HPOS="773"/>
                  <String HEIGHT="37"
                          WIDTH="135"
                          VPOS="378"
                          HPOS="744"
                          CONTENT="disponitur"/>
                  <SP HEIGHT="37" WIDTH="10" VPOS="378" HPOS="879"/>
                  <String HEIGHT="37" WIDTH="77" VPOS="378" HPOS="850" CONTENT="quam"/>
                  <SP HEIGHT="37" WIDTH="10" VPOS="378" HPOS="927"/>
                  <String HEIGHT="37" WIDTH="48" VPOS="378" HPOS="889" CONTENT="pri"/>
               </TextLine>
               <TextLine ID="r2l12"
                         BASELINE="442"
                         HEIGHT="31"
                         WIDTH="589"
                         VPOS="411"
                         HPOS="345">
                  <String HEIGHT="31" WIDTH="69" VPOS="411" HPOS="333" CONTENT="us"/>
                  <SP HEIGHT="31" WIDTH="12" VPOS="411" HPOS="403"/>
                  <String HEIGHT="31" WIDTH="69" VPOS="411" HPOS="368" CONTENT="de"/>
                  <SP HEIGHT="31" WIDTH="12" VPOS="411" HPOS="437"/>
                  <String HEIGHT="31" WIDTH="92" VPOS="411" HPOS="403" CONTENT="ista"/>
                  <SP HEIGHT="31" WIDTH="12" VPOS="411" HPOS="495"/>
                  <String HEIGHT="31"
                          WIDTH="185"
                          VPOS="411"
                          HPOS="460"
                          CONTENT="dispositione"/>
                  <SP HEIGHT="31" WIDTH="12" VPOS="411" HPOS="645"/>
                  <String HEIGHT="31"
                          WIDTH="115"
                          VPOS="411"
                          HPOS="611"
                          CONTENT="quero."/>
                  <SP HEIGHT="31" WIDTH="12" VPOS="411" HPOS="726"/>
                  <String HEIGHT="31" WIDTH="69" VPOS="411" HPOS="691" CONTENT="An"/>
                  <SP HEIGHT="31" WIDTH="12" VPOS="411" HPOS="761"/>
                  <String HEIGHT="31" WIDTH="81" VPOS="411" HPOS="726" CONTENT="est"/>
                  <SP HEIGHT="31" WIDTH="12" VPOS="411" HPOS="807"/>
                  <String HEIGHT="31"
                          WIDTH="104"
                          VPOS="411"
                          HPOS="772"
                          CONTENT="forma"/>
                  <SP HEIGHT="31" WIDTH="12" VPOS="411" HPOS="876"/>
                  <String HEIGHT="31" WIDTH="92" VPOS="411" HPOS="842" CONTENT="illa"/>
                  <SP HEIGHT="31" WIDTH="12" VPOS="411" HPOS="934"/>
                  <String HEIGHT="31" WIDTH="46" VPOS="411" HPOS="888" CONTENT="se"/>
               </TextLine>
               <TextLine ID="r2l15"
                         BASELINE="468"
                         HEIGHT="30"
                         WIDTH="597"
                         VPOS="438"
                         HPOS="346">
                  <String HEIGHT="30"
                          WIDTH="101"
                          VPOS="438"
                          HPOS="336"
                          CONTENT="cundum"/>
                  <SP HEIGHT="30" WIDTH="10" VPOS="438" HPOS="437"/>
                  <String HEIGHT="30" WIDTH="81" VPOS="438" HPOS="407" CONTENT="quam"/>
                  <SP HEIGHT="30" WIDTH="10" VPOS="438" HPOS="488"/>
                  <String HEIGHT="30"
                          WIDTH="132"
                          VPOS="438"
                          HPOS="457"
                          CONTENT="subiectum"/>
                  <SP HEIGHT="30" WIDTH="10" VPOS="438" HPOS="589"/>
                  <String HEIGHT="30"
                          WIDTH="111"
                          VPOS="438"
                          HPOS="558"
                          CONTENT="dicitur"/>
                  <SP HEIGHT="30" WIDTH="10" VPOS="438" HPOS="670"/>
                  <String HEIGHT="30"
                          WIDTH="91"
                          VPOS="438"
                          HPOS="639"
                          CONTENT="magis"/>
                  <SP HEIGHT="30" WIDTH="10" VPOS="438" HPOS="731"/>
                  <String HEIGHT="30" WIDTH="81" VPOS="438" HPOS="700" CONTENT="tale"/>
                  <SP HEIGHT="30" WIDTH="10" VPOS="438" HPOS="781"/>
                  <String HEIGHT="30" WIDTH="81" VPOS="438" HPOS="751" CONTENT="quam"/>
                  <SP HEIGHT="30" WIDTH="10" VPOS="438" HPOS="832"/>
                  <String HEIGHT="30"
                          WIDTH="91"
                          VPOS="438"
                          HPOS="801"
                          CONTENT="prius"/>
                  <SP HEIGHT="30" WIDTH="10" VPOS="438" HPOS="892"/>
                  <String HEIGHT="30" WIDTH="61" VPOS="438" HPOS="862" CONTENT="et"/>
                  <SP HEIGHT="30" WIDTH="10" VPOS="438" HPOS="923"/>
                  <String HEIGHT="30" WIDTH="61" VPOS="438" HPOS="882" CONTENT="tunc"/>
               </TextLine>
               <TextLine ID="r2l16"
                         BASELINE="498"
                         HEIGHT="34"
                         WIDTH="594"
                         VPOS="464"
                         HPOS="344">
                  <String HEIGHT="34"
                          WIDTH="121"
                          VPOS="464"
                          HPOS="333"
                          CONTENT="habetur"/>
                  <SP HEIGHT="34" WIDTH="11" VPOS="464" HPOS="454"/>
                  <String HEIGHT="34"
                          WIDTH="132"
                          VPOS="464"
                          HPOS="421"
                          CONTENT="intentum"/>
                  <SP HEIGHT="34" WIDTH="11" VPOS="464" HPOS="553"/>
                  <String HEIGHT="34" WIDTH="88" VPOS="464" HPOS="520" CONTENT="quod"/>
                  <SP HEIGHT="34" WIDTH="11" VPOS="464" HPOS="608"/>
                  <String HEIGHT="34" WIDTH="66" VPOS="464" HPOS="575" CONTENT="in"/>
                  <SP HEIGHT="34" WIDTH="11" VPOS="464" HPOS="641"/>
                  <String HEIGHT="34"
                          WIDTH="99"
                          VPOS="464"
                          HPOS="608"
                          CONTENT="forma"/>
                  <SP HEIGHT="34" WIDTH="11" VPOS="464" HPOS="707"/>
                  <String HEIGHT="34" WIDTH="88" VPOS="464" HPOS="674" CONTENT="ista"/>
                  <SP HEIGHT="34" WIDTH="11" VPOS="464" HPOS="762"/>
                  <String HEIGHT="34" WIDTH="88" VPOS="464" HPOS="729" CONTENT="erit"/>
                  <SP HEIGHT="34" WIDTH="11" VPOS="464" HPOS="817"/>
                  <String HEIGHT="34"
                          WIDTH="110"
                          VPOS="464"
                          HPOS="784"
                          CONTENT="sumere"/>
                  <SP HEIGHT="34" WIDTH="11" VPOS="464" HPOS="894"/>
                  <String HEIGHT="34"
                          WIDTH="88"
                          VPOS="464"
                          HPOS="850"
                          CONTENT="magiet"/>
               </TextLine>
               <TextLine ID="r2l18"
                         BASELINE="526"
                         HEIGHT="30"
                         WIDTH="586"
                         VPOS="496"
                         HPOS="351">
                  <String HEIGHT="30" WIDTH="65" VPOS="496" HPOS="340" CONTENT="et"/>
                  <SP HEIGHT="30" WIDTH="11" VPOS="496" HPOS="405"/>
                  <String HEIGHT="30"
                          WIDTH="98"
                          VPOS="496"
                          HPOS="373"
                          CONTENT="minus"/>
                  <SP HEIGHT="30" WIDTH="11" VPOS="496" HPOS="470"/>
                  <String HEIGHT="30" WIDTH="76" VPOS="496" HPOS="438" CONTENT="vel"/>
                  <SP HEIGHT="30" WIDTH="11" VPOS="496" HPOS="514"/>
                  <String HEIGHT="30" WIDTH="76" VPOS="496" HPOS="481" CONTENT="non"/>
                  <SP HEIGHT="30" WIDTH="11" VPOS="496" HPOS="557"/>
                  <String HEIGHT="30" WIDTH="65" VPOS="496" HPOS="525" CONTENT="si"/>
                  <SP HEIGHT="30" WIDTH="11" VPOS="496" HPOS="590"/>
                  <String HEIGHT="30" WIDTH="87" VPOS="496" HPOS="557" CONTENT="tunc"/>
                  <SP HEIGHT="30" WIDTH="11" VPOS="496" HPOS="644"/>
                  <String HEIGHT="30" WIDTH="76" VPOS="496" HPOS="611" CONTENT="est"/>
                  <SP HEIGHT="30" WIDTH="11" VPOS="496" HPOS="687"/>
                  <String HEIGHT="30" WIDTH="87" VPOS="496" HPOS="655" CONTENT="alia"/>
                  <SP HEIGHT="30" WIDTH="11" VPOS="496" HPOS="742"/>
                  <String HEIGHT="30"
                          WIDTH="98"
                          VPOS="496"
                          HPOS="709"
                          CONTENT="forma"/>
                  <SP HEIGHT="30" WIDTH="11" VPOS="496" HPOS="807"/>
                  <String HEIGHT="30" WIDTH="87" VPOS="496" HPOS="774" CONTENT="tunc"/>
                  <SP HEIGHT="30" WIDTH="11" VPOS="496" HPOS="861"/>
                  <String HEIGHT="30"
                          WIDTH="119"
                          VPOS="496"
                          HPOS="818"
                          CONTENT="subiectur"/>
               </TextLine>
               <TextLine ID="r2l20"
                         BASELINE="553"
                         HEIGHT="30"
                         WIDTH="588"
                         VPOS="523"
                         HPOS="349">
                  <String HEIGHT="30"
                          WIDTH="153"
                          VPOS="523"
                          HPOS="337"
                          CONTENT="diceretur"/>
                  <SP HEIGHT="30" WIDTH="12" VPOS="523" HPOS="490"/>
                  <String HEIGHT="30"
                          WIDTH="106"
                          VPOS="523"
                          HPOS="455"
                          CONTENT="magis"/>
                  <SP HEIGHT="30" WIDTH="12" VPOS="523" HPOS="561"/>
                  <String HEIGHT="30" WIDTH="94" VPOS="523" HPOS="525" CONTENT="tale"/>
                  <SP HEIGHT="30" WIDTH="12" VPOS="523" HPOS="619"/>
                  <String HEIGHT="30"
                          WIDTH="141"
                          VPOS="523"
                          HPOS="584"
                          CONTENT="secundum"/>
                  <SP HEIGHT="30" WIDTH="12" VPOS="523" HPOS="725"/>
                  <String HEIGHT="30"
                          WIDTH="106"
                          VPOS="523"
                          HPOS="690"
                          CONTENT="istam"/>
                  <SP HEIGHT="30" WIDTH="12" VPOS="523" HPOS="796"/>
                  <String HEIGHT="30"
                          WIDTH="118"
                          VPOS="523"
                          HPOS="761"
                          CONTENT="formam"/>
                  <SP HEIGHT="30" WIDTH="12" VPOS="523" HPOS="878"/>
                  <String HEIGHT="30"
                          WIDTH="106"
                          VPOS="523"
                          HPOS="831"
                          CONTENT="propter"/>
               </TextLine>
               <TextLine ID="r2l22"
                         BASELINE="581"
                         HEIGHT="31"
                         WIDTH="588"
                         VPOS="550"
                         HPOS="351">
                  <String HEIGHT="31"
                          WIDTH="116"
                          VPOS="550"
                          HPOS="341"
                          CONTENT="aliquam"/>
                  <SP HEIGHT="31" WIDTH="11" VPOS="550" HPOS="456"/>
                  <String HEIGHT="31"
                          WIDTH="179"
                          VPOS="550"
                          HPOS="425"
                          CONTENT="dispositionem"/>
                  <SP HEIGHT="31" WIDTH="11" VPOS="550" HPOS="603"/>
                  <String HEIGHT="31"
                          WIDTH="168"
                          VPOS="550"
                          HPOS="572"
                          CONTENT="praecedentem"/>
                  <SP HEIGHT="31" WIDTH="11" VPOS="550" HPOS="740"/>
                  <String HEIGHT="31" WIDTH="74" VPOS="550" HPOS="708" CONTENT="vel"/>
                  <SP HEIGHT="31" WIDTH="11" VPOS="550" HPOS="782"/>
                  <String HEIGHT="31"
                          WIDTH="126"
                          VPOS="550"
                          HPOS="750"
                          CONTENT="secundum"/>
                  <SP HEIGHT="31" WIDTH="11" VPOS="550" HPOS="876"/>
                  <String HEIGHT="31"
                          WIDTH="95"
                          VPOS="550"
                          HPOS="845"
                          CONTENT="istam"/>
                  <SP HEIGHT="31" WIDTH="11" VPOS="550" HPOS="939"/>
                  <String HEIGHT="31" WIDTH="42" VPOS="550" HPOS="897" CONTENT="in"/>
               </TextLine>
               <TextLine ID="r2l25"
                         BASELINE="609"
                         HEIGHT="33"
                         WIDTH="585"
                         VPOS="576"
                         HPOS="352">
                  <String HEIGHT="33" WIDTH="69" VPOS="576" HPOS="342" CONTENT="se."/>
                  <SP HEIGHT="33" WIDTH="10" VPOS="576" HPOS="411"/>
                  <String HEIGHT="33" WIDTH="59" VPOS="576" HPOS="382" CONTENT="Si"/>
                  <SP HEIGHT="33" WIDTH="10" VPOS="576" HPOS="441"/>
                  <String HEIGHT="33"
                          WIDTH="119"
                          VPOS="576"
                          HPOS="411"
                          CONTENT="secundum"/>
                  <SP HEIGHT="33" WIDTH="10" VPOS="576" HPOS="530"/>
                  <String HEIGHT="33"
                          WIDTH="149"
                          VPOS="576"
                          HPOS="501"
                          CONTENT="propositum."/>
                  <SP HEIGHT="33" WIDTH="10" VPOS="576" HPOS="649"/>
                  <String HEIGHT="33" WIDTH="59" VPOS="576" HPOS="620" CONTENT="Si"/>
                  <SP HEIGHT="33" WIDTH="10" VPOS="576" HPOS="679"/>
                  <String HEIGHT="33"
                          WIDTH="99"
                          VPOS="576"
                          HPOS="649"
                          CONTENT="primum"/>
                  <SP HEIGHT="33" WIDTH="10" VPOS="576" HPOS="749"/>
                  <String HEIGHT="33"
                          WIDTH="129"
                          VPOS="576"
                          HPOS="719"
                          CONTENT="quaeredum"/>
                  <SP HEIGHT="33" WIDTH="10" VPOS="576" HPOS="848"/>
                  <String HEIGHT="33" WIDTH="69" VPOS="576" HPOS="818" CONTENT="est"/>
                  <SP HEIGHT="33" WIDTH="10" VPOS="576" HPOS="887"/>
                  <String HEIGHT="33" WIDTH="59" VPOS="576" HPOS="858" CONTENT="de"/>
                  <SP HEIGHT="33" WIDTH="10" VPOS="576" HPOS="917"/>
                  <String HEIGHT="33" WIDTH="59" VPOS="576" HPOS="878" CONTENT="illa"/>
               </TextLine>
               <TextLine ID="r2l27"
                         BASELINE="640"
                         HEIGHT="34"
                         WIDTH="591"
                         VPOS="606"
                         HPOS="353">
                  <String HEIGHT="34"
                          WIDTH="178"
                          VPOS="606"
                          HPOS="342"
                          CONTENT="dispositione"/>
                  <SP HEIGHT="34" WIDTH="11" VPOS="606" HPOS="520"/>
                  <String HEIGHT="34"
                          WIDTH="100"
                          VPOS="606"
                          HPOS="487"
                          CONTENT="prima"/>
                  <SP HEIGHT="34" WIDTH="11" VPOS="606" HPOS="587"/>
                  <String HEIGHT="34" WIDTH="78" VPOS="606" HPOS="554" CONTENT="aut"/>
                  <SP HEIGHT="34" WIDTH="11" VPOS="606" HPOS="632"/>
                  <String HEIGHT="34" WIDTH="78" VPOS="606" HPOS="598" CONTENT="est"/>
                  <SP HEIGHT="34" WIDTH="11" VPOS="606" HPOS="676"/>
                  <String HEIGHT="34"
                          WIDTH="100"
                          VPOS="606"
                          HPOS="643"
                          CONTENT="forma"/>
                  <SP HEIGHT="34" WIDTH="11" VPOS="606" HPOS="743"/>
                  <String HEIGHT="34" WIDTH="89" VPOS="606" HPOS="710" CONTENT="alia"/>
                  <SP HEIGHT="34" WIDTH="11" VPOS="606" HPOS="799"/>
                  <String HEIGHT="34" WIDTH="78" VPOS="606" HPOS="766" CONTENT="aut"/>
                  <SP HEIGHT="34" WIDTH="11" VPOS="606" HPOS="844"/>
                  <String HEIGHT="34" WIDTH="89" VPOS="606" HPOS="810" CONTENT="non."/>
                  <SP HEIGHT="34" WIDTH="11" VPOS="606" HPOS="899"/>
                  <String HEIGHT="34" WIDTH="67" VPOS="606" HPOS="866" CONTENT="si"/>
                  <SP HEIGHT="34" WIDTH="11" VPOS="606" HPOS="933"/>
                  <String HEIGHT="34" WIDTH="56" VPOS="606" HPOS="888" CONTENT="sic"/>
               </TextLine>
               <TextLine ID="r2l28"
                         BASELINE="668"
                         HEIGHT="33"
                         WIDTH="598"
                         VPOS="635"
                         HPOS="347">
                  <String HEIGHT="33" WIDTH="72" VPOS="635" HPOS="337" CONTENT="vel"/>
                  <SP HEIGHT="33" WIDTH="10" VPOS="635" HPOS="409"/>
                  <String HEIGHT="33" WIDTH="82" VPOS="635" HPOS="378" CONTENT="erit"/>
                  <SP HEIGHT="33" WIDTH="10" VPOS="635" HPOS="460"/>
                  <String HEIGHT="33"
                          WIDTH="134"
                          VPOS="635"
                          HPOS="429"
                          CONTENT="processus"/>
                  <SP HEIGHT="33" WIDTH="10" VPOS="635" HPOS="564"/>
                  <String HEIGHT="33" WIDTH="62" VPOS="635" HPOS="533" CONTENT="in"/>
                  <SP HEIGHT="33" WIDTH="10" VPOS="635" HPOS="594"/>
                  <String HEIGHT="33"
                          WIDTH="134"
                          VPOS="635"
                          HPOS="564"
                          CONTENT="infinitum"/>
                  <SP HEIGHT="33" WIDTH="10" VPOS="635" HPOS="698"/>
                  <String HEIGHT="33" WIDTH="62" VPOS="635" HPOS="667" CONTENT="in"/>
                  <SP HEIGHT="33" WIDTH="10" VPOS="635" HPOS="728"/>
                  <String HEIGHT="33"
                          WIDTH="134"
                          VPOS="635"
                          HPOS="698"
                          CONTENT="huiusmodi"/>
                  <SP HEIGHT="33" WIDTH="10" VPOS="635" HPOS="832"/>
                  <String HEIGHT="33"
                          WIDTH="155"
                          VPOS="635"
                          HPOS="790"
                          CONTENT="dispositioni"
                          SUBS_TYPE="HypPart1"
                          SUBS_CONTENT="dispositionibus"/>
                  <HYP CONTENT="-"/>
               </TextLine>
               <TextLine ID="r2l31"
                         BASELINE="694"
                         HEIGHT="33"
                         WIDTH="598"
                         VPOS="661"
                         HPOS="345">
                  <String HEIGHT="33"
                          WIDTH="84"
                          VPOS="661"
                          HPOS="333"
                          CONTENT="bus"
                          SUBS_TYPE="HypPart2"
                          SUBS_CONTENT="dispositionibus"/>
                  <SP HEIGHT="33" WIDTH="12" VPOS="661" HPOS="417"/>
                  <String HEIGHT="33" WIDTH="84" VPOS="661" HPOS="381" CONTENT="vel"/>
                  <SP HEIGHT="33" WIDTH="12" VPOS="661" HPOS="465"/>
                  <String HEIGHT="33"
                          WIDTH="132"
                          VPOS="661"
                          HPOS="429"
                          CONTENT="dabitur"/>
                  <SP HEIGHT="33" WIDTH="12" VPOS="661" HPOS="560"/>
                  <String HEIGHT="33"
                          WIDTH="108"
                          VPOS="661"
                          HPOS="524"
                          CONTENT="magis"/>
                  <SP HEIGHT="33" WIDTH="12" VPOS="661" HPOS="632"/>
                  <String HEIGHT="33" WIDTH="72" VPOS="661" HPOS="596" CONTENT="et"/>
                  <SP HEIGHT="33" WIDTH="12" VPOS="661" HPOS="668"/>
                  <String HEIGHT="33"
                          WIDTH="108"
                          VPOS="661"
                          HPOS="632"
                          CONTENT="minus"/>
                  <SP HEIGHT="33" WIDTH="12" VPOS="661" HPOS="740"/>
                  <String HEIGHT="33" WIDTH="72" VPOS="661" HPOS="704" CONTENT="in"/>
                  <SP HEIGHT="33" WIDTH="12" VPOS="661" HPOS="776"/>
                  <String HEIGHT="33"
                          WIDTH="120"
                          VPOS="661"
                          HPOS="740"
                          CONTENT="aliqua"/>
                  <SP HEIGHT="33" WIDTH="12" VPOS="661" HPOS="859"/>
                  <String HEIGHT="33"
                          WIDTH="108"
                          VPOS="661"
                          HPOS="823"
                          CONTENT="forma"/>
                  <SP HEIGHT="33" WIDTH="12" VPOS="661" HPOS="931"/>
                  <String HEIGHT="33"
                          WIDTH="60"
                          VPOS="661"
                          HPOS="883"
                          CONTENT="se"
                          SUBS_TYPE="HypPart1"
                          SUBS_CONTENT="secundum"/>
                  <HYP CONTENT="-"/>
               </TextLine>
               <TextLine ID="r2l33"
                         BASELINE="723"
                         HEIGHT="32"
                         WIDTH="592"
                         VPOS="691"
                         HPOS="355">
                  <String HEIGHT="32"
                          WIDTH="106"
                          VPOS="691"
                          HPOS="344"
                          CONTENT="cundum"
                          SUBS_TYPE="HypPart2"
                          SUBS_CONTENT="secundum"/>
                  <SP HEIGHT="32" WIDTH="11" VPOS="691" HPOS="450"/>
                  <String HEIGHT="32" WIDTH="74" VPOS="691" HPOS="418" CONTENT="se."/>
                  <SP HEIGHT="32" WIDTH="11" VPOS="691" HPOS="492"/>
                  <String HEIGHT="32" WIDTH="53" VPOS="691" HPOS="461" CONTENT="â‹"/>
                  <SP HEIGHT="32" WIDTH="11" VPOS="691" HPOS="514"/>
                  <String HEIGHT="32"
                          WIDTH="106"
                          VPOS="691"
                          HPOS="482"
                          CONTENT="Contra"/>
                  <SP HEIGHT="32" WIDTH="11" VPOS="691" HPOS="588"/>
                  <String HEIGHT="32"
                          WIDTH="95"
                          VPOS="691"
                          HPOS="556"
                          CONTENT="illud"/>
                  <SP HEIGHT="32" WIDTH="11" VPOS="691" HPOS="651"/>
                  <String HEIGHT="32" WIDTH="63" VPOS="691" HPOS="619" CONTENT="de"/>
                  <SP HEIGHT="32" WIDTH="11" VPOS="691" HPOS="683"/>
                  <String HEIGHT="32"
                          WIDTH="159"
                          VPOS="691"
                          HPOS="651"
                          CONTENT="radicatione"/>
                  <SP HEIGHT="32" WIDTH="11" VPOS="691" HPOS="810"/>
                  <String HEIGHT="32"
                          WIDTH="106"
                          VPOS="691"
                          HPOS="778"
                          CONTENT="arguit"/>
                  <SP HEIGHT="32" WIDTH="11" VPOS="691" HPOS="884"/>
                  <String HEIGHT="32" WIDTH="74" VPOS="691" HPOS="852" CONTENT="sco"/>
                  <SP HEIGHT="32" WIDTH="11" VPOS="691" HPOS="926"/>
                  <String HEIGHT="32" WIDTH="63" VPOS="691" HPOS="884" CONTENT="quia"/>
               </TextLine>
               <TextLine ID="r2l35"
                         BASELINE="752"
                         HEIGHT="31"
                         WIDTH="586"
                         VPOS="721"
                         HPOS="351">
                  <String HEIGHT="31" WIDTH="76" VPOS="721" HPOS="340" CONTENT="aut"/>
                  <SP HEIGHT="31" WIDTH="11" VPOS="721" HPOS="416"/>
                  <String HEIGHT="31" WIDTH="87" VPOS="721" HPOS="384" CONTENT="illa"/>
                  <SP HEIGHT="31" WIDTH="11" VPOS="721" HPOS="470"/>
                  <String HEIGHT="31"
                          WIDTH="141"
                          VPOS="721"
                          HPOS="438"
                          CONTENT="radicatio"/>
                  <SP HEIGHT="31" WIDTH="11" VPOS="721" HPOS="579"/>
                  <String HEIGHT="31" WIDTH="76" VPOS="721" HPOS="546" CONTENT="est"/>
                  <SP HEIGHT="31" WIDTH="11" VPOS="721" HPOS="622"/>
                  <String HEIGHT="31"
                          WIDTH="98"
                          VPOS="721"
                          HPOS="590"
                          CONTENT="forma"/>
                  <SP HEIGHT="31" WIDTH="11" VPOS="721" HPOS="687"/>
                  <String HEIGHT="31"
                          WIDTH="130"
                          VPOS="721"
                          HPOS="655"
                          CONTENT="absoluta"/>
                  <SP HEIGHT="31" WIDTH="11" VPOS="721" HPOS="785"/>
                  <String HEIGHT="31" WIDTH="65" VPOS="721" HPOS="753" CONTENT="et"/>
                  <SP HEIGHT="31" WIDTH="11" VPOS="721" HPOS="818"/>
                  <String HEIGHT="31"
                          WIDTH="119"
                          VPOS="721"
                          HPOS="785"
                          CONTENT="habetur"/>
                  <SP HEIGHT="31" WIDTH="11" VPOS="721" HPOS="904"/>
                  <String HEIGHT="31"
                          WIDTH="76"
                          VPOS="721"
                          HPOS="861"
                          CONTENT="propo"/>
               </TextLine>
               <TextLine ID="r2l37"
                         BASELINE="782"
                         HEIGHT="38"
                         WIDTH="580"
                         VPOS="744"
                         HPOS="357">
                  <String HEIGHT="38"
                          WIDTH="84"
                          VPOS="744"
                          HPOS="348"
                          CONTENT="situm"/>
                  <SP HEIGHT="38" WIDTH="9" VPOS="744" HPOS="432"/>
                  <String HEIGHT="38" WIDTH="75" VPOS="744" HPOS="404" CONTENT="quod"/>
                  <SP HEIGHT="38" WIDTH="9" VPOS="744" HPOS="479"/>
                  <String HEIGHT="38" WIDTH="56" VPOS="744" HPOS="451" CONTENT="in"/>
                  <SP HEIGHT="38" WIDTH="9" VPOS="744" HPOS="507"/>
                  <String HEIGHT="38" WIDTH="75" VPOS="744" HPOS="479" CONTENT="tali"/>
                  <SP HEIGHT="38" WIDTH="9" VPOS="744" HPOS="553"/>
                  <String HEIGHT="38" WIDTH="65" VPOS="744" HPOS="525" CONTENT="est"/>
                  <SP HEIGHT="38" WIDTH="9" VPOS="744" HPOS="591"/>
                  <String HEIGHT="38"
                          WIDTH="84"
                          VPOS="744"
                          HPOS="563"
                          CONTENT="magis"/>
                  <SP HEIGHT="38" WIDTH="9" VPOS="744" HPOS="647"/>
                  <String HEIGHT="38" WIDTH="56" VPOS="744" HPOS="619" CONTENT="et"/>
                  <SP HEIGHT="38" WIDTH="9" VPOS="744" HPOS="675"/>
                  <String HEIGHT="38"
                          WIDTH="84"
                          VPOS="744"
                          HPOS="647"
                          CONTENT="minus"/>
                  <SP HEIGHT="38" WIDTH="9" VPOS="744" HPOS="731"/>
                  <String HEIGHT="38" WIDTH="56" VPOS="744" HPOS="703" CONTENT="si"/>
                  <SP HEIGHT="38" WIDTH="9" VPOS="744" HPOS="759"/>
                  <String HEIGHT="38"
                          WIDTH="122"
                          VPOS="744"
                          HPOS="731"
                          CONTENT="radicatio"/>
                  <SP HEIGHT="38" WIDTH="9" VPOS="744" HPOS="853"/>
                  <String HEIGHT="38"
                          WIDTH="103"
                          VPOS="744"
                          HPOS="825"
                          CONTENT="aliquam"/>
                  <SP HEIGHT="38" WIDTH="9" VPOS="744" HPOS="928"/>
                  <String HEIGHT="38" WIDTH="47" VPOS="744" HPOS="890" CONTENT="sit"/>
               </TextLine>
               <TextLine ID="r2l38"
                         BASELINE="807"
                         HEIGHT="35"
                         WIDTH="595"
                         VPOS="772"
                         HPOS="350">
                  <String HEIGHT="35"
                          WIDTH="94"
                          VPOS="772"
                          HPOS="340"
                          CONTENT="maior"/>
                  <SP HEIGHT="35" WIDTH="10" VPOS="772" HPOS="434"/>
                  <String HEIGHT="35" WIDTH="63" VPOS="772" HPOS="402" CONTENT="et"/>
                  <SP HEIGHT="35" WIDTH="10" VPOS="772" HPOS="465"/>
                  <String HEIGHT="35"
                          WIDTH="104"
                          VPOS="772"
                          HPOS="434"
                          CONTENT="aliqua"/>
                  <SP HEIGHT="35" WIDTH="10" VPOS="772" HPOS="538"/>
                  <String HEIGHT="35"
                          WIDTH="94"
                          VPOS="772"
                          HPOS="507"
                          CONTENT="minor"/>
                  <SP HEIGHT="35" WIDTH="10" VPOS="772" HPOS="601"/>
                  <String HEIGHT="35" WIDTH="63" VPOS="772" HPOS="569" CONTENT="si"/>
                  <SP HEIGHT="35" WIDTH="10" VPOS="772" HPOS="632"/>
                  <String HEIGHT="35"
                          WIDTH="104"
                          VPOS="772"
                          HPOS="601"
                          CONTENT="tantum"/>
                  <SP HEIGHT="35" WIDTH="10" VPOS="772" HPOS="705"/>
                  <String HEIGHT="35"
                          WIDTH="146"
                          VPOS="772"
                          HPOS="674"
                          CONTENT="respectiua"/>
                  <SP HEIGHT="35" WIDTH="10" VPOS="772" HPOS="820"/>
                  <String HEIGHT="35" WIDTH="84" VPOS="772" HPOS="788" CONTENT="tunc"/>
                  <SP HEIGHT="35" WIDTH="10" VPOS="772" HPOS="872"/>
                  <String HEIGHT="35" WIDTH="73" VPOS="772" HPOS="841" CONTENT="non"/>
                  <SP HEIGHT="35" WIDTH="10" VPOS="772" HPOS="914"/>
                  <String HEIGHT="35"
                          WIDTH="73"
                          VPOS="772"
                          HPOS="872"
                          CONTENT="susci"/>
               </TextLine>
               <TextLine ID="r2l41"
                         BASELINE="841"
                         HEIGHT="39"
                         WIDTH="597"
                         VPOS="802"
                         HPOS="348">
                  <String HEIGHT="39" WIDTH="77" VPOS="802" HPOS="337" CONTENT="pit"/>
                  <SP HEIGHT="39" WIDTH="11" VPOS="802" HPOS="414"/>
                  <String HEIGHT="39"
                          WIDTH="100"
                          VPOS="802"
                          HPOS="381"
                          CONTENT="magis"/>
                  <SP HEIGHT="39" WIDTH="11" VPOS="802" HPOS="481"/>
                  <String HEIGHT="39" WIDTH="66" VPOS="802" HPOS="447" CONTENT="et"/>
                  <SP HEIGHT="39" WIDTH="11" VPOS="802" HPOS="514"/>
                  <String HEIGHT="39"
                          WIDTH="100"
                          VPOS="802"
                          HPOS="481"
                          CONTENT="minus"/>
                  <SP HEIGHT="39" WIDTH="11" VPOS="802" HPOS="580"/>
                  <String HEIGHT="39" WIDTH="88" VPOS="802" HPOS="547" CONTENT="nisi"/>
                  <SP HEIGHT="39" WIDTH="11" VPOS="802" HPOS="635"/>
                  <String HEIGHT="39"
                          WIDTH="122"
                          VPOS="802"
                          HPOS="602"
                          CONTENT="propter"/>
                  <SP HEIGHT="39" WIDTH="11" VPOS="802" HPOS="724"/>
                  <String HEIGHT="39"
                          WIDTH="100"
                          VPOS="802"
                          HPOS="691"
                          CONTENT="maius"/>
                  <SP HEIGHT="39" WIDTH="11" VPOS="802" HPOS="790"/>
                  <String HEIGHT="39" WIDTH="66" VPOS="802" HPOS="757" CONTENT="et"/>
                  <SP HEIGHT="39" WIDTH="11" VPOS="802" HPOS="823"/>
                  <String HEIGHT="39"
                          WIDTH="100"
                          VPOS="802"
                          HPOS="790"
                          CONTENT="minus"/>
                  <SP HEIGHT="39" WIDTH="11" VPOS="802" HPOS="890"/>
                  <String HEIGHT="39" WIDTH="66" VPOS="802" HPOS="857" CONTENT="in"/>
                  <SP HEIGHT="39" WIDTH="11" VPOS="802" HPOS="923"/>
                  <String HEIGHT="39"
                          WIDTH="66"
                          VPOS="802"
                          HPOS="879"
                          CONTENT="fun"
                          SUBS_TYPE="HypPart1"
                          SUBS_CONTENT="fundamento"/>
                  <HYP CONTENT="-"/>
               </TextLine>
               <TextLine ID="r2l43"
                         BASELINE="862"
                         HEIGHT="30"
                         WIDTH="592"
                         VPOS="832"
                         HPOS="344">
                  <String HEIGHT="30"
                          WIDTH="121"
                          VPOS="832"
                          HPOS="333"
                          CONTENT="damento"
                          SUBS_TYPE="HypPart2"
                          SUBS_CONTENT="fundamento"/>
                  <SP HEIGHT="30" WIDTH="11" VPOS="832" HPOS="454"/>
                  <String HEIGHT="30" WIDTH="77" VPOS="832" HPOS="421" CONTENT="vel"/>
                  <SP HEIGHT="30" WIDTH="11" VPOS="832" HPOS="497"/>
                  <String HEIGHT="30" WIDTH="66" VPOS="832" HPOS="465" CONTENT="in"/>
                  <SP HEIGHT="30" WIDTH="11" VPOS="832" HPOS="530"/>
                  <String HEIGHT="30"
                          WIDTH="132"
                          VPOS="832"
                          HPOS="497"
                          CONTENT="termino."/>
                  <SP HEIGHT="30" WIDTH="11" VPOS="832" HPOS="629"/>
                  <String HEIGHT="30"
                          WIDTH="132"
                          VPOS="832"
                          HPOS="596"
                          CONTENT="probatur"/>
                  <SP HEIGHT="30" WIDTH="11" VPOS="832" HPOS="728"/>
                  <String HEIGHT="30"
                          WIDTH="143"
                          VPOS="832"
                          HPOS="695"
                          CONTENT="aliquando"/>
                  <SP HEIGHT="30" WIDTH="11" VPOS="832" HPOS="837"/>
                  <String HEIGHT="30"
                          WIDTH="99"
                          VPOS="832"
                          HPOS="804"
                          CONTENT="forma"/>
                  <SP HEIGHT="30" WIDTH="11" VPOS="832" HPOS="903"/>
                  <String HEIGHT="30"
                          WIDTH="77"
                          VPOS="832"
                          HPOS="859"
                          CONTENT="minus"/>
               </TextLine>
               <TextLine ID="r2l45"
                         BASELINE="894"
                         HEIGHT="33"
                         WIDTH="593"
                         VPOS="861"
                         HPOS="350">
                  <String HEIGHT="33"
                          WIDTH="137"
                          VPOS="861"
                          HPOS="339"
                          CONTENT="radicata"/>
                  <SP HEIGHT="33" WIDTH="11" VPOS="861" HPOS="475"/>
                  <String HEIGHT="33" WIDTH="68" VPOS="861" HPOS="441" CONTENT="in"/>
                  <SP HEIGHT="33" WIDTH="11" VPOS="861" HPOS="510"/>
                  <String HEIGHT="33"
                          WIDTH="137"
                          VPOS="861"
                          HPOS="475"
                          CONTENT="subiecto"/>
                  <SP HEIGHT="33" WIDTH="11" VPOS="861" HPOS="612"/>
                  <String HEIGHT="33" WIDTH="80" VPOS="861" HPOS="578" CONTENT="est"/>
                  <SP HEIGHT="33" WIDTH="11" VPOS="861" HPOS="658"/>
                  <String HEIGHT="33"
                          WIDTH="182"
                          VPOS="861"
                          HPOS="624"
                          CONTENT="intentensior"/>
                  <SP HEIGHT="33" WIDTH="11" VPOS="861" HPOS="806"/>
                  <String HEIGHT="33"
                          WIDTH="103"
                          VPOS="861"
                          HPOS="772"
                          CONTENT="sicut"/>
                  <SP HEIGHT="33" WIDTH="11" VPOS="861" HPOS="875"/>
                  <String HEIGHT="33"
                          WIDTH="103"
                          VPOS="861"
                          HPOS="840"
                          CONTENT="rubor"/>
                  <SP HEIGHT="33" WIDTH="11" VPOS="861" HPOS="943"/>
                  <String HEIGHT="33" WIDTH="46" VPOS="861" HPOS="897" CONTENT="ex"/>
               </TextLine>
               <TextLine ID="r2l47"
                         BASELINE="919"
                         HEIGHT="34"
                         WIDTH="593"
                         VPOS="885"
                         HPOS="349">
                  <String HEIGHT="34"
                          WIDTH="163"
                          VPOS="885"
                          HPOS="337"
                          CONTENT="verecundia"/>
                  <SP HEIGHT="34" WIDTH="12" VPOS="885" HPOS="500"/>
                  <String HEIGHT="34"
                          WIDTH="116"
                          VPOS="885"
                          HPOS="465"
                          CONTENT="rubore"/>
                  <SP HEIGHT="34" WIDTH="12" VPOS="885" HPOS="582"/>
                  <String HEIGHT="34" WIDTH="81" VPOS="885" HPOS="547" CONTENT="qui"/>
                  <SP HEIGHT="34" WIDTH="12" VPOS="885" HPOS="628"/>
                  <String HEIGHT="34" WIDTH="81" VPOS="885" HPOS="593" CONTENT="est"/>
                  <SP HEIGHT="34" WIDTH="12" VPOS="885" HPOS="675"/>
                  <String HEIGHT="34"
                          WIDTH="140"
                          VPOS="885"
                          HPOS="640"
                          CONTENT="qualitas"/>
                  <SP HEIGHT="34" WIDTH="12" VPOS="885" HPOS="779"/>
                  <String HEIGHT="34"
                          WIDTH="174"
                          VPOS="885"
                          HPOS="744"
                          CONTENT="passibilis."/>
                  <SP HEIGHT="34" WIDTH="12" VPOS="885" HPOS="919"/>
                  <String HEIGHT="34" WIDTH="70" VPOS="885" HPOS="872" CONTENT="Item"/>
               </TextLine>
               <TextLine ID="r2l49"
                         BASELINE="948"
                         HEIGHT="31"
                         WIDTH="593"
                         VPOS="917"
                         HPOS="342">
                  <String HEIGHT="31" WIDTH="65" VPOS="917" HPOS="331" CONTENT="de"/>
                  <SP HEIGHT="31" WIDTH="11" VPOS="917" HPOS="396"/>
                  <String HEIGHT="31" WIDTH="86" VPOS="917" HPOS="364" CONTENT="ista"/>
                  <SP HEIGHT="31" WIDTH="11" VPOS="917" HPOS="450"/>
                  <String HEIGHT="31"
                          WIDTH="108"
                          VPOS="917"
                          HPOS="417"
                          CONTENT="maiori"/>
                  <SP HEIGHT="31" WIDTH="11" VPOS="917" HPOS="525"/>
                  <String HEIGHT="31"
                          WIDTH="162"
                          VPOS="917"
                          HPOS="493"
                          CONTENT="radicatione"/>
                  <SP HEIGHT="31" WIDTH="11" VPOS="917" HPOS="655"/>
                  <String HEIGHT="31"
                          WIDTH="129"
                          VPOS="917"
                          HPOS="622"
                          CONTENT="queritur"/>
                  <SP HEIGHT="31" WIDTH="11" VPOS="917" HPOS="752"/>
                  <String HEIGHT="31" WIDTH="75" VPOS="917" HPOS="719" CONTENT="vel"/>
                  <SP HEIGHT="31" WIDTH="11" VPOS="917" HPOS="795"/>
                  <String HEIGHT="31" WIDTH="75" VPOS="917" HPOS="762" CONTENT="sit"/>
                  <SP HEIGHT="31" WIDTH="11" VPOS="917" HPOS="838"/>
                  <String HEIGHT="31" WIDTH="75" VPOS="917" HPOS="806" CONTENT="ita"/>
                  <SP HEIGHT="31" WIDTH="11" VPOS="917" HPOS="881"/>
                  <String HEIGHT="31" WIDTH="86" VPOS="917" HPOS="849" CONTENT="quod"/>
                  <SP HEIGHT="31" WIDTH="11" VPOS="917" HPOS="935"/>
                  <String HEIGHT="31" WIDTH="43" VPOS="917" HPOS="892" CONTENT="ac"/>
               </TextLine>
               <TextLine ID="r2l51"
                         BASELINE="976"
                         HEIGHT="32"
                         WIDTH="595"
                         VPOS="944"
                         HPOS="348">
                  <String HEIGHT="32"
                          WIDTH="117"
                          VPOS="944"
                          HPOS="336"
                          CONTENT="cidens"/>
                  <SP HEIGHT="32" WIDTH="12" VPOS="944" HPOS="453"/>
                  <String HEIGHT="32"
                          WIDTH="140"
                          VPOS="944"
                          HPOS="418"
                          CONTENT="attingit"/>
                  <SP HEIGHT="32" WIDTH="12" VPOS="944" HPOS="558"/>
                  <String HEIGHT="32" WIDTH="70" VPOS="944" HPOS="523" CONTENT="ad"/>
                  <SP HEIGHT="32" WIDTH="12" VPOS="944" HPOS="593"/>
                  <String HEIGHT="32"
                          WIDTH="128"
                          VPOS="944"
                          HPOS="558"
                          CONTENT="aliquas"/>
                  <SP HEIGHT="32" WIDTH="12" VPOS="944" HPOS="686"/>
                  <String HEIGHT="32"
                          WIDTH="117"
                          VPOS="944"
                          HPOS="651"
                          CONTENT="partes"/>
                  <SP HEIGHT="32" WIDTH="12" VPOS="944" HPOS="768"/>
                  <String HEIGHT="32"
                          WIDTH="140"
                          VPOS="944"
                          HPOS="733"
                          CONTENT="subiecti"/>
                  <SP HEIGHT="32" WIDTH="12" VPOS="944" HPOS="873"/>
                  <String HEIGHT="32" WIDTH="70" VPOS="944" HPOS="838" CONTENT="ad"/>
                  <SP HEIGHT="32" WIDTH="12" VPOS="944" HPOS="908"/>
                  <String HEIGHT="32"
                          WIDTH="82"
                          VPOS="944"
                          HPOS="861"
                          CONTENT="quaes"/>
               </TextLine>
               <TextLine ID="r2l52"
                         BASELINE="1006"
                         HEIGHT="37"
                         WIDTH="591"
                         VPOS="969"
                         HPOS="350">
                  <String HEIGHT="37" WIDTH="73" VPOS="969" HPOS="340" CONTENT="non"/>
                  <SP HEIGHT="37" WIDTH="10" VPOS="969" HPOS="412"/>
                  <String HEIGHT="37"
                          WIDTH="93"
                          VPOS="969"
                          HPOS="381"
                          CONTENT="prius"/>
                  <SP HEIGHT="37" WIDTH="10" VPOS="969" HPOS="474"/>
                  <String HEIGHT="37" WIDTH="62" VPOS="969" HPOS="443" CONTENT="et"/>
                  <SP HEIGHT="37" WIDTH="10" VPOS="969" HPOS="506"/>
                  <String HEIGHT="37" WIDTH="73" VPOS="969" HPOS="474" CONTENT="hoc"/>
                  <SP HEIGHT="37" WIDTH="10" VPOS="969" HPOS="547"/>
                  <String HEIGHT="37" WIDTH="83" VPOS="969" HPOS="516" CONTENT="non:"/>
                  <SP HEIGHT="37" WIDTH="10" VPOS="969" HPOS="599"/>
                  <String HEIGHT="37" WIDTH="83" VPOS="969" HPOS="568" CONTENT="quia"/>
                  <SP HEIGHT="37" WIDTH="10" VPOS="969" HPOS="651"/>
                  <String HEIGHT="37" WIDTH="83" VPOS="969" HPOS="620" CONTENT="tunc"/>
                  <SP HEIGHT="37" WIDTH="10" VPOS="969" HPOS="703"/>
                  <String HEIGHT="37"
                          WIDTH="166"
                          VPOS="969"
                          HPOS="671"
                          CONTENT="imperfectius"/>
                  <SP HEIGHT="37" WIDTH="10" VPOS="969" HPOS="837"/>
                  <String HEIGHT="37"
                          WIDTH="124"
                          VPOS="969"
                          HPOS="806"
                          CONTENT="informat"/>
                  <SP HEIGHT="37" WIDTH="10" VPOS="969" HPOS="931"/>
                  <String HEIGHT="37" WIDTH="52" VPOS="969" HPOS="889" CONTENT="pro"/>
               </TextLine>
               <TextLine ID="r2l54"
                         BASELINE="1037"
                         HEIGHT="33"
                         WIDTH="595"
                         VPOS="1004"
                         HPOS="344">
                  <String HEIGHT="33"
                          WIDTH="103"
                          VPOS="1004"
                          HPOS="331"
                          CONTENT="pter"/>
                  <SP HEIGHT="33" WIDTH="13" VPOS="1004" HPOS="435"/>
                  <String HEIGHT="33" WIDTH="91" VPOS="1004" HPOS="396" CONTENT="sui"/>
                  <SP HEIGHT="33" WIDTH="13" VPOS="1004" HPOS="486"/>
                  <String HEIGHT="33"
                          WIDTH="207"
                          VPOS="1004"
                          HPOS="447"
                          CONTENT="separationem"/>
                  <SP HEIGHT="33" WIDTH="13" VPOS="1004" HPOS="654"/>
                  <String HEIGHT="33" WIDTH="78" VPOS="1004" HPOS="616" CONTENT="et"/>
                  <SP HEIGHT="33" WIDTH="13" VPOS="1004" HPOS="693"/>
                  <String HEIGHT="33"
                          WIDTH="116"
                          VPOS="1004"
                          HPOS="654"
                          CONTENT="etiam"/>
                  <SP HEIGHT="33" WIDTH="13" VPOS="1004" HPOS="771"/>
                  <String HEIGHT="33" WIDTH="91" VPOS="1004" HPOS="732" CONTENT="non"/>
                  <SP HEIGHT="33" WIDTH="13" VPOS="1004" HPOS="823"/>
                  <String HEIGHT="33"
                          WIDTH="116"
                          VPOS="1004"
                          HPOS="784"
                          CONTENT="habet"/>
                  <SP HEIGHT="33" WIDTH="13" VPOS="1004" HPOS="900"/>
                  <String HEIGHT="33"
                          WIDTH="91"
                          VPOS="1004"
                          HPOS="848"
                          CONTENT="locum"/>
               </TextLine>
               <TextLine ID="r2l56"
                         BASELINE="1063"
                         HEIGHT="34"
                         WIDTH="582"
                         VPOS="1029"
                         HPOS="353">
                  <String HEIGHT="34" WIDTH="73" VPOS="1029" HPOS="343" CONTENT="vbi"/>
                  <SP HEIGHT="34" WIDTH="10" VPOS="1029" HPOS="415"/>
                  <String HEIGHT="34"
                          WIDTH="135"
                          VPOS="1029"
                          HPOS="384"
                          CONTENT="subiectum"/>
                  <SP HEIGHT="34" WIDTH="10" VPOS="1029" HPOS="519"/>
                  <String HEIGHT="34" WIDTH="73" VPOS="1029" HPOS="488" CONTENT="est"/>
                  <SP HEIGHT="34" WIDTH="10" VPOS="1029" HPOS="561"/>
                  <String HEIGHT="34"
                          WIDTH="166"
                          VPOS="1029"
                          HPOS="530"
                          CONTENT="indiuisibile"/>
                  <SP HEIGHT="34" WIDTH="10" VPOS="1029" HPOS="696"/>
                  <String HEIGHT="34"
                          WIDTH="104"
                          VPOS="1029"
                          HPOS="665"
                          CONTENT="sicut."/>
                  <SP HEIGHT="34" WIDTH="10" VPOS="1029" HPOS="769"/>
                  <String HEIGHT="34" WIDTH="62" VPOS="1029" HPOS="738" CONTENT="de"/>
                  <SP HEIGHT="34" WIDTH="10" VPOS="1029" HPOS="800"/>
                  <String HEIGHT="34"
                          WIDTH="94"
                          VPOS="1029"
                          HPOS="769"
                          CONTENT="anima"/>
                  <SP HEIGHT="34" WIDTH="10" VPOS="1029" HPOS="862"/>
                  <String HEIGHT="34" WIDTH="73" VPOS="1029" HPOS="831" CONTENT="vel"/>
                  <SP HEIGHT="34" WIDTH="10" VPOS="1029" HPOS="904"/>
                  <String HEIGHT="34" WIDTH="62" VPOS="1029" HPOS="873" CONTENT="de"/>
                  <SP HEIGHT="34" WIDTH="10" VPOS="1029" HPOS="935"/>
                  <String HEIGHT="34" WIDTH="42" VPOS="1029" HPOS="893" CONTENT="an"/>
               </TextLine>
               <TextLine ID="r2l58"
                         BASELINE="1090"
                         HEIGHT="35"
                         WIDTH="602"
                         VPOS="1055"
                         HPOS="346">
                  <String HEIGHT="35"
                          WIDTH="88"
                          VPOS="1055"
                          HPOS="335"
                          CONTENT="gelo"/>
                  <SP HEIGHT="35" WIDTH="11" VPOS="1055" HPOS="423"/>
                  <String HEIGHT="35" WIDTH="66" VPOS="1055" HPOS="390" CONTENT="et"/>
                  <SP HEIGHT="35" WIDTH="11" VPOS="1055" HPOS="455"/>
                  <String HEIGHT="35"
                          WIDTH="99"
                          VPOS="1055"
                          HPOS="423"
                          CONTENT="etiam"/>
                  <SP HEIGHT="35" WIDTH="11" VPOS="1055" HPOS="521"/>
                  <String HEIGHT="35"
                          WIDTH="88"
                          VPOS="1055"
                          HPOS="488"
                          CONTENT="tunc"/>
                  <SP HEIGHT="35" WIDTH="11" VPOS="1055" HPOS="576"/>
                  <String HEIGHT="35"
                          WIDTH="131"
                          VPOS="1055"
                          HPOS="543"
                          CONTENT="accidens"/>
                  <SP HEIGHT="35" WIDTH="11" VPOS="1055" HPOS="674"/>
                  <String HEIGHT="35"
                          WIDTH="131"
                          VPOS="1055"
                          HPOS="642"
                          CONTENT="migraret"/>
                  <SP HEIGHT="35" WIDTH="11" VPOS="1055" HPOS="773"/>
                  <String HEIGHT="35" WIDTH="66" VPOS="1055" HPOS="740" CONTENT="de"/>
                  <SP HEIGHT="35" WIDTH="11" VPOS="1055" HPOS="806"/>
                  <String HEIGHT="35"
                          WIDTH="131"
                          VPOS="1055"
                          HPOS="773"
                          CONTENT="subiecto"/>
                  <SP HEIGHT="35" WIDTH="11" VPOS="1055" HPOS="904"/>
                  <String HEIGHT="35" WIDTH="66" VPOS="1055" HPOS="871" CONTENT="in"/>
                  <SP HEIGHT="35" WIDTH="11" VPOS="1055" HPOS="937"/>
                  <String HEIGHT="35" WIDTH="55" VPOS="1055" HPOS="893" CONTENT="sub"/>
               </TextLine>
               <TextLine ID="r2l61"
                         BASELINE="1118"
                         HEIGHT="31"
                         WIDTH="594"
                         VPOS="1087"
                         HPOS="345">
                  <String HEIGHT="31"
                          WIDTH="104"
                          VPOS="1087"
                          HPOS="335"
                          CONTENT="iectum"/>
                  <SP HEIGHT="31" WIDTH="10" VPOS="1087" HPOS="439"/>
                  <String HEIGHT="31" WIDTH="73" VPOS="1087" HPOS="408" CONTENT="nec"/>
                  <SP HEIGHT="31" WIDTH="10" VPOS="1087" HPOS="480"/>
                  <String HEIGHT="31"
                          WIDTH="104"
                          VPOS="1087"
                          HPOS="449"
                          CONTENT="posset"/>
                  <SP HEIGHT="31" WIDTH="10" VPOS="1087" HPOS="553"/>
                  <String HEIGHT="31"
                          WIDTH="83"
                          VPOS="1087"
                          HPOS="522"
                          CONTENT="dici"/>
                  <SP HEIGHT="31" WIDTH="10" VPOS="1087" HPOS="606"/>
                  <String HEIGHT="31"
                          WIDTH="83"
                          VPOS="1087"
                          HPOS="574"
                          CONTENT="quod"/>
                  <SP HEIGHT="31" WIDTH="10" VPOS="1087" HPOS="658"/>
                  <String HEIGHT="31"
                          WIDTH="156"
                          VPOS="1087"
                          HPOS="626"
                          CONTENT="diuturnitas"/>
                  <SP HEIGHT="31" WIDTH="10" VPOS="1087" HPOS="783"/>
                  <String HEIGHT="31" WIDTH="73" VPOS="1087" HPOS="751" CONTENT="sit"/>
                  <SP HEIGHT="31" WIDTH="10" VPOS="1087" HPOS="824"/>
                  <String HEIGHT="31" WIDTH="63" VPOS="1087" HPOS="793" CONTENT="in"/>
                  <SP HEIGHT="31" WIDTH="10" VPOS="1087" HPOS="856"/>
                  <String HEIGHT="31"
                          WIDTH="94"
                          VPOS="1087"
                          HPOS="824"
                          CONTENT="causa"/>
                  <SP HEIGHT="31" WIDTH="10" VPOS="1087" HPOS="918"/>
                  <String HEIGHT="31"
                          WIDTH="63"
                          VPOS="1087"
                          HPOS="876"
                          CONTENT="quia"/>
               </TextLine>
               <TextLine ID="r2l63"
                         BASELINE="1146"
                         HEIGHT="31"
                         WIDTH="598"
                         VPOS="1115"
                         HPOS="341">
                  <String HEIGHT="31"
                          WIDTH="158"
                          VPOS="1115"
                          HPOS="330"
                          CONTENT="diuturnius"/>
                  <SP HEIGHT="31" WIDTH="11" VPOS="1115" HPOS="488"/>
                  <String HEIGHT="31"
                          WIDTH="90"
                          VPOS="1115"
                          HPOS="454"
                          CONTENT="alba"/>
                  <SP HEIGHT="31" WIDTH="11" VPOS="1115" HPOS="544"/>
                  <String HEIGHT="31" WIDTH="79" VPOS="1115" HPOS="510" CONTENT="non"/>
                  <SP HEIGHT="31" WIDTH="11" VPOS="1115" HPOS="589"/>
                  <String HEIGHT="31"
                          WIDTH="124"
                          VPOS="1115"
                          HPOS="555"
                          CONTENT="propter"/>
                  <SP HEIGHT="31" WIDTH="11" VPOS="1115" HPOS="679"/>
                  <String HEIGHT="31" WIDTH="79" VPOS="1115" HPOS="646" CONTENT="hoc"/>
                  <SP HEIGHT="31" WIDTH="11" VPOS="1115" HPOS="725"/>
                  <String HEIGHT="31"
                          WIDTH="90"
                          VPOS="1115"
                          HPOS="691"
                          CONTENT="sunt"/>
                  <SP HEIGHT="31" WIDTH="11" VPOS="1115" HPOS="781"/>
                  <String HEIGHT="31"
                          WIDTH="135"
                          VPOS="1115"
                          HPOS="747"
                          CONTENT="albiora."/>
                  <SP HEIGHT="31" WIDTH="11" VPOS="1115" HPOS="883"/>
                  <String HEIGHT="31"
                          WIDTH="102"
                          VPOS="1115"
                          HPOS="837"
                          CONTENT="Diceres"/>
               </TextLine>
               <TextLine ID="r2l64"
                         BASELINE="1175"
                         HEIGHT="36"
                         WIDTH="598"
                         VPOS="1139"
                         HPOS="345">
                  <String HEIGHT="36"
                          WIDTH="111"
                          VPOS="1139"
                          HPOS="334"
                          CONTENT="aliqua"/>
                  <SP HEIGHT="36" WIDTH="11" VPOS="1139" HPOS="445"/>
                  <String HEIGHT="36"
                          WIDTH="111"
                          VPOS="1139"
                          HPOS="411"
                          CONTENT="macula"/>
                  <SP HEIGHT="36" WIDTH="11" VPOS="1139" HPOS="522"/>
                  <String HEIGHT="36" WIDTH="66" VPOS="1139" HPOS="489" CONTENT="in"/>
                  <SP HEIGHT="36" WIDTH="11" VPOS="1139" HPOS="555"/>
                  <String HEIGHT="36"
                          WIDTH="144"
                          VPOS="1139"
                          HPOS="522"
                          CONTENT="principio"/>
                  <SP HEIGHT="36" WIDTH="11" VPOS="1139" HPOS="666"/>
                  <String HEIGHT="36"
                          WIDTH="122"
                          VPOS="1139"
                          HPOS="633"
                          CONTENT="leuitur"/>
                  <SP HEIGHT="36" WIDTH="11" VPOS="1139" HPOS="755"/>
                  <String HEIGHT="36"
                          WIDTH="166"
                          VPOS="1139"
                          HPOS="722"
                          CONTENT="remouibilis"/>
                  <SP HEIGHT="36" WIDTH="11" VPOS="1139" HPOS="888"/>
                  <String HEIGHT="36" WIDTH="66" VPOS="1139" HPOS="854" CONTENT="oe"/>
                  <SP HEIGHT="36" WIDTH="11" VPOS="1139" HPOS="921"/>
                  <String HEIGHT="36"
                          WIDTH="66"
                          VPOS="1139"
                          HPOS="877"
                          CONTENT="pant"/>
               </TextLine>
               <TextLine ID="r2l66"
                         BASELINE="1204"
                         HEIGHT="33"
                         WIDTH="590"
                         VPOS="1171"
                         HPOS="349">
                  <String HEIGHT="33" WIDTH="62" VPOS="1171" HPOS="339" CONTENT="no"/>
                  <SP HEIGHT="33" WIDTH="10" VPOS="1171" HPOS="401"/>
                  <String HEIGHT="33" WIDTH="62" VPOS="1171" HPOS="370" CONTENT="si"/>
                  <SP HEIGHT="33" WIDTH="10" VPOS="1171" HPOS="432"/>
                  <String HEIGHT="33" WIDTH="72" VPOS="1171" HPOS="401" CONTENT="diu"/>
                  <SP HEIGHT="33" WIDTH="10" VPOS="1171" HPOS="473"/>
                  <String HEIGHT="33"
                          WIDTH="124"
                          VPOS="1171"
                          HPOS="442"
                          CONTENT="permanet"/>
                  <SP HEIGHT="33" WIDTH="10" VPOS="1171" HPOS="566"/>
                  <String HEIGHT="33" WIDTH="62" VPOS="1171" HPOS="535" CONTENT="et"/>
                  <SP HEIGHT="33" WIDTH="10" VPOS="1171" HPOS="597"/>
                  <String HEIGHT="33"
                          WIDTH="135"
                          VPOS="1171"
                          HPOS="566"
                          CONTENT="radicetur"/>
                  <SP HEIGHT="33" WIDTH="10" VPOS="1171" HPOS="701"/>
                  <String HEIGHT="33" WIDTH="72" VPOS="1171" HPOS="670" CONTENT="vix"/>
                  <SP HEIGHT="33" WIDTH="10" VPOS="1171" HPOS="742"/>
                  <String HEIGHT="33"
                          WIDTH="104"
                          VPOS="1171"
                          HPOS="711"
                          CONTENT="potest"/>
                  <SP HEIGHT="33" WIDTH="10" VPOS="1171" HPOS="815"/>
                  <String HEIGHT="33"
                          WIDTH="135"
                          VPOS="1171"
                          HPOS="784"
                          CONTENT="remoueri."/>
                  <SP HEIGHT="33" WIDTH="10" VPOS="1171" HPOS="918"/>
                  <String HEIGHT="33"
                          WIDTH="62"
                          VPOS="1171"
                          HPOS="877"
                          CONTENT="Item"/>
               </TextLine>
               <TextLine ID="r2l68"
                         BASELINE="1230"
                         HEIGHT="31"
                         WIDTH="593"
                         VPOS="1199"
                         HPOS="346">
                  <String HEIGHT="31"
                          WIDTH="114"
                          VPOS="1199"
                          HPOS="335"
                          CONTENT="aliqua"/>
                  <SP HEIGHT="31" WIDTH="11" VPOS="1199" HPOS="449"/>
                  <String HEIGHT="31"
                          WIDTH="103"
                          VPOS="1199"
                          HPOS="414"
                          CONTENT="sicut"/>
                  <SP HEIGHT="31" WIDTH="11" VPOS="1199" HPOS="517"/>
                  <String HEIGHT="31"
                          WIDTH="91"
                          VPOS="1199"
                          HPOS="483"
                          CONTENT="pani"/>
                  <SP HEIGHT="31" WIDTH="11" VPOS="1199" HPOS="574"/>
                  <String HEIGHT="31"
                          WIDTH="103"
                          VPOS="1199"
                          HPOS="540"
                          CONTENT="linei"/>
                  <SP HEIGHT="31" WIDTH="11" VPOS="1199" HPOS="643"/>
                  <String HEIGHT="31"
                          WIDTH="91"
                          VPOS="1199"
                          HPOS="608"
                          CONTENT="etc."/>
                  <SP HEIGHT="31" WIDTH="11" VPOS="1199" HPOS="700"/>
                  <String HEIGHT="31"
                          WIDTH="125"
                          VPOS="1199"
                          HPOS="665"
                          CONTENT="pauiati"/>
                  <SP HEIGHT="31" WIDTH="11" VPOS="1199" HPOS="791"/>
                  <String HEIGHT="31"
                          WIDTH="148"
                          VPOS="1199"
                          HPOS="757"
                          CONTENT="albescunt"/>
                  <SP HEIGHT="31" WIDTH="11" VPOS="1199" HPOS="905"/>
                  <String HEIGHT="31"
                          WIDTH="80"
                          VPOS="1199"
                          HPOS="859"
                          CONTENT="nulla"/>
               </TextLine>
               <TextLine ID="r2l70"
                         BASELINE="1258"
                         HEIGHT="36"
                         WIDTH="602"
                         VPOS="1222"
                         HPOS="345">
                  <String HEIGHT="36"
                          WIDTH="122"
                          VPOS="1222"
                          HPOS="335"
                          CONTENT="impressa"/>
                  <SP HEIGHT="36" WIDTH="10" VPOS="1222" HPOS="457"/>
                  <String HEIGHT="36" WIDTH="61" VPOS="1222" HPOS="427" CONTENT="in"/>
                  <SP HEIGHT="36" WIDTH="10" VPOS="1222" HPOS="488"/>
                  <String HEIGHT="36" WIDTH="71" VPOS="1222" HPOS="457" CONTENT="eis"/>
                  <SP HEIGHT="36" WIDTH="10" VPOS="1222" HPOS="529"/>
                  <String HEIGHT="36"
                          WIDTH="133"
                          VPOS="1222"
                          HPOS="498"
                          CONTENT="albedine."/>
                  <SP HEIGHT="36" WIDTH="10" VPOS="1222" HPOS="631"/>
                  <String HEIGHT="36" WIDTH="51" VPOS="1222" HPOS="600" CONTENT="â‹"/>
                  <SP HEIGHT="36" WIDTH="10" VPOS="1222" HPOS="651"/>
                  <String HEIGHT="36" WIDTH="61" VPOS="1222" HPOS="620" CONTENT="Ad"/>
                  <SP HEIGHT="36" WIDTH="10" VPOS="1222" HPOS="682"/>
                  <String HEIGHT="36"
                          WIDTH="102"
                          VPOS="1222"
                          HPOS="651"
                          CONTENT="primum"/>
                  <SP HEIGHT="36" WIDTH="10" VPOS="1222" HPOS="753"/>
                  <String HEIGHT="36"
                          WIDTH="112"
                          VPOS="1222"
                          HPOS="723"
                          CONTENT="dicitur"/>
                  <SP HEIGHT="36" WIDTH="10" VPOS="1222" HPOS="835"/>
                  <String HEIGHT="36"
                          WIDTH="82"
                          VPOS="1222"
                          HPOS="804"
                          CONTENT="quod"/>
                  <SP HEIGHT="36" WIDTH="10" VPOS="1222" HPOS="886"/>
                  <String HEIGHT="36" WIDTH="71" VPOS="1222" HPOS="855" CONTENT="ibi"/>
                  <SP HEIGHT="36" WIDTH="10" VPOS="1222" HPOS="927"/>
                  <String HEIGHT="36"
                          WIDTH="61"
                          VPOS="1222"
                          HPOS="886"
                          CONTENT="rea"
                          SUBS_TYPE="HypPart1"
                          SUBS_CONTENT="realiter"/>
                  <HYP CONTENT="-"/>
               </TextLine>
               <TextLine ID="r2l72"
                         BASELINE="1288"
                         HEIGHT="36"
                         WIDTH="597"
                         VPOS="1252"
                         HPOS="348">
                  <String HEIGHT="36"
                          WIDTH="101"
                          VPOS="1252"
                          HPOS="337"
                          CONTENT="liter"
                          SUBS_TYPE="HypPart2"
                          SUBS_CONTENT="realiter"/>
                  <SP HEIGHT="36" WIDTH="11" VPOS="1252" HPOS="438"/>
                  <String HEIGHT="36" WIDTH="79" VPOS="1252" HPOS="404" CONTENT="est"/>
                  <SP HEIGHT="36" WIDTH="11" VPOS="1252" HPOS="483"/>
                  <String HEIGHT="36"
                          WIDTH="146"
                          VPOS="1252"
                          HPOS="449"
                          CONTENT="commixtio"/>
                  <SP HEIGHT="36" WIDTH="11" VPOS="1252" HPOS="596"/>
                  <String HEIGHT="36"
                          WIDTH="135"
                          VPOS="1252"
                          HPOS="562"
                          CONTENT="corporum"/>
                  <SP HEIGHT="36" WIDTH="11" VPOS="1252" HPOS="697"/>
                  <String HEIGHT="36"
                          WIDTH="101"
                          VPOS="1252"
                          HPOS="663"
                          CONTENT="inter"/>
                  <SP HEIGHT="36" WIDTH="11" VPOS="1252" HPOS="765"/>
                  <String HEIGHT="36" WIDTH="68" VPOS="1252" HPOS="731" CONTENT="se"/>
                  <SP HEIGHT="36" WIDTH="11" VPOS="1252" HPOS="799"/>
                  <String HEIGHT="36"
                          WIDTH="191"
                          VPOS="1252"
                          HPOS="754"
                          CONTENT="transmutabilium"/>
               </TextLine>
               <TextLine ID="r2l74"
                         BASELINE="1316"
                         HEIGHT="31"
                         WIDTH="592"
                         VPOS="1285"
                         HPOS="349">
                  <String HEIGHT="31" WIDTH="56" VPOS="1285" HPOS="340" CONTENT="et"/>
                  <SP HEIGHT="31" WIDTH="9" VPOS="1285" HPOS="396"/>
                  <String HEIGHT="31" WIDTH="66" VPOS="1285" HPOS="368" CONTENT="non"/>
                  <SP HEIGHT="31" WIDTH="9" VPOS="1285" HPOS="434"/>
                  <String HEIGHT="31"
                          WIDTH="85"
                          VPOS="1285"
                          HPOS="405"
                          CONTENT="solum"/>
                  <SP HEIGHT="31" WIDTH="9" VPOS="1285" HPOS="490"/>
                  <String HEIGHT="31"
                          WIDTH="150"
                          VPOS="1285"
                          HPOS="462"
                          CONTENT="accidentium."/>
                  <SP HEIGHT="31" WIDTH="9" VPOS="1285" HPOS="612"/>
                  <String HEIGHT="31" WIDTH="47" VPOS="1285" HPOS="584" CONTENT="â‹"/>
                  <SP HEIGHT="31" WIDTH="9" VPOS="1285" HPOS="631"/>
                  <String HEIGHT="31" WIDTH="56" VPOS="1285" HPOS="603" CONTENT="Ad"/>
                  <SP HEIGHT="31" WIDTH="9" VPOS="1285" HPOS="659"/>
                  <String HEIGHT="31"
                          WIDTH="113"
                          VPOS="1285"
                          HPOS="631"
                          CONTENT="secundum"/>
                  <SP HEIGHT="31" WIDTH="9" VPOS="1285" HPOS="744"/>
                  <String HEIGHT="31"
                          WIDTH="103"
                          VPOS="1285"
                          HPOS="715"
                          CONTENT="dicitur"/>
                  <SP HEIGHT="31" WIDTH="9" VPOS="1285" HPOS="819"/>
                  <String HEIGHT="31"
                          WIDTH="75"
                          VPOS="1285"
                          HPOS="791"
                          CONTENT="quod"/>
                  <SP HEIGHT="31" WIDTH="9" VPOS="1285" HPOS="866"/>
                  <String HEIGHT="31" WIDTH="66" VPOS="1285" HPOS="838" CONTENT="ibi"/>
                  <SP HEIGHT="31" WIDTH="9" VPOS="1285" HPOS="903"/>
                  <String HEIGHT="31"
                          WIDTH="75"
                          VPOS="1285"
                          HPOS="866"
                          CONTENT="extra"
                          SUBS_TYPE="HypPart1"
                          SUBS_CONTENT="extrahitur"/>
                  <HYP CONTENT="-"/>
               </TextLine>
               <TextLine ID="r2l76"
                         BASELINE="1345"
                         HEIGHT="37"
                         WIDTH="593"
                         VPOS="1308"
                         HPOS="351">
                  <String HEIGHT="37"
                          WIDTH="101"
                          VPOS="1308"
                          HPOS="340"
                          CONTENT="hitur"
                          SUBS_TYPE="HypPart2"
                          SUBS_CONTENT="extrahitur"/>
                  <SP HEIGHT="37" WIDTH="11" VPOS="1308" HPOS="441"/>
                  <String HEIGHT="37"
                          WIDTH="101"
                          VPOS="1308"
                          HPOS="407"
                          CONTENT="humor"/>
                  <SP HEIGHT="37" WIDTH="11" VPOS="1308" HPOS="508"/>
                  <String HEIGHT="37"
                          WIDTH="123"
                          VPOS="1308"
                          HPOS="474"
                          CONTENT="grossus"/>
                  <SP HEIGHT="37" WIDTH="11" VPOS="1308" HPOS="597"/>
                  <String HEIGHT="37" WIDTH="67" VPOS="1308" HPOS="564" CONTENT="et"/>
                  <SP HEIGHT="37" WIDTH="11" VPOS="1308" HPOS="631"/>
                  <String HEIGHT="37" WIDTH="78" VPOS="1308" HPOS="597" CONTENT="cum"/>
                  <SP HEIGHT="37" WIDTH="11" VPOS="1308" HPOS="675"/>
                  <String HEIGHT="37" WIDTH="78" VPOS="1308" HPOS="642" CONTENT="hoc"/>
                  <SP HEIGHT="37" WIDTH="11" VPOS="1308" HPOS="720"/>
                  <String HEIGHT="37"
                          WIDTH="134"
                          VPOS="1308"
                          HPOS="687"
                          CONTENT="realiter"/>
                  <SP HEIGHT="37" WIDTH="11" VPOS="1308" HPOS="821"/>
                  <String HEIGHT="37"
                          WIDTH="145"
                          VPOS="1308"
                          HPOS="787"
                          CONTENT="generatur"/>
                  <SP HEIGHT="37" WIDTH="11" VPOS="1308" HPOS="933"/>
                  <String HEIGHT="37" WIDTH="56" VPOS="1308" HPOS="888" CONTENT="ibi"/>
               </TextLine>
               <TextLine ID="r2l78"
                         BASELINE="1373"
                         HEIGHT="31"
                         WIDTH="586"
                         VPOS="1342"
                         HPOS="351">
                  <String HEIGHT="31"
                          WIDTH="113"
                          VPOS="1342"
                          HPOS="340"
                          CONTENT="albedo"/>
                  <SP HEIGHT="31" WIDTH="11" VPOS="1342" HPOS="452"/>
                  <String HEIGHT="31" WIDTH="79" VPOS="1342" HPOS="419" CONTENT="per"/>
                  <SP HEIGHT="31" WIDTH="11" VPOS="1342" HPOS="498"/>
                  <String HEIGHT="31"
                          WIDTH="135"
                          VPOS="1342"
                          HPOS="464"
                          CONTENT="actionem"/>
                  <SP HEIGHT="31" WIDTH="11" VPOS="1342" HPOS="599"/>
                  <String HEIGHT="31"
                          WIDTH="101"
                          VPOS="1342"
                          HPOS="565"
                          CONTENT="solis"/>
                  <SP HEIGHT="31" WIDTH="11" VPOS="1342" HPOS="667"/>
                  <String HEIGHT="31"
                          WIDTH="90"
                          VPOS="1342"
                          HPOS="633"
                          CONTENT="etc."/>
                  <SP HEIGHT="31" WIDTH="11" VPOS="1342" HPOS="723"/>
                  <String HEIGHT="31" WIDTH="56" VPOS="1342" HPOS="689" CONTENT="â‹"/>
                  <SP HEIGHT="31" WIDTH="11" VPOS="1342" HPOS="745"/>
                  <String HEIGHT="31"
                          WIDTH="113"
                          VPOS="1342"
                          HPOS="712"
                          CONTENT="Quarta"/>
                  <SP HEIGHT="31" WIDTH="11" VPOS="1342" HPOS="824"/>
                  <String HEIGHT="31"
                          WIDTH="101"
                          VPOS="1342"
                          HPOS="791"
                          CONTENT="ratio"/>
                  <SP HEIGHT="31" WIDTH="11" VPOS="1342" HPOS="892"/>
                  <String HEIGHT="31"
                          WIDTH="90"
                          VPOS="1342"
                          HPOS="847"
                          CONTENT="princi"/>
               </TextLine>
               <TextLine ID="r2l80"
                         BASELINE="1404"
                         HEIGHT="35"
                         WIDTH="590"
                         VPOS="1369"
                         HPOS="346">
                  <String HEIGHT="35"
                          WIDTH="92"
                          VPOS="1369"
                          HPOS="336"
                          CONTENT="palis"/>
                  <SP HEIGHT="35" WIDTH="10" VPOS="1369" HPOS="427"/>
                  <String HEIGHT="35" WIDTH="71" VPOS="1369" HPOS="397" CONTENT="sit"/>
                  <SP HEIGHT="35" WIDTH="10" VPOS="1369" HPOS="468"/>
                  <String HEIGHT="35"
                          WIDTH="81"
                          VPOS="1369"
                          HPOS="438"
                          CONTENT="ista"/>
                  <SP HEIGHT="35" WIDTH="10" VPOS="1369" HPOS="519"/>
                  <String HEIGHT="35"
                          WIDTH="81"
                          VPOS="1369"
                          HPOS="488"
                          CONTENT="sco."/>
                  <SP HEIGHT="35" WIDTH="10" VPOS="1369" HPOS="570"/>
                  <String HEIGHT="35" WIDTH="61" VPOS="1369" HPOS="539" CONTENT="ad"/>
                  <SP HEIGHT="35" WIDTH="10" VPOS="1369" HPOS="600"/>
                  <String HEIGHT="35"
                          WIDTH="153"
                          VPOS="1369"
                          HPOS="570"
                          CONTENT="principale."/>
                  <SP HEIGHT="35" WIDTH="10" VPOS="1369" HPOS="722"/>
                  <String HEIGHT="35" WIDTH="61" VPOS="1369" HPOS="692" CONTENT="q."/>
                  <SP HEIGHT="35" WIDTH="10" VPOS="1369" HPOS="753"/>
                  <String HEIGHT="35" WIDTH="51" VPOS="1369" HPOS="722" CONTENT="6"/>
                  <SP HEIGHT="35" WIDTH="10" VPOS="1369" HPOS="773"/>
                  <String HEIGHT="35"
                          WIDTH="81"
                          VPOS="1369"
                          HPOS="743"
                          CONTENT="quia"/>
                  <SP HEIGHT="35" WIDTH="10" VPOS="1369" HPOS="824"/>
                  <String HEIGHT="35"
                          WIDTH="81"
                          VPOS="1369"
                          HPOS="794"
                          CONTENT="tunc"/>
                  <SP HEIGHT="35" WIDTH="10" VPOS="1369" HPOS="875"/>
                  <String HEIGHT="35"
                          WIDTH="102"
                          VPOS="1369"
                          HPOS="834"
                          CONTENT="charitas"/>
               </TextLine>
               <TextLine ID="r2l82"
                         BASELINE="1430"
                         HEIGHT="37"
                         WIDTH="602"
                         VPOS="1393"
                         HPOS="341">
                  <String HEIGHT="37"
                          WIDTH="169"
                          VPOS="1393"
                          HPOS="329"
                          CONTENT="cuiuslibet"/>
                  <SP HEIGHT="37" WIDTH="12" VPOS="1393" HPOS="498"/>
                  <String HEIGHT="37"
                          WIDTH="108"
                          VPOS="1393"
                          HPOS="461"
                          CONTENT="beati"/>
                  <SP HEIGHT="37" WIDTH="12" VPOS="1393" HPOS="570"/>
                  <String HEIGHT="37"
                          WIDTH="108"
                          VPOS="1393"
                          HPOS="534"
                          CONTENT="esset"/>
                  <SP HEIGHT="37" WIDTH="12" VPOS="1393" HPOS="642"/>
                  <String HEIGHT="37"
                          WIDTH="132"
                          VPOS="1393"
                          HPOS="606"
                          CONTENT="equalis"/>
                  <SP HEIGHT="37" WIDTH="12" VPOS="1393" HPOS="738"/>
                  <String HEIGHT="37" WIDTH="60" VPOS="1393" HPOS="702" CONTENT="i"/>
                  <SP HEIGHT="37" WIDTH="12" VPOS="1393" HPOS="762"/>
                  <String HEIGHT="37"
                          WIDTH="120"
                          VPOS="1393"
                          HPOS="726"
                          CONTENT="natura"/>
                  <SP HEIGHT="37" WIDTH="12" VPOS="1393" HPOS="847"/>
                  <String HEIGHT="37"
                          WIDTH="144"
                          VPOS="1393"
                          HPOS="799"
                          CONTENT="charitatis"/>
               </TextLine>
               <TextLine ID="r2l84"
                         BASELINE="1457"
                         HEIGHT="31"
                         WIDTH="599"
                         VPOS="1426"
                         HPOS="340">
                  <String HEIGHT="31"
                          WIDTH="128"
                          VPOS="1426"
                          HPOS="330"
                          CONTENT="charitati"/>
                  <SP HEIGHT="31" WIDTH="10" VPOS="1426" HPOS="458"/>
                  <String HEIGHT="31"
                          WIDTH="108"
                          VPOS="1426"
                          HPOS="428"
                          CONTENT="Christi"/>
                  <SP HEIGHT="31" WIDTH="10" VPOS="1426" HPOS="536"/>
                  <String HEIGHT="31" WIDTH="59" VPOS="1426" HPOS="507" CONTENT="et"/>
                  <SP HEIGHT="31" WIDTH="10" VPOS="1426" HPOS="566"/>
                  <String HEIGHT="31"
                          WIDTH="118"
                          VPOS="1426"
                          HPOS="536"
                          CONTENT="secundum"/>
                  <SP HEIGHT="31" WIDTH="10" VPOS="1426" HPOS="654"/>
                  <String HEIGHT="31"
                          WIDTH="108"
                          VPOS="1426"
                          HPOS="625"
                          CONTENT="autinus"/>
                  <SP HEIGHT="31" WIDTH="10" VPOS="1426" HPOS="733"/>
                  <String HEIGHT="31" WIDTH="49" VPOS="1426" HPOS="703" CONTENT="6"/>
                  <SP HEIGHT="31" WIDTH="10" VPOS="1426" HPOS="752"/>
                  <String HEIGHT="31" WIDTH="59" VPOS="1426" HPOS="723" CONTENT="de"/>
                  <SP HEIGHT="31" WIDTH="10" VPOS="1426" HPOS="782"/>
                  <String HEIGHT="31"
                          WIDTH="79"
                          VPOS="1426"
                          HPOS="752"
                          CONTENT="tri."/>
                  <SP HEIGHT="31" WIDTH="10" VPOS="1426" HPOS="831"/>
                  <String HEIGHT="31" WIDTH="59" VPOS="1426" HPOS="802" CONTENT="ca"/>
                  <SP HEIGHT="31" WIDTH="10" VPOS="1426" HPOS="860"/>
                  <String HEIGHT="31" WIDTH="49" VPOS="1426" HPOS="831" CONTENT="7"/>
                  <SP HEIGHT="31" WIDTH="10" VPOS="1426" HPOS="880"/>
                  <String HEIGHT="31" WIDTH="59" VPOS="1426" HPOS="851" CONTENT="in"/>
                  <SP HEIGHT="31" WIDTH="10" VPOS="1426" HPOS="910"/>
                  <String HEIGHT="31"
                          WIDTH="69"
                          VPOS="1426"
                          HPOS="870"
                          CONTENT="rebus"/>
               </TextLine>
               <TextLine ID="r2l86"
                         BASELINE="1488"
                         HEIGHT="36"
                         WIDTH="600"
                         VPOS="1452"
                         HPOS="341">
                  <String HEIGHT="36"
                          WIDTH="160"
                          VPOS="1452"
                          HPOS="331"
                          CONTENT="incorporeis."/>
                  <SP HEIGHT="36" WIDTH="10" VPOS="1452" HPOS="491"/>
                  <String HEIGHT="36"
                          WIDTH="80"
                          VPOS="1452"
                          HPOS="461"
                          CONTENT="idem"/>
                  <SP HEIGHT="36" WIDTH="10" VPOS="1452" HPOS="541"/>
                  <String HEIGHT="36" WIDTH="70" VPOS="1452" HPOS="511" CONTENT="est"/>
                  <SP HEIGHT="36" WIDTH="10" VPOS="1452" HPOS="581"/>
                  <String HEIGHT="36"
                          WIDTH="90"
                          VPOS="1452"
                          HPOS="551"
                          CONTENT="magis"/>
                  <SP HEIGHT="36" WIDTH="10" VPOS="1452" HPOS="641"/>
                  <String HEIGHT="36"
                          WIDTH="80"
                          VPOS="1452"
                          HPOS="611"
                          CONTENT="esse"/>
                  <SP HEIGHT="36" WIDTH="10" VPOS="1452" HPOS="691"/>
                  <String HEIGHT="36"
                          WIDTH="80"
                          VPOS="1452"
                          HPOS="661"
                          CONTENT="quod"/>
                  <SP HEIGHT="36" WIDTH="10" VPOS="1452" HPOS="741"/>
                  <String HEIGHT="36"
                          WIDTH="100"
                          VPOS="1452"
                          HPOS="711"
                          CONTENT="melius"/>
                  <SP HEIGHT="36" WIDTH="10" VPOS="1452" HPOS="811"/>
                  <String HEIGHT="36"
                          WIDTH="100"
                          VPOS="1452"
                          HPOS="781"
                          CONTENT="igitur"/>
                  <SP HEIGHT="36" WIDTH="10" VPOS="1452" HPOS="881"/>
                  <String HEIGHT="36"
                          WIDTH="100"
                          VPOS="1452"
                          HPOS="841"
                          CONTENT="charitas"/>
               </TextLine>
               <TextLine ID="r2l89"
                         BASELINE="1514"
                         HEIGHT="31"
                         WIDTH="599"
                         VPOS="1483"
                         HPOS="344">
                  <String HEIGHT="31"
                          WIDTH="145"
                          VPOS="1483"
                          HPOS="334"
                          CONTENT="cuiuslibet"/>
                  <SP HEIGHT="31" WIDTH="10" VPOS="1483" HPOS="478"/>
                  <String HEIGHT="31"
                          WIDTH="93"
                          VPOS="1483"
                          HPOS="447"
                          CONTENT="beati"/>
                  <SP HEIGHT="31" WIDTH="10" VPOS="1483" HPOS="540"/>
                  <String HEIGHT="31"
                          WIDTH="93"
                          VPOS="1483"
                          HPOS="509"
                          CONTENT="esset"/>
                  <SP HEIGHT="31" WIDTH="10" VPOS="1483" HPOS="602"/>
                  <String HEIGHT="31"
                          WIDTH="114"
                          VPOS="1483"
                          HPOS="571"
                          CONTENT="equalis"/>
                  <SP HEIGHT="31" WIDTH="10" VPOS="1483" HPOS="685"/>
                  <String HEIGHT="31"
                          WIDTH="134"
                          VPOS="1483"
                          HPOS="654"
                          CONTENT="charitati"/>
                  <SP HEIGHT="31" WIDTH="10" VPOS="1483" HPOS="788"/>
                  <String HEIGHT="31"
                          WIDTH="93"
                          VPOS="1483"
                          HPOS="757"
                          CONTENT="anime"/>
                  <SP HEIGHT="31" WIDTH="10" VPOS="1483" HPOS="850"/>
                  <String HEIGHT="31"
                          WIDTH="114"
                          VPOS="1483"
                          HPOS="819"
                          CONTENT="Christi"/>
                  <SP HEIGHT="31" WIDTH="10" VPOS="1483" HPOS="933"/>
                  <String HEIGHT="31" WIDTH="62" VPOS="1483" HPOS="902" CONTENT="in"/>
                  <SP HEIGHT="31" WIDTH="10" VPOS="1483" HPOS="964"/>
                  <String HEIGHT="31" WIDTH="21" VPOS="1483" HPOS="922" CONTENT=""/>
               </TextLine>
               <TextLine ID="r2l90"
                         BASELINE="1541"
                         HEIGHT="34"
                         WIDTH="594"
                         VPOS="1507"
                         HPOS="341">
                  <String HEIGHT="34"
                          WIDTH="137"
                          VPOS="1507"
                          HPOS="330"
                          CONTENT="bonitate"/>
                  <SP HEIGHT="34" WIDTH="11" VPOS="1507" HPOS="467"/>
                  <String HEIGHT="34"
                          WIDTH="160"
                          VPOS="1507"
                          HPOS="432"
                          CONTENT="essentiali"/>
                  <SP HEIGHT="34" WIDTH="11" VPOS="1507" HPOS="592"/>
                  <String HEIGHT="34" WIDTH="69" VPOS="1507" HPOS="558" CONTENT="et"/>
                  <SP HEIGHT="34" WIDTH="11" VPOS="1507" HPOS="627"/>
                  <String HEIGHT="34"
                          WIDTH="91"
                          VPOS="1507"
                          HPOS="592"
                          CONTENT="eque"/>
                  <SP HEIGHT="34" WIDTH="11" VPOS="1507" HPOS="684"/>
                  <String HEIGHT="34"
                          WIDTH="91"
                          VPOS="1507"
                          HPOS="649"
                          CONTENT="bona"/>
                  <SP HEIGHT="34" WIDTH="11" VPOS="1507" HPOS="741"/>
                  <String HEIGHT="34"
                          WIDTH="103"
                          VPOS="1507"
                          HPOS="707"
                          CONTENT="sicut"/>
                  <SP HEIGHT="34" WIDTH="11" VPOS="1507" HPOS="809"/>
                  <String HEIGHT="34"
                          WIDTH="91"
                          VPOS="1507"
                          HPOS="775"
                          CONTENT="ista"/>
                  <SP HEIGHT="34" WIDTH="11" VPOS="1507" HPOS="866"/>
                  <String HEIGHT="34"
                          WIDTH="114"
                          VPOS="1507"
                          HPOS="821"
                          CONTENT="secundum"/>
               </TextLine>
               <TextLine ID="r2l92"
                         BASELINE="1569"
                         HEIGHT="34"
                         WIDTH="594"
                         VPOS="1535"
                         HPOS="345">
                  <String HEIGHT="34" WIDTH="74" VPOS="1535" HPOS="333" CONTENT="se"/>
                  <SP HEIGHT="34" WIDTH="12" VPOS="1535" HPOS="407"/>
                  <String HEIGHT="34"
                          WIDTH="99"
                          VPOS="1535"
                          HPOS="370"
                          CONTENT="quod"/>
                  <SP HEIGHT="34" WIDTH="12" VPOS="1535" HPOS="469"/>
                  <String HEIGHT="34"
                          WIDTH="136"
                          VPOS="1535"
                          HPOS="432"
                          CONTENT="videtur"/>
                  <SP HEIGHT="34" WIDTH="12" VPOS="1535" HPOS="568"/>
                  <String HEIGHT="34"
                          WIDTH="136"
                          VPOS="1535"
                          HPOS="531"
                          CONTENT="maximum"/>
                  <SP HEIGHT="34" WIDTH="12" VPOS="1535" HPOS="667"/>
                  <String HEIGHT="34"
                          WIDTH="198"
                          VPOS="1535"
                          HPOS="630"
                          CONTENT="inconveniens"/>
                  <SP HEIGHT="34" WIDTH="12" VPOS="1535" HPOS="828"/>
                  <String HEIGHT="34"
                          WIDTH="161"
                          VPOS="1535"
                          HPOS="778"
                          CONTENT="theologicum"/>
               </TextLine>
               <TextLine ID="r2l94"
                         BASELINE="1598"
                         HEIGHT="34"
                         WIDTH="584"
                         VPOS="1564"
                         HPOS="355">
                  <String HEIGHT="34"
                          WIDTH="146"
                          VPOS="1564"
                          HPOS="343"
                          CONTENT="Probatur"/>
                  <SP HEIGHT="34" WIDTH="12" VPOS="1564" HPOS="489"/>
                  <String HEIGHT="34"
                          WIDTH="97"
                          VPOS="1564"
                          HPOS="452"
                          CONTENT="tunc"/>
                  <SP HEIGHT="34" WIDTH="12" VPOS="1564" HPOS="550"/>
                  <String HEIGHT="34"
                          WIDTH="110"
                          VPOS="1564"
                          HPOS="513"
                          CONTENT="agens"/>
                  <SP HEIGHT="34" WIDTH="12" VPOS="1564" HPOS="623"/>
                  <String HEIGHT="34"
                          WIDTH="146"
                          VPOS="1564"
                          HPOS="586"
                          CONTENT="continue"/>
                  <SP HEIGHT="34" WIDTH="12" VPOS="1564" HPOS="732"/>
                  <String HEIGHT="34"
                          WIDTH="122"
                          VPOS="1564"
                          HPOS="696"
                          CONTENT="ageret"/>
                  <SP HEIGHT="34" WIDTH="12" VPOS="1564" HPOS="817"/>
                  <String HEIGHT="34" WIDTH="73" VPOS="1564" HPOS="781" CONTENT="et"/>
                  <SP HEIGHT="34" WIDTH="12" VPOS="1564" HPOS="854"/>
                  <String HEIGHT="34"
                          WIDTH="110"
                          VPOS="1564"
                          HPOS="817"
                          CONTENT="tamen"/>
                  <SP HEIGHT="34" WIDTH="12" VPOS="1564" HPOS="927"/>
                  <String HEIGHT="34"
                          WIDTH="61"
                          VPOS="1564"
                          HPOS="878"
                          CONTENT="ni"
                          SUBS_TYPE="HypPart1"
                          SUBS_CONTENT="nihil"/>
                  <HYP CONTENT="-"/>
               </TextLine>
               <TextLine ID="r2l96"
                         BASELINE="1627"
                         HEIGHT="31"
                         WIDTH="583"
                         VPOS="1596"
                         HPOS="351">
                  <String HEIGHT="31"
                          WIDTH="85"
                          VPOS="1596"
                          HPOS="339"
                          CONTENT="hil"
                          SUBS_TYPE="HypPart2"
                          SUBS_CONTENT="nihil"/>
                  <SP HEIGHT="31" WIDTH="12" VPOS="1596" HPOS="424"/>
                  <String HEIGHT="31"
                          WIDTH="121"
                          VPOS="1596"
                          HPOS="387"
                          CONTENT="ageret"/>
                  <SP HEIGHT="31" WIDTH="12" VPOS="1596" HPOS="509"/>
                  <String HEIGHT="31" WIDTH="85" VPOS="1596" HPOS="472" CONTENT="nam"/>
                  <SP HEIGHT="31" WIDTH="12" VPOS="1596" HPOS="557"/>
                  <String HEIGHT="31"
                          WIDTH="109"
                          VPOS="1596"
                          HPOS="521"
                          CONTENT="agens"/>
                  <SP HEIGHT="31" WIDTH="12" VPOS="1596" HPOS="630"/>
                  <String HEIGHT="31"
                          WIDTH="134"
                          VPOS="1596"
                          HPOS="594"
                          CONTENT="calorem"/>
                  <SP HEIGHT="31" WIDTH="12" VPOS="1596" HPOS="728"/>
                  <String HEIGHT="31"
                          WIDTH="146"
                          VPOS="1596"
                          HPOS="691"
                          CONTENT="continue"/>
                  <SP HEIGHT="31" WIDTH="12" VPOS="1596" HPOS="837"/>
                  <String HEIGHT="31"
                          WIDTH="97"
                          VPOS="1596"
                          HPOS="800"
                          CONTENT="agit"/>
                  <SP HEIGHT="31" WIDTH="12" VPOS="1596" HPOS="898"/>
                  <String HEIGHT="31" WIDTH="73" VPOS="1596" HPOS="861" CONTENT="et"/>
                  <SP HEIGHT="31" WIDTH="12" VPOS="1596" HPOS="934"/>
                  <String HEIGHT="31" WIDTH="49" VPOS="1596" HPOS="885" CONTENT="ta"/>
               </TextLine>
               <TextLine ID="r2l98"
                         BASELINE="1652"
                         HEIGHT="37"
                         WIDTH="588"
                         VPOS="1615"
                         HPOS="346">
                  <String HEIGHT="37" WIDTH="88" VPOS="1615" HPOS="333" CONTENT="men"/>
                  <SP HEIGHT="37" WIDTH="13" VPOS="1615" HPOS="421"/>
                  <String HEIGHT="37"
                          WIDTH="113"
                          VPOS="1615"
                          HPOS="384"
                          CONTENT="nihil"/>
                  <SP HEIGHT="37" WIDTH="13" VPOS="1615" HPOS="496"/>
                  <String HEIGHT="37"
                          WIDTH="100"
                          VPOS="1615"
                          HPOS="459"
                          CONTENT="agit"/>
                  <SP HEIGHT="37" WIDTH="13" VPOS="1615" HPOS="559"/>
                  <String HEIGHT="37"
                          WIDTH="100"
                          VPOS="1615"
                          HPOS="521"
                          CONTENT="quia"/>
                  <SP HEIGHT="37" WIDTH="13" VPOS="1615" HPOS="621"/>
                  <String HEIGHT="37" WIDTH="88" VPOS="1615" HPOS="584" CONTENT="non"/>
                  <SP HEIGHT="37" WIDTH="13" VPOS="1615" HPOS="671"/>
                  <String HEIGHT="37"
                          WIDTH="113"
                          VPOS="1615"
                          HPOS="634"
                          CONTENT="facit"/>
                  <SP HEIGHT="37" WIDTH="13" VPOS="1615" HPOS="746"/>
                  <String HEIGHT="37"
                          WIDTH="125"
                          VPOS="1615"
                          HPOS="709"
                          CONTENT="formam"/>
                  <SP HEIGHT="37" WIDTH="13" VPOS="1615" HPOS="834"/>
                  <String HEIGHT="37"
                          WIDTH="150"
                          VPOS="1615"
                          HPOS="784"
                          CONTENT="preexisten"/>
               </TextLine>
               <TextLine ID="r2l100"
                         BASELINE="1682"
                         HEIGHT="35"
                         WIDTH="586"
                         VPOS="1647"
                         HPOS="348">
                  <String HEIGHT="35" WIDTH="85" VPOS="1647" HPOS="336" CONTENT="tem"/>
                  <SP HEIGHT="35" WIDTH="12" VPOS="1647" HPOS="421"/>
                  <String HEIGHT="35" WIDTH="85" VPOS="1647" HPOS="385" CONTENT="nec"/>
                  <SP HEIGHT="35" WIDTH="12" VPOS="1647" HPOS="470"/>
                  <String HEIGHT="35"
                          WIDTH="122"
                          VPOS="1647"
                          HPOS="433"
                          CONTENT="partem"/>
                  <SP HEIGHT="35" WIDTH="12" VPOS="1647" HPOS="556"/>
                  <String HEIGHT="35"
                          WIDTH="110"
                          VPOS="1647"
                          HPOS="519"
                          CONTENT="nouam"/>
                  <SP HEIGHT="35" WIDTH="12" VPOS="1647" HPOS="629"/>
                  <String HEIGHT="35"
                          WIDTH="134"
                          VPOS="1647"
                          HPOS="592"
                          CONTENT="igitur."/>
                  <SP HEIGHT="35" WIDTH="12" VPOS="1647" HPOS="726"/>
                  <String HEIGHT="35" WIDTH="61" VPOS="1647" HPOS="690" CONTENT="â‹"/>
                  <SP HEIGHT="35" WIDTH="12" VPOS="1647" HPOS="751"/>
                  <String HEIGHT="35"
                          WIDTH="98"
                          VPOS="1647"
                          HPOS="714"
                          CONTENT="Item"/>
                  <SP HEIGHT="35" WIDTH="12" VPOS="1647" HPOS="812"/>
                  <String HEIGHT="35"
                          WIDTH="98"
                          VPOS="1647"
                          HPOS="775"
                          CONTENT="tunc"/>
                  <SP HEIGHT="35" WIDTH="12" VPOS="1647" HPOS="873"/>
                  <String HEIGHT="35"
                          WIDTH="110"
                          VPOS="1647"
                          HPOS="824"
                          CONTENT="aliquid"/>
               </TextLine>
               <TextLine ID="r2l102"
                         BASELINE="1710"
                         HEIGHT="35"
                         WIDTH="586"
                         VPOS="1675"
                         HPOS="348">
                  <String HEIGHT="35"
                          WIDTH="153"
                          VPOS="1675"
                          HPOS="335"
                          CONTENT="continue"/>
                  <SP HEIGHT="35" WIDTH="13" VPOS="1675" HPOS="488"/>
                  <String HEIGHT="35"
                          WIDTH="166"
                          VPOS="1675"
                          HPOS="450"
                          CONTENT="moueretur"/>
                  <SP HEIGHT="35" WIDTH="13" VPOS="1675" HPOS="616"/>
                  <String HEIGHT="35" WIDTH="76" VPOS="1675" HPOS="577" CONTENT="ad"/>
                  <SP HEIGHT="35" WIDTH="13" VPOS="1675" HPOS="654"/>
                  <String HEIGHT="35"
                          WIDTH="115"
                          VPOS="1675"
                          HPOS="616"
                          CONTENT="illud"/>
                  <SP HEIGHT="35" WIDTH="13" VPOS="1675" HPOS="730"/>
                  <String HEIGHT="35"
                          WIDTH="102"
                          VPOS="1675"
                          HPOS="692"
                          CONTENT="quod"/>
                  <SP HEIGHT="35" WIDTH="13" VPOS="1675" HPOS="794"/>
                  <String HEIGHT="35"
                          WIDTH="115"
                          VPOS="1675"
                          HPOS="756"
                          CONTENT="habet"/>
                  <SP HEIGHT="35" WIDTH="13" VPOS="1675" HPOS="870"/>
                  <String HEIGHT="35" WIDTH="76" VPOS="1675" HPOS="832" CONTENT="et"/>
                  <SP HEIGHT="35" WIDTH="13" VPOS="1675" HPOS="909"/>
                  <String HEIGHT="35"
                          WIDTH="76"
                          VPOS="1675"
                          HPOS="858"
                          CONTENT="tunc"/>
               </TextLine>
               <TextLine ID="r2l104"
                         BASELINE="1740"
                         HEIGHT="33"
                         WIDTH="594"
                         VPOS="1707"
                         HPOS="346">
                  <String HEIGHT="33"
                          WIDTH="145"
                          VPOS="1707"
                          HPOS="333"
                          CONTENT="ociose."/>
                  <SP HEIGHT="33" WIDTH="13" VPOS="1707" HPOS="478"/>
                  <String HEIGHT="33"
                          WIDTH="106"
                          VPOS="1707"
                          HPOS="438"
                          CONTENT="Item"/>
                  <SP HEIGHT="33" WIDTH="13" VPOS="1707" HPOS="544"/>
                  <String HEIGHT="33"
                          WIDTH="106"
                          VPOS="1707"
                          HPOS="504"
                          CONTENT="omne"/>
                  <SP HEIGHT="33" WIDTH="13" VPOS="1707" HPOS="610"/>
                  <String HEIGHT="33"
                          WIDTH="119"
                          VPOS="1707"
                          HPOS="570"
                          CONTENT="agens"/>
                  <SP HEIGHT="33" WIDTH="13" VPOS="1707" HPOS="689"/>
                  <String HEIGHT="33"
                          WIDTH="211"
                          VPOS="1707"
                          HPOS="650"
                          CONTENT="approximatum"/>
                  <SP HEIGHT="33" WIDTH="13" VPOS="1707" HPOS="861"/>
                  <String HEIGHT="33"
                          WIDTH="119"
                          VPOS="1707"
                          HPOS="821"
                          CONTENT="passo"/>
                  <SP HEIGHT="33" WIDTH="13" VPOS="1707" HPOS="940"/>
                  <String HEIGHT="33" WIDTH="53" VPOS="1707" HPOS="887" CONTENT="po"/>
               </TextLine>
               <TextLine ID="r2l106"
                         BASELINE="1765"
                         HEIGHT="34"
                         WIDTH="585"
                         VPOS="1731"
                         HPOS="350">
                  <String HEIGHT="34"
                          WIDTH="104"
                          VPOS="1731"
                          HPOS="337"
                          CONTENT="tens"/>
                  <SP HEIGHT="34" WIDTH="13" VPOS="1731" HPOS="441"/>
                  <String HEIGHT="34" WIDTH="78" VPOS="1731" HPOS="402" CONTENT="in"/>
                  <SP HEIGHT="34" WIDTH="13" VPOS="1731" HPOS="480"/>
                  <String HEIGHT="34"
                          WIDTH="143"
                          VPOS="1731"
                          HPOS="441"
                          CONTENT="aliquam"/>
                  <SP HEIGHT="34" WIDTH="13" VPOS="1731" HPOS="584"/>
                  <String HEIGHT="34"
                          WIDTH="195"
                          VPOS="1731"
                          HPOS="545"
                          CONTENT="operationem"/>
                  <SP HEIGHT="34" WIDTH="13" VPOS="1731" HPOS="740"/>
                  <String HEIGHT="34" WIDTH="78" VPOS="1731" HPOS="701" CONTENT="in"/>
                  <SP HEIGHT="34" WIDTH="13" VPOS="1731" HPOS="779"/>
                  <String HEIGHT="34"
                          WIDTH="104"
                          VPOS="1731"
                          HPOS="740"
                          CONTENT="quam"/>
                  <SP HEIGHT="34" WIDTH="13" VPOS="1731" HPOS="844"/>
                  <String HEIGHT="34"
                          WIDTH="117"
                          VPOS="1731"
                          HPOS="805"
                          CONTENT="prius"/>
                  <SP HEIGHT="34" WIDTH="13" VPOS="1731" HPOS="922"/>
                  <String HEIGHT="34" WIDTH="65" VPOS="1731" HPOS="870" CONTENT="non"/>
               </TextLine>
               <TextLine ID="r2l108"
                         BASELINE="1797"
                         HEIGHT="35"
                         WIDTH="589"
                         VPOS="1762"
                         HPOS="346">
                  <String HEIGHT="35"
                          WIDTH="123"
                          VPOS="1762"
                          HPOS="334"
                          CONTENT="potuit"/>
                  <SP HEIGHT="35" WIDTH="12" VPOS="1762" HPOS="456"/>
                  <String HEIGHT="35"
                          WIDTH="135"
                          VPOS="1762"
                          HPOS="420"
                          CONTENT="ceteris"/>
                  <SP HEIGHT="35" WIDTH="12" VPOS="1762" HPOS="555"/>
                  <String HEIGHT="35"
                          WIDTH="135"
                          VPOS="1762"
                          HPOS="518"
                          CONTENT="paribus"/>
                  <SP HEIGHT="35" WIDTH="12" VPOS="1762" HPOS="653"/>
                  <String HEIGHT="35"
                          WIDTH="110"
                          VPOS="1762"
                          HPOS="616"
                          CONTENT="habet"/>
                  <SP HEIGHT="35" WIDTH="12" VPOS="1762" HPOS="726"/>
                  <String HEIGHT="35"
                          WIDTH="98"
                          VPOS="1762"
                          HPOS="690"
                          CONTENT="modo"/>
                  <SP HEIGHT="35" WIDTH="12" VPOS="1762" HPOS="788"/>
                  <String HEIGHT="35" WIDTH="74" VPOS="1762" HPOS="751" CONTENT="in"/>
                  <SP HEIGHT="35" WIDTH="12" VPOS="1762" HPOS="825"/>
                  <String HEIGHT="35" WIDTH="74" VPOS="1762" HPOS="788" CONTENT="se"/>
                  <SP HEIGHT="35" WIDTH="12" VPOS="1762" HPOS="861"/>
                  <String HEIGHT="35"
                          WIDTH="135"
                          VPOS="1762"
                          HPOS="825"
                          CONTENT="aliquid"/>
                  <SP HEIGHT="35" WIDTH="12" VPOS="1762" HPOS="960"/>
                  <String HEIGHT="35" WIDTH="25" VPOS="1762" HPOS="910" CONTENT=""/>
               </TextLine>
               <TextLine ID="r2l110"
                         BASELINE="1822"
                         HEIGHT="32"
                         WIDTH="588"
                         VPOS="1790"
                         HPOS="351">
                  <String HEIGHT="32"
                          WIDTH="90"
                          VPOS="1790"
                          HPOS="340"
                          CONTENT="quod"/>
                  <SP HEIGHT="32" WIDTH="11" VPOS="1790" HPOS="430"/>
                  <String HEIGHT="32"
                          WIDTH="102"
                          VPOS="1790"
                          HPOS="396"
                          CONTENT="prius"/>
                  <SP HEIGHT="32" WIDTH="11" VPOS="1790" HPOS="498"/>
                  <String HEIGHT="32" WIDTH="79" VPOS="1790" HPOS="464" CONTENT="non"/>
                  <SP HEIGHT="32" WIDTH="11" VPOS="1790" HPOS="543"/>
                  <String HEIGHT="32"
                          WIDTH="113"
                          VPOS="1790"
                          HPOS="509"
                          CONTENT="habuit"/>
                  <SP HEIGHT="32" WIDTH="11" VPOS="1790" HPOS="622"/>
                  <String HEIGHT="32" WIDTH="79" VPOS="1790" HPOS="588" CONTENT="sic"/>
                  <SP HEIGHT="32" WIDTH="11" VPOS="1790" HPOS="668"/>
                  <String HEIGHT="32" WIDTH="79" VPOS="1790" HPOS="634" CONTENT="est"/>
                  <SP HEIGHT="32" WIDTH="11" VPOS="1790" HPOS="713"/>
                  <String HEIGHT="32" WIDTH="68" VPOS="1790" HPOS="679" CONTENT="de"/>
                  <SP HEIGHT="32" WIDTH="11" VPOS="1790" HPOS="747"/>
                  <String HEIGHT="32"
                          WIDTH="113"
                          VPOS="1790"
                          HPOS="713"
                          CONTENT="calore"/>
                  <SP HEIGHT="32" WIDTH="11" VPOS="1790" HPOS="826"/>
                  <String HEIGHT="32"
                          WIDTH="124"
                          VPOS="1790"
                          HPOS="792"
                          CONTENT="intenso"/>
                  <SP HEIGHT="32" WIDTH="11" VPOS="1790" HPOS="916"/>
                  <String HEIGHT="32"
                          WIDTH="68"
                          VPOS="1790"
                          HPOS="871"
                          CONTENT="qui"
                          SUBS_TYPE="HypPart1"
                          SUBS_CONTENT="quiprius"/>
                  <HYP CONTENT="-"/>
               </TextLine>
               <TextLine ID="r2l112"
                         BASELINE="1854"
                         HEIGHT="36"
                         WIDTH="589"
                         VPOS="1818"
                         HPOS="352">
                  <String HEIGHT="36"
                          WIDTH="106"
                          VPOS="1818"
                          HPOS="340"
                          CONTENT="prius"
                          SUBS_TYPE="HypPart2"
                          SUBS_CONTENT="quiprius"/>
                  <SP HEIGHT="36" WIDTH="12" VPOS="1818" HPOS="446"/>
                  <String HEIGHT="36"
                          WIDTH="94"
                          VPOS="1818"
                          HPOS="411"
                          CONTENT="fuit"/>
                  <SP HEIGHT="36" WIDTH="12" VPOS="1818" HPOS="505"/>
                  <String HEIGHT="36"
                          WIDTH="165"
                          VPOS="1818"
                          HPOS="470"
                          CONTENT="remissius."/>
                  <SP HEIGHT="36" WIDTH="12" VPOS="1818" HPOS="635"/>
                  <String HEIGHT="36"
                          WIDTH="141"
                          VPOS="1818"
                          HPOS="599"
                          CONTENT="probatur"/>
                  <SP HEIGHT="36" WIDTH="12" VPOS="1818" HPOS="741"/>
                  <String HEIGHT="36" WIDTH="71" VPOS="1818" HPOS="705" CONTENT="ad"/>
                  <SP HEIGHT="36" WIDTH="12" VPOS="1818" HPOS="776"/>
                  <String HEIGHT="36"
                          WIDTH="165"
                          VPOS="1818"
                          HPOS="741"
                          CONTENT="principale"/>
                  <SP HEIGHT="36" WIDTH="12" VPOS="1818" HPOS="906"/>
                  <String HEIGHT="36"
                          WIDTH="82"
                          VPOS="1818"
                          HPOS="859"
                          CONTENT="simi"
                          SUBS_TYPE="HypPart1"
                          SUBS_CONTENT="similiter"/>
                  <HYP CONTENT="-"/>
               </TextLine>
               <TextLine ID="r2l114"
                         BASELINE="1883"
                         HEIGHT="35"
                         WIDTH="592"
                         VPOS="1848"
                         HPOS="347">
                  <String HEIGHT="35"
                          WIDTH="89"
                          VPOS="1848"
                          HPOS="337"
                          CONTENT="liter"
                          SUBS_TYPE="HypPart2"
                          SUBS_CONTENT="similiter"/>
                  <SP HEIGHT="35" WIDTH="10" VPOS="1848" HPOS="426"/>
                  <String HEIGHT="35"
                          WIDTH="99"
                          VPOS="1848"
                          HPOS="396"
                          CONTENT="contra"/>
                  <SP HEIGHT="35" WIDTH="10" VPOS="1848" HPOS="495"/>
                  <String HEIGHT="35"
                          WIDTH="128"
                          VPOS="1848"
                          HPOS="465"
                          CONTENT="opinionem"/>
                  <SP HEIGHT="35" WIDTH="10" VPOS="1848" HPOS="594"/>
                  <String HEIGHT="35"
                          WIDTH="89"
                          VPOS="1848"
                          HPOS="564"
                          CONTENT="istam"/>
                  <SP HEIGHT="35" WIDTH="10" VPOS="1848" HPOS="653"/>
                  <String HEIGHT="35" WIDTH="59" VPOS="1848" HPOS="623" CONTENT="in"/>
                  <SP HEIGHT="35" WIDTH="10" VPOS="1848" HPOS="682"/>
                  <String HEIGHT="35"
                          WIDTH="99"
                          VPOS="1848"
                          HPOS="653"
                          CONTENT="genere"/>
                  <SP HEIGHT="35" WIDTH="10" VPOS="1848" HPOS="752"/>
                  <String HEIGHT="35"
                          WIDTH="79"
                          VPOS="1848"
                          HPOS="722"
                          CONTENT="quae"/>
                  <SP HEIGHT="35" WIDTH="10" VPOS="1848" HPOS="801"/>
                  <String HEIGHT="35"
                          WIDTH="109"
                          VPOS="1848"
                          HPOS="771"
                          CONTENT="ponitur"/>
                  <SP HEIGHT="35" WIDTH="10" VPOS="1848" HPOS="880"/>
                  <String HEIGHT="35" WIDTH="59" VPOS="1848" HPOS="850" CONTENT="in"/>
                  <SP HEIGHT="35" WIDTH="10" VPOS="1848" HPOS="909"/>
                  <String HEIGHT="35"
                          WIDTH="69"
                          VPOS="1848"
                          HPOS="870"
                          CONTENT="thoma"/>
               </TextLine>
               <TextLine ID="r2l116"
                         BASELINE="1910"
                         HEIGHT="35"
                         WIDTH="597"
                         VPOS="1875"
                         HPOS="346">
                  <String HEIGHT="35"
                          WIDTH="105"
                          VPOS="1875"
                          HPOS="334"
                          CONTENT="parte"/>
                  <SP HEIGHT="35" WIDTH="12" VPOS="1875" HPOS="440"/>
                  <String HEIGHT="35"
                          WIDTH="105"
                          VPOS="1875"
                          HPOS="405"
                          CONTENT="prima"/>
                  <SP HEIGHT="35" WIDTH="12" VPOS="1875" HPOS="510"/>
                  <String HEIGHT="35" WIDTH="82" VPOS="1875" HPOS="475" CONTENT="di."/>
                  <SP HEIGHT="35" WIDTH="12" VPOS="1875" HPOS="557"/>
                  <String HEIGHT="35" WIDTH="70" VPOS="1875" HPOS="522" CONTENT="17"/>
                  <SP HEIGHT="35" WIDTH="12" VPOS="1875" HPOS="592"/>
                  <String HEIGHT="35" WIDTH="70" VPOS="1875" HPOS="557" CONTENT="q."/>
                  <SP HEIGHT="35" WIDTH="12" VPOS="1875" HPOS="627"/>
                  <String HEIGHT="35" WIDTH="70" VPOS="1875" HPOS="592" CONTENT="2."/>
                  <SP HEIGHT="35" WIDTH="12" VPOS="1875" HPOS="662"/>
                  <String HEIGHT="35"
                          WIDTH="140"
                          VPOS="1875"
                          HPOS="627"
                          CONTENT="articulo"/>
                  <SP HEIGHT="35" WIDTH="12" VPOS="1875" HPOS="767"/>
                  <String HEIGHT="35" WIDTH="59" VPOS="1875" HPOS="732" CONTENT="2"/>
                  <SP HEIGHT="35" WIDTH="12" VPOS="1875" HPOS="791"/>
                  <String HEIGHT="35" WIDTH="70" VPOS="1875" HPOS="756" CONTENT="et"/>
                  <SP HEIGHT="35" WIDTH="12" VPOS="1875" HPOS="826"/>
                  <String HEIGHT="35" WIDTH="82" VPOS="1875" HPOS="791" CONTENT="est"/>
                  <SP HEIGHT="35" WIDTH="12" VPOS="1875" HPOS="873"/>
                  <String HEIGHT="35"
                          WIDTH="94"
                          VPOS="1875"
                          HPOS="838"
                          CONTENT="eius"/>
                  <SP HEIGHT="35" WIDTH="12" VPOS="1875" HPOS="931"/>
                  <String HEIGHT="35" WIDTH="59" VPOS="1875" HPOS="884" CONTENT="opi"/>
               </TextLine>
               <TextLine ID="r2l118"
                         BASELINE="1937"
                         HEIGHT="31"
                         WIDTH="590"
                         VPOS="1906"
                         HPOS="348">
                  <String HEIGHT="31" WIDTH="75" VPOS="1906" HPOS="337" CONTENT="nio"/>
                  <SP HEIGHT="31" WIDTH="11" VPOS="1906" HPOS="412"/>
                  <String HEIGHT="31" WIDTH="64" VPOS="1906" HPOS="380" CONTENT="et"/>
                  <SP HEIGHT="31" WIDTH="11" VPOS="1906" HPOS="445"/>
                  <String HEIGHT="31"
                          WIDTH="118"
                          VPOS="1906"
                          HPOS="412"
                          CONTENT="plurium"/>
                  <SP HEIGHT="31" WIDTH="11" VPOS="1906" HPOS="530"/>
                  <String HEIGHT="31"
                          WIDTH="150"
                          VPOS="1906"
                          HPOS="498"
                          CONTENT="modernorum"/>
                  <SP HEIGHT="31" WIDTH="11" VPOS="1906" HPOS="648"/>
                  <String HEIGHT="31"
                          WIDTH="129"
                          VPOS="1906"
                          HPOS="616"
                          CONTENT="scilicet"/>
                  <SP HEIGHT="31" WIDTH="11" VPOS="1906" HPOS="745"/>
                  <String HEIGHT="31"
                          WIDTH="107"
                          VPOS="1906"
                          HPOS="713"
                          CONTENT="quando"/>
                  <SP HEIGHT="31" WIDTH="11" VPOS="1906" HPOS="820"/>
                  <String HEIGHT="31"
                          WIDTH="97"
                          VPOS="1906"
                          HPOS="788"
                          CONTENT="forma"/>
                  <SP HEIGHT="31" WIDTH="11" VPOS="1906" HPOS="884"/>
                  <String HEIGHT="31"
                          WIDTH="97"
                          VPOS="1906"
                          HPOS="841"
                          CONTENT="acciden"/>
               </TextLine>
               <TextLine ID="r2l120"
                         BASELINE="1962"
                         HEIGHT="30"
                         WIDTH="595"
                         VPOS="1932"
                         HPOS="344">
                  <String HEIGHT="30"
                          WIDTH="92"
                          VPOS="1932"
                          HPOS="334"
                          CONTENT="talis"/>
                  <SP HEIGHT="30" WIDTH="10" VPOS="1932" HPOS="426"/>
                  <String HEIGHT="30"
                          WIDTH="144"
                          VPOS="1932"
                          HPOS="395"
                          CONTENT="intenditur"/>
                  <SP HEIGHT="30" WIDTH="10" VPOS="1932" HPOS="539"/>
                  <String HEIGHT="30" WIDTH="72" VPOS="1932" HPOS="508" CONTENT="non"/>
                  <SP HEIGHT="30" WIDTH="10" VPOS="1932" HPOS="580"/>
                  <String HEIGHT="30"
                          WIDTH="133"
                          VPOS="1932"
                          HPOS="549"
                          CONTENT="generatur"/>
                  <SP HEIGHT="30" WIDTH="10" VPOS="1932" HPOS="683"/>
                  <String HEIGHT="30"
                          WIDTH="113"
                          VPOS="1932"
                          HPOS="652"
                          CONTENT="aliquid"/>
                  <SP HEIGHT="30" WIDTH="10" VPOS="1932" HPOS="765"/>
                  <String HEIGHT="30" WIDTH="62" VPOS="1932" HPOS="734" CONTENT="oe"/>
                  <SP HEIGHT="30" WIDTH="10" VPOS="1932" HPOS="795"/>
                  <String HEIGHT="30"
                          WIDTH="82"
                          VPOS="1932"
                          HPOS="765"
                          CONTENT="nouo"/>
                  <SP HEIGHT="30" WIDTH="10" VPOS="1932" HPOS="847"/>
                  <String HEIGHT="30" WIDTH="72" VPOS="1932" HPOS="816" CONTENT="sed"/>
                  <SP HEIGHT="30" WIDTH="10" VPOS="1932" HPOS="888"/>
                  <String HEIGHT="30"
                          WIDTH="82"
                          VPOS="1932"
                          HPOS="857"
                          CONTENT="iste"/>
                  <SP HEIGHT="30" WIDTH="10" VPOS="1932" HPOS="939"/>
                  <String HEIGHT="30" WIDTH="41" VPOS="1932" HPOS="898" CONTENT="ca"/>
               </TextLine>
               <TextLine ID="r2l122"
                         BASELINE="1992"
                         HEIGHT="34"
                         WIDTH="592"
                         VPOS="1958"
                         HPOS="345">
                  <String HEIGHT="34" WIDTH="85" VPOS="1958" HPOS="333" CONTENT="lor"/>
                  <SP HEIGHT="34" WIDTH="12" VPOS="1958" HPOS="417"/>
                  <String HEIGHT="34" WIDTH="85" VPOS="1958" HPOS="381" CONTENT="qui"/>
                  <SP HEIGHT="34" WIDTH="12" VPOS="1958" HPOS="466"/>
                  <String HEIGHT="34"
                          WIDTH="109"
                          VPOS="1958"
                          HPOS="430"
                          CONTENT="prius"/>
                  <SP HEIGHT="34" WIDTH="12" VPOS="1958" HPOS="538"/>
                  <String HEIGHT="34"
                          WIDTH="121"
                          VPOS="1958"
                          HPOS="502"
                          CONTENT="fuerat"/>
                  <SP HEIGHT="34" WIDTH="12" VPOS="1958" HPOS="623"/>
                  <String HEIGHT="34"
                          WIDTH="145"
                          VPOS="1958"
                          HPOS="587"
                          CONTENT="remissus"/>
                  <SP HEIGHT="34" WIDTH="12" VPOS="1958" HPOS="732"/>
                  <String HEIGHT="34" WIDTH="85" VPOS="1958" HPOS="695" CONTENT="per"/>
                  <SP HEIGHT="34" WIDTH="12" VPOS="1958" HPOS="780"/>
                  <String HEIGHT="34"
                          WIDTH="205"
                          VPOS="1958"
                          HPOS="732"
                          CONTENT="approximationem"/>
               </TextLine>
               <TextLine ID="r2l124"
                         BASELINE="2025"
                         HEIGHT="34"
                         WIDTH="592"
                         VPOS="1991"
                         HPOS="341">
                  <String HEIGHT="34"
                          WIDTH="130"
                          VPOS="1991"
                          HPOS="329"
                          CONTENT="agentis"/>
                  <SP HEIGHT="34" WIDTH="12" VPOS="1991" HPOS="459"/>
                  <String HEIGHT="34" WIDTH="83" VPOS="1991" HPOS="424" CONTENT="fit"/>
                  <SP HEIGHT="34" WIDTH="12" VPOS="1991" HPOS="507"/>
                  <String HEIGHT="34"
                          WIDTH="118"
                          VPOS="1991"
                          HPOS="471"
                          CONTENT="postea"/>
                  <SP HEIGHT="34" WIDTH="12" VPOS="1991" HPOS="590"/>
                  <String HEIGHT="34"
                          WIDTH="142"
                          VPOS="1991"
                          HPOS="554"
                          CONTENT="intensus"/>
                  <SP HEIGHT="34" WIDTH="12" VPOS="1991" HPOS="696"/>
                  <String HEIGHT="34"
                          WIDTH="107"
                          VPOS="1991"
                          HPOS="661"
                          CONTENT="nullo"/>
                  <SP HEIGHT="34" WIDTH="12" VPOS="1991" HPOS="767"/>
                  <String HEIGHT="34"
                          WIDTH="95"
                          VPOS="1991"
                          HPOS="732"
                          CONTENT="sibi"/>
                  <SP HEIGHT="34" WIDTH="12" VPOS="1991" HPOS="826"/>
                  <String HEIGHT="34"
                          WIDTH="130"
                          VPOS="1991"
                          HPOS="791"
                          CONTENT="addito."/>
                  <SP HEIGHT="34" WIDTH="12" VPOS="1991" HPOS="921"/>
                  <String HEIGHT="34" WIDTH="59" VPOS="1991" HPOS="886" CONTENT="â‹"/>
                  <SP HEIGHT="34" WIDTH="12" VPOS="1991" HPOS="945"/>
                  <String HEIGHT="34" WIDTH="36" VPOS="1991" HPOS="897" CONTENT="E"/>
               </TextLine>
               <TextLine ID="r2l126"
                         BASELINE="2052"
                         HEIGHT="40"
                         WIDTH="594"
                         VPOS="2012"
                         HPOS="341">
                  <String HEIGHT="40" WIDTH="74" VPOS="2012" HPOS="330" CONTENT="hoc"/>
                  <SP HEIGHT="40" WIDTH="11" VPOS="2012" HPOS="405"/>
                  <String HEIGHT="40"
                          WIDTH="127"
                          VPOS="2012"
                          HPOS="373"
                          CONTENT="sequitur"/>
                  <SP HEIGHT="40" WIDTH="11" VPOS="2012" HPOS="500"/>
                  <String HEIGHT="40"
                          WIDTH="85"
                          VPOS="2012"
                          HPOS="468"
                          CONTENT="quod"/>
                  <SP HEIGHT="40" WIDTH="11" VPOS="2012" HPOS="553"/>
                  <String HEIGHT="40"
                          WIDTH="106"
                          VPOS="2012"
                          HPOS="521"
                          CONTENT="aliqua"/>
                  <SP HEIGHT="40" WIDTH="11" VPOS="2012" HPOS="627"/>
                  <String HEIGHT="40"
                          WIDTH="95"
                          VPOS="2012"
                          HPOS="596"
                          CONTENT="parua"/>
                  <SP HEIGHT="40" WIDTH="11" VPOS="2012" HPOS="691"/>
                  <String HEIGHT="40"
                          WIDTH="106"
                          VPOS="2012"
                          HPOS="659"
                          CONTENT="albedo"/>
                  <SP HEIGHT="40" WIDTH="11" VPOS="2012" HPOS="765"/>
                  <String HEIGHT="40"
                          WIDTH="106"
                          VPOS="2012"
                          HPOS="733"
                          CONTENT="potest"/>
                  <SP HEIGHT="40" WIDTH="11" VPOS="2012" HPOS="840"/>
                  <String HEIGHT="40"
                          WIDTH="95"
                          VPOS="2012"
                          HPOS="808"
                          CONTENT="fieri"/>
                  <SP HEIGHT="40" WIDTH="11" VPOS="2012" HPOS="903"/>
                  <String HEIGHT="40"
                          WIDTH="74"
                          VPOS="2012"
                          HPOS="861"
                          CONTENT="perfe"/>
               </TextLine>
               <TextLine ID="r2l128"
                         BASELINE="2079"
                         HEIGHT="34"
                         WIDTH="594"
                         VPOS="2045"
                         HPOS="341">
                  <String HEIGHT="34"
                          WIDTH="135"
                          VPOS="2045"
                          HPOS="331"
                          CONTENT="ctiorquam"/>
                  <SP HEIGHT="34" WIDTH="10" VPOS="2045" HPOS="466"/>
                  <String HEIGHT="34" WIDTH="63" VPOS="2045" HPOS="435" CONTENT="de"/>
                  <SP HEIGHT="34" WIDTH="10" VPOS="2045" HPOS="497"/>
                  <String HEIGHT="34"
                          WIDTH="94"
                          VPOS="2045"
                          HPOS="466"
                          CONTENT="facto"/>
                  <SP HEIGHT="34" WIDTH="10" VPOS="2045" HPOS="560"/>
                  <String HEIGHT="34" WIDTH="73" VPOS="2045" HPOS="529" CONTENT="sit"/>
                  <SP HEIGHT="34" WIDTH="10" VPOS="2045" HPOS="602"/>
                  <String HEIGHT="34"
                          WIDTH="94"
                          VPOS="2045"
                          HPOS="570"
                          CONTENT="sicut"/>
                  <SP HEIGHT="34" WIDTH="10" VPOS="2045" HPOS="664"/>
                  <String HEIGHT="34"
                          WIDTH="83"
                          VPOS="2045"
                          HPOS="633"
                          CONTENT="alia"/>
                  <SP HEIGHT="34" WIDTH="10" VPOS="2045" HPOS="716"/>
                  <String HEIGHT="34"
                          WIDTH="125"
                          VPOS="2045"
                          HPOS="685"
                          CONTENT="creatura"/>
                  <SP HEIGHT="34" WIDTH="10" VPOS="2045" HPOS="810"/>
                  <String HEIGHT="34"
                          WIDTH="94"
                          VPOS="2045"
                          HPOS="779"
                          CONTENT="nullo"/>
                  <SP HEIGHT="34" WIDTH="10" VPOS="2045" HPOS="872"/>
                  <String HEIGHT="34"
                          WIDTH="83"
                          VPOS="2045"
                          HPOS="841"
                          CONTENT="sibi"/>
                  <SP HEIGHT="34" WIDTH="10" VPOS="2045" HPOS="925"/>
                  <String HEIGHT="34" WIDTH="63" VPOS="2045" HPOS="893" CONTENT="ad"/>
                  <SP HEIGHT="34" WIDTH="10" VPOS="2045" HPOS="956"/>
                  <String HEIGHT="34" WIDTH="21" VPOS="2045" HPOS="914" CONTENT=""/>
               </TextLine>
               <TextLine ID="r2l130"
                         BASELINE="2106"
                         HEIGHT="32"
                         WIDTH="594"
                         VPOS="2074"
                         HPOS="342">
                  <String HEIGHT="32"
                          WIDTH="95"
                          VPOS="2074"
                          HPOS="330"
                          CONTENT="dito"/>
                  <SP HEIGHT="32" WIDTH="12" VPOS="2074" HPOS="425"/>
                  <String HEIGHT="32"
                          WIDTH="95"
                          VPOS="2074"
                          HPOS="390"
                          CONTENT="quod"/>
                  <SP HEIGHT="32" WIDTH="12" VPOS="2074" HPOS="485"/>
                  <String HEIGHT="32"
                          WIDTH="131"
                          VPOS="2074"
                          HPOS="449"
                          CONTENT="videtur"/>
                  <SP HEIGHT="32" WIDTH="12" VPOS="2074" HPOS="580"/>
                  <String HEIGHT="32"
                          WIDTH="143"
                          VPOS="2074"
                          HPOS="544"
                          CONTENT="absurdum"/>
                  <SP HEIGHT="32" WIDTH="12" VPOS="2074" HPOS="687"/>
                  <String HEIGHT="32"
                          WIDTH="190"
                          VPOS="2074"
                          HPOS="651"
                          CONTENT="consequentia"/>
                  <SP HEIGHT="32" WIDTH="12" VPOS="2074" HPOS="841"/>
                  <String HEIGHT="32"
                          WIDTH="107"
                          VPOS="2074"
                          HPOS="805"
                          CONTENT="tenet"/>
                  <SP HEIGHT="32" WIDTH="12" VPOS="2074" HPOS="912"/>
                  <String HEIGHT="32"
                          WIDTH="71"
                          VPOS="2074"
                          HPOS="865"
                          CONTENT="quia"/>
               </TextLine>
               <TextLine ID="r2l132"
                         BASELINE="2147"
                         HEIGHT="46"
                         WIDTH="601"
                         VPOS="2101"
                         HPOS="337">
                  <String HEIGHT="46" WIDTH="81" VPOS="2101" HPOS="325" CONTENT="qua"/>
                  <SP HEIGHT="46" WIDTH="12" VPOS="2101" HPOS="406"/>
                  <String HEIGHT="46"
                          WIDTH="127"
                          VPOS="2101"
                          HPOS="372"
                          CONTENT="ratione"/>
                  <SP HEIGHT="46" WIDTH="12" VPOS="2101" HPOS="499"/>
                  <String HEIGHT="46"
                          WIDTH="139"
                          VPOS="2101"
                          HPOS="464"
                          CONTENT="charitas"/>
                  <SP HEIGHT="46" WIDTH="12" VPOS="2101" HPOS="603"/>
                  <String HEIGHT="46"
                          WIDTH="127"
                          VPOS="2101"
                          HPOS="568"
                          CONTENT="remissa"/>
                  <SP HEIGHT="46" WIDTH="12" VPOS="2101" HPOS="695"/>
                  <String HEIGHT="46" WIDTH="81" VPOS="2101" HPOS="661" CONTENT="vel"/>
                  <SP HEIGHT="46" WIDTH="12" VPOS="2101" HPOS="742"/>
                  <String HEIGHT="46"
                          WIDTH="116"
                          VPOS="2101"
                          HPOS="707"
                          CONTENT="albedo"/>
                  <SP HEIGHT="46" WIDTH="12" VPOS="2101" HPOS="822"/>
                  <String HEIGHT="46"
                          WIDTH="116"
                          VPOS="2101"
                          HPOS="788"
                          CONTENT="posset"/>
                  <SP HEIGHT="46" WIDTH="12" VPOS="2101" HPOS="903"/>
                  <String HEIGHT="46"
                          WIDTH="81"
                          VPOS="2101"
                          HPOS="857"
                          CONTENT="fieri"/>
               </TextLine>
            </TextBlock>
            <TextBlock ID="TextRegion_1612384355353_1467"
                       HEIGHT="1896"
                       WIDTH="617"
                       VPOS="248"
                       HPOS="963">
               <Shape>
                  <Polygon POINTS="963,248 1580,248 1580,2144 963,2144"/>
               </Shape>
               <TextLine ID="r2l2"
                         BASELINE="301"
                         HEIGHT="44"
                         WIDTH="609"
                         VPOS="257"
                         HPOS="968">
                  <String HEIGHT="44" WIDTH="68" VPOS="257" HPOS="957" CONTENT="in"/>
                  <SP HEIGHT="44" WIDTH="11" VPOS="257" HPOS="1024"/>
                  <String HEIGHT="44"
                          WIDTH="102"
                          VPOS="257"
                          HPOS="991"
                          CONTENT="duplo"/>
                  <SP HEIGHT="44" WIDTH="11" VPOS="257" HPOS="1092"/>
                  <String HEIGHT="44"
                          WIDTH="147"
                          VPOS="257"
                          HPOS="1058"
                          CONTENT="intensior"/>
                  <SP HEIGHT="44" WIDTH="11" VPOS="257" HPOS="1205"/>
                  <String HEIGHT="44"
                          WIDTH="102"
                          VPOS="257"
                          HPOS="1171"
                          CONTENT="nullo"/>
                  <SP HEIGHT="44" WIDTH="11" VPOS="257" HPOS="1273"/>
                  <String HEIGHT="44"
                          WIDTH="90"
                          VPOS="257"
                          HPOS="1239"
                          CONTENT="sibi"/>
                  <SP HEIGHT="44" WIDTH="11" VPOS="257" HPOS="1329"/>
                  <String HEIGHT="44"
                          WIDTH="113"
                          VPOS="257"
                          HPOS="1295"
                          CONTENT="addito"/>
                  <SP HEIGHT="44" WIDTH="11" VPOS="257" HPOS="1408"/>
                  <String HEIGHT="44"
                          WIDTH="102"
                          VPOS="257"
                          HPOS="1374"
                          CONTENT="eadem"/>
                  <SP HEIGHT="44" WIDTH="11" VPOS="257" HPOS="1476"/>
                  <String HEIGHT="44"
                          WIDTH="124"
                          VPOS="257"
                          HPOS="1442"
                          CONTENT="ratione"/>
                  <SP HEIGHT="44" WIDTH="11" VPOS="257" HPOS="1566"/>
                  <String HEIGHT="44" WIDTH="68" VPOS="257" HPOS="1532" CONTENT="in"/>
                  <SP HEIGHT="44" WIDTH="11" VPOS="257" HPOS="1600"/>
                  <String HEIGHT="44" WIDTH="23" VPOS="257" HPOS="1554" CONTENT=""/>
               </TextLine>
               <TextLine ID="r2l5"
                         BASELINE="329"
                         HEIGHT="33"
                         WIDTH="610"
                         VPOS="296"
                         HPOS="968">
                  <String HEIGHT="33"
                          WIDTH="127"
                          VPOS="296"
                          HPOS="956"
                          CONTENT="triplo."/>
                  <SP HEIGHT="33" WIDTH="12" VPOS="296" HPOS="1083"/>
                  <String HEIGHT="33" WIDTH="58" VPOS="296" HPOS="1049" CONTENT="â‹"/>
                  <SP HEIGHT="33" WIDTH="12" VPOS="296" HPOS="1106"/>
                  <String HEIGHT="33"
                          WIDTH="115"
                          VPOS="296"
                          HPOS="1072"
                          CONTENT="Contra"/>
                  <SP HEIGHT="33" WIDTH="12" VPOS="296" HPOS="1187"/>
                  <String HEIGHT="33"
                          WIDTH="184"
                          VPOS="296"
                          HPOS="1152"
                          CONTENT="conclusionem"/>
                  <SP HEIGHT="33" WIDTH="12" VPOS="296" HPOS="1336"/>
                  <String HEIGHT="33"
                          WIDTH="104"
                          VPOS="296"
                          HPOS="1302"
                          CONTENT="istam"/>
                  <SP HEIGHT="33" WIDTH="12" VPOS="296" HPOS="1405"/>
                  <String HEIGHT="33"
                          WIDTH="115"
                          VPOS="296"
                          HPOS="1371"
                          CONTENT="essent"/>
                  <SP HEIGHT="33" WIDTH="12" VPOS="296" HPOS="1486"/>
                  <String HEIGHT="33"
                          WIDTH="104"
                          VPOS="296"
                          HPOS="1451"
                          CONTENT="multa"/>
                  <SP HEIGHT="33" WIDTH="12" VPOS="296" HPOS="1555"/>
                  <String HEIGHT="33"
                          WIDTH="69"
                          VPOS="296"
                          HPOS="1509"
                          CONTENT="argu"/>
               </TextLine>
               <TextLine ID="r2l7"
                         BASELINE="359"
                         HEIGHT="34"
                         WIDTH="604"
                         VPOS="325"
                         HPOS="968">
                  <String HEIGHT="34"
                          WIDTH="95"
                          VPOS="325"
                          HPOS="957"
                          CONTENT="menta"/>
                  <SP HEIGHT="34" WIDTH="11" VPOS="325" HPOS="1053"/>
                  <String HEIGHT="34"
                          WIDTH="95"
                          VPOS="325"
                          HPOS="1021"
                          CONTENT="prius"/>
                  <SP HEIGHT="34" WIDTH="11" VPOS="325" HPOS="1116"/>
                  <String HEIGHT="34"
                          WIDTH="95"
                          VPOS="325"
                          HPOS="1085"
                          CONTENT="facta"/>
                  <SP HEIGHT="34" WIDTH="11" VPOS="325" HPOS="1180"/>
                  <String HEIGHT="34"
                          WIDTH="127"
                          VPOS="325"
                          HPOS="1148"
                          CONTENT="scilicet"/>
                  <SP HEIGHT="34" WIDTH="11" VPOS="325" HPOS="1275"/>
                  <String HEIGHT="34" WIDTH="64" VPOS="325" HPOS="1244" CONTENT="de"/>
                  <SP HEIGHT="34" WIDTH="11" VPOS="325" HPOS="1307"/>
                  <String HEIGHT="34"
                          WIDTH="170"
                          VPOS="325"
                          HPOS="1275"
                          CONTENT="simplicitate"/>
                  <SP HEIGHT="34" WIDTH="11" VPOS="325" HPOS="1445"/>
                  <String HEIGHT="34"
                          WIDTH="95"
                          VPOS="325"
                          HPOS="1413"
                          CONTENT="forme"/>
                  <SP HEIGHT="34" WIDTH="11" VPOS="325" HPOS="1508"/>
                  <String HEIGHT="34" WIDTH="64" VPOS="325" HPOS="1477" CONTENT="et"/>
                  <SP HEIGHT="34" WIDTH="11" VPOS="325" HPOS="1540"/>
                  <String HEIGHT="34"
                          WIDTH="74"
                          VPOS="325"
                          HPOS="1498"
                          CONTENT="simi"
                          SUBS_TYPE="HypPart1"
                          SUBS_CONTENT="similia"/>
                  <HYP CONTENT="-"/>
               </TextLine>
               <TextLine ID="r2l8"
                         BASELINE="388"
                         HEIGHT="38"
                         WIDTH="609"
                         VPOS="350"
                         HPOS="966">
                  <String HEIGHT="38"
                          WIDTH="65"
                          VPOS="350"
                          HPOS="957"
                          CONTENT="lia"
                          SUBS_TYPE="HypPart2"
                          SUBS_CONTENT="similia"/>
                  <SP HEIGHT="38" WIDTH="9" VPOS="350" HPOS="1021"/>
                  <String HEIGHT="38" WIDTH="55" VPOS="350" HPOS="994" CONTENT="et"/>
                  <SP HEIGHT="38" WIDTH="9" VPOS="350" HPOS="1049"/>
                  <String HEIGHT="38"
                          WIDTH="83"
                          VPOS="350"
                          HPOS="1021"
                          CONTENT="multa"/>
                  <SP HEIGHT="38" WIDTH="9" VPOS="350" HPOS="1104"/>
                  <String HEIGHT="38"
                          WIDTH="74"
                          VPOS="350"
                          HPOS="1077"
                          CONTENT="quae"/>
                  <SP HEIGHT="38" WIDTH="9" VPOS="350" HPOS="1151"/>
                  <String HEIGHT="38"
                          WIDTH="120"
                          VPOS="350"
                          HPOS="1123"
                          CONTENT="tangentur"/>
                  <SP HEIGHT="38" WIDTH="9" VPOS="350" HPOS="1243"/>
                  <String HEIGHT="38" WIDTH="55" VPOS="350" HPOS="1215" CONTENT="in"/>
                  <SP HEIGHT="38" WIDTH="9" VPOS="350" HPOS="1271"/>
                  <String HEIGHT="38"
                          WIDTH="111"
                          VPOS="350"
                          HPOS="1243"
                          CONTENT="sequenti"/>
                  <SP HEIGHT="38" WIDTH="9" VPOS="350" HPOS="1354"/>
                  <String HEIGHT="38"
                          WIDTH="111"
                          VPOS="350"
                          HPOS="1326"
                          CONTENT="articulo"/>
                  <SP HEIGHT="38" WIDTH="9" VPOS="350" HPOS="1437"/>
                  <String HEIGHT="38" WIDTH="65" VPOS="350" HPOS="1409" CONTENT="nec"/>
                  <SP HEIGHT="38" WIDTH="9" VPOS="350" HPOS="1474"/>
                  <String HEIGHT="38"
                          WIDTH="83"
                          VPOS="350"
                          HPOS="1446"
                          CONTENT="tamen"/>
                  <SP HEIGHT="38" WIDTH="9" VPOS="350" HPOS="1529"/>
                  <String HEIGHT="38"
                          WIDTH="83"
                          VPOS="350"
                          HPOS="1492"
                          CONTENT="praeter"/>
               </TextLine>
               <TextLine ID="r2l10"
                         BASELINE="415"
                         HEIGHT="35"
                         WIDTH="602"
                         VPOS="380"
                         HPOS="973">
                  <String HEIGHT="35" WIDTH="75" VPOS="380" HPOS="964" CONTENT="illa"/>
                  <SP HEIGHT="35" WIDTH="9" VPOS="380" HPOS="1039"/>
                  <String HEIGHT="35" WIDTH="66" VPOS="380" HPOS="1011" CONTENT="sic"/>
                  <SP HEIGHT="35" WIDTH="9" VPOS="380" HPOS="1076"/>
                  <String HEIGHT="35"
                          WIDTH="122"
                          VPOS="380"
                          HPOS="1048"
                          CONTENT="obiicitur"/>
                  <SP HEIGHT="35" WIDTH="9" VPOS="380" HPOS="1171"/>
                  <String HEIGHT="35"
                          WIDTH="75"
                          VPOS="380"
                          HPOS="1142"
                          CONTENT="quia"/>
                  <SP HEIGHT="35" WIDTH="9" VPOS="380" HPOS="1218"/>
                  <String HEIGHT="35" WIDTH="56" VPOS="380" HPOS="1189" CONTENT="si"/>
                  <SP HEIGHT="35" WIDTH="9" VPOS="380" HPOS="1246"/>
                  <String HEIGHT="35"
                          WIDTH="103"
                          VPOS="380"
                          HPOS="1218"
                          CONTENT="praeter"/>
                  <SP HEIGHT="35" WIDTH="9" VPOS="380" HPOS="1321"/>
                  <String HEIGHT="35"
                          WIDTH="94"
                          VPOS="380"
                          HPOS="1293"
                          CONTENT="gradum"/>
                  <SP HEIGHT="35" WIDTH="9" VPOS="380" HPOS="1387"/>
                  <String HEIGHT="35"
                          WIDTH="141"
                          VPOS="380"
                          HPOS="1359"
                          CONTENT="praehabitum"/>
                  <SP HEIGHT="35" WIDTH="9" VPOS="380" HPOS="1500"/>
                  <String HEIGHT="35"
                          WIDTH="103"
                          VPOS="380"
                          HPOS="1472"
                          CONTENT="aliquid"/>
                  <SP HEIGHT="35" WIDTH="9" VPOS="380" HPOS="1575"/>
                  <String HEIGHT="35" WIDTH="38" VPOS="380" HPOS="1537" CONTENT="no"/>
               </TextLine>
               <TextLine ID="r2l13"
                         BASELINE="444"
                         HEIGHT="34"
                         WIDTH="599"
                         VPOS="410"
                         HPOS="975">
                  <String HEIGHT="34" WIDTH="89" VPOS="410" HPOS="962" CONTENT="uum"/>
                  <SP HEIGHT="34" WIDTH="13" VPOS="410" HPOS="1051"/>
                  <String HEIGHT="34"
                          WIDTH="127"
                          VPOS="410"
                          HPOS="1013"
                          CONTENT="euenit"/>
                  <SP HEIGHT="34" WIDTH="13" VPOS="410" HPOS="1141"/>
                  <String HEIGHT="34"
                          WIDTH="140"
                          VPOS="410"
                          HPOS="1102"
                          CONTENT="priori."/>
                  <SP HEIGHT="34" WIDTH="13" VPOS="410" HPOS="1243"/>
                  <String HEIGHT="34" WIDTH="64" VPOS="410" HPOS="1204" CONTENT="â‹"/>
                  <SP HEIGHT="34" WIDTH="13" VPOS="410" HPOS="1268"/>
                  <String HEIGHT="34" WIDTH="89" VPOS="410" HPOS="1230" CONTENT="Aut"/>
                  <SP HEIGHT="34" WIDTH="13" VPOS="410" HPOS="1319"/>
                  <String HEIGHT="34"
                          WIDTH="127"
                          VPOS="410"
                          HPOS="1281"
                          CONTENT="igitur"/>
                  <SP HEIGHT="34" WIDTH="13" VPOS="410" HPOS="1408"/>
                  <String HEIGHT="34"
                          WIDTH="115"
                          VPOS="410"
                          HPOS="1370"
                          CONTENT="illud"/>
                  <SP HEIGHT="34" WIDTH="13" VPOS="410" HPOS="1485"/>
                  <String HEIGHT="34"
                          WIDTH="140"
                          VPOS="410"
                          HPOS="1434"
                          CONTENT="adueniens"/>
               </TextLine>
               <TextLine ID="r2l14"
                         BASELINE="473"
                         HEIGHT="35"
                         WIDTH="614"
                         VPOS="438"
                         HPOS="969">
                  <String HEIGHT="35" WIDTH="84" VPOS="438" HPOS="957" CONTENT="est"/>
                  <SP HEIGHT="35" WIDTH="12" VPOS="438" HPOS="1041"/>
                  <String HEIGHT="35"
                          WIDTH="169"
                          VPOS="438"
                          HPOS="1005"
                          CONTENT="essentiale"/>
                  <SP HEIGHT="35" WIDTH="12" VPOS="438" HPOS="1174"/>
                  <String HEIGHT="35" WIDTH="84" VPOS="438" HPOS="1138" CONTENT="vel"/>
                  <SP HEIGHT="35" WIDTH="12" VPOS="438" HPOS="1222"/>
                  <String HEIGHT="35"
                          WIDTH="120"
                          VPOS="438"
                          HPOS="1186"
                          CONTENT="nature"/>
                  <SP HEIGHT="35" WIDTH="12" VPOS="438" HPOS="1306"/>
                  <String HEIGHT="35"
                          WIDTH="157"
                          VPOS="438"
                          HPOS="1270"
                          CONTENT="specifice"/>
                  <SP HEIGHT="35" WIDTH="12" VPOS="438" HPOS="1426"/>
                  <String HEIGHT="35" WIDTH="84" VPOS="438" HPOS="1390" CONTENT="aut"/>
                  <SP HEIGHT="35" WIDTH="12" VPOS="438" HPOS="1475"/>
                  <String HEIGHT="35"
                          WIDTH="157"
                          VPOS="438"
                          HPOS="1426"
                          CONTENT="accidentale"/>
               </TextLine>
               <TextLine ID="r2l17"
                         BASELINE="500"
                         HEIGHT="35"
                         WIDTH="606"
                         VPOS="465"
                         HPOS="971">
                  <String HEIGHT="35" WIDTH="65" VPOS="465" HPOS="960" CONTENT="si"/>
                  <SP HEIGHT="35" WIDTH="11" VPOS="465" HPOS="1025"/>
                  <String HEIGHT="35"
                          WIDTH="152"
                          VPOS="465"
                          HPOS="993"
                          CONTENT="essentiale"/>
                  <SP HEIGHT="35" WIDTH="11" VPOS="465" HPOS="1144"/>
                  <String HEIGHT="35"
                          WIDTH="108"
                          VPOS="465"
                          HPOS="1112"
                          CONTENT="igitur"/>
                  <SP HEIGHT="35" WIDTH="11" VPOS="465" HPOS="1220"/>
                  <String HEIGHT="35"
                          WIDTH="162"
                          VPOS="465"
                          HPOS="1187"
                          CONTENT="preexistens"/>
                  <SP HEIGHT="35" WIDTH="11" VPOS="465" HPOS="1350"/>
                  <String HEIGHT="35"
                          WIDTH="87"
                          VPOS="465"
                          HPOS="1317"
                          CONTENT="sine"/>
                  <SP HEIGHT="35" WIDTH="11" VPOS="465" HPOS="1404"/>
                  <String HEIGHT="35"
                          WIDTH="87"
                          VPOS="465"
                          HPOS="1371"
                          CONTENT="isto"/>
                  <SP HEIGHT="35" WIDTH="11" VPOS="465" HPOS="1458"/>
                  <String HEIGHT="35" WIDTH="76" VPOS="465" HPOS="1426" CONTENT="non"/>
                  <SP HEIGHT="35" WIDTH="11" VPOS="465" HPOS="1501"/>
                  <String HEIGHT="35"
                          WIDTH="97"
                          VPOS="465"
                          HPOS="1469"
                          CONTENT="esset"/>
                  <SP HEIGHT="35" WIDTH="11" VPOS="465" HPOS="1566"/>
                  <String HEIGHT="35" WIDTH="54" VPOS="465" HPOS="1523" CONTENT="per"/>
               </TextLine>
               <TextLine ID="r2l19"
                         BASELINE="525"
                         HEIGHT="32"
                         WIDTH="612"
                         VPOS="493"
                         HPOS="971">
                  <String HEIGHT="32" WIDTH="64" VPOS="493" HPOS="960" CONTENT="se"/>
                  <SP HEIGHT="32" WIDTH="11" VPOS="493" HPOS="1025"/>
                  <String HEIGHT="32" WIDTH="64" VPOS="493" HPOS="992" CONTENT="in"/>
                  <SP HEIGHT="32" WIDTH="11" VPOS="493" HPOS="1057"/>
                  <String HEIGHT="32"
                          WIDTH="107"
                          VPOS="493"
                          HPOS="1025"
                          CONTENT="specie"/>
                  <SP HEIGHT="32" WIDTH="11" VPOS="493" HPOS="1132"/>
                  <String HEIGHT="32"
                          WIDTH="86"
                          VPOS="493"
                          HPOS="1100"
                          CONTENT="ista"/>
                  <SP HEIGHT="32" WIDTH="11" VPOS="493" HPOS="1186"/>
                  <String HEIGHT="32"
                          WIDTH="107"
                          VPOS="493"
                          HPOS="1154"
                          CONTENT="igitur"/>
                  <SP HEIGHT="32" WIDTH="11" VPOS="493" HPOS="1261"/>
                  <String HEIGHT="32"
                          WIDTH="161"
                          VPOS="493"
                          HPOS="1229"
                          CONTENT="accidentale"/>
                  <SP HEIGHT="32" WIDTH="11" VPOS="493" HPOS="1390"/>
                  <String HEIGHT="32"
                          WIDTH="107"
                          VPOS="493"
                          HPOS="1358"
                          CONTENT="igitur"/>
                  <SP HEIGHT="32" WIDTH="11" VPOS="493" HPOS="1465"/>
                  <String HEIGHT="32" WIDTH="75" VPOS="493" HPOS="1433" CONTENT="non"/>
                  <SP HEIGHT="32" WIDTH="11" VPOS="493" HPOS="1508"/>
                  <String HEIGHT="32"
                          WIDTH="97"
                          VPOS="493"
                          HPOS="1476"
                          CONTENT="facit"/>
                  <SP HEIGHT="32" WIDTH="11" VPOS="493" HPOS="1572"/>
                  <String HEIGHT="32" WIDTH="54" VPOS="493" HPOS="1529" CONTENT="per"/>
               </TextLine>
               <TextLine ID="r2l21"
                         BASELINE="548"
                         HEIGHT="28"
                         WIDTH="610"
                         VPOS="520"
                         HPOS="974">
                  <String HEIGHT="28" WIDTH="59" VPOS="520" HPOS="964" CONTENT="se"/>
                  <SP HEIGHT="28" WIDTH="10" VPOS="520" HPOS="1023"/>
                  <String HEIGHT="28" WIDTH="79" VPOS="520" HPOS="994" CONTENT="vnum"/>
                  <SP HEIGHT="28" WIDTH="10" VPOS="520" HPOS="1072"/>
                  <String HEIGHT="28" WIDTH="69" VPOS="520" HPOS="1043" CONTENT="cum"/>
                  <SP HEIGHT="28" WIDTH="10" VPOS="520" HPOS="1112"/>
                  <String HEIGHT="28"
                          WIDTH="79"
                          VPOS="520"
                          HPOS="1082"
                          CONTENT="isto"/>
                  <SP HEIGHT="28" WIDTH="10" VPOS="520" HPOS="1161"/>
                  <String HEIGHT="28" WIDTH="59" VPOS="520" HPOS="1131" CONTENT="et"/>
                  <SP HEIGHT="28" WIDTH="10" VPOS="520" HPOS="1190"/>
                  <String HEIGHT="28" WIDTH="69" VPOS="520" HPOS="1161" CONTENT="per"/>
                  <SP HEIGHT="28" WIDTH="10" VPOS="520" HPOS="1230"/>
                  <String HEIGHT="28"
                          WIDTH="138"
                          VPOS="520"
                          HPOS="1200"
                          CONTENT="consequens"/>
                  <SP HEIGHT="28" WIDTH="10" VPOS="520" HPOS="1338"/>
                  <String HEIGHT="28" WIDTH="69" VPOS="520" HPOS="1309" CONTENT="non"/>
                  <SP HEIGHT="28" WIDTH="10" VPOS="520" HPOS="1377"/>
                  <String HEIGHT="28"
                          WIDTH="128"
                          VPOS="520"
                          HPOS="1348"
                          CONTENT="augmentat"/>
                  <SP HEIGHT="28" WIDTH="10" VPOS="520" HPOS="1476"/>
                  <String HEIGHT="28"
                          WIDTH="118"
                          VPOS="520"
                          HPOS="1446"
                          CONTENT="seipsum."/>
                  <SP HEIGHT="28" WIDTH="10" VPOS="520" HPOS="1564"/>
                  <String HEIGHT="28"
                          WIDTH="59"
                          VPOS="520"
                          HPOS="1525"
                          CONTENT="Pro"
                          SUBS_TYPE="HypPart1"
                          SUBS_CONTENT="Probatur"/>
                  <HYP CONTENT="-"/>
               </TextLine>
               <TextLine ID="r2l23"
                         BASELINE="580"
                         HEIGHT="33"
                         WIDTH="609"
                         VPOS="547"
                         HPOS="970">
                  <String HEIGHT="33"
                          WIDTH="105"
                          VPOS="547"
                          HPOS="958"
                          CONTENT="batur"
                          SUBS_TYPE="HypPart2"
                          SUBS_CONTENT="Probatur"/>
                  <SP HEIGHT="33" WIDTH="12" VPOS="547" HPOS="1064"/>
                  <String HEIGHT="33"
                          WIDTH="176"
                          VPOS="547"
                          HPOS="1029"
                          CONTENT="augmentatio"/>
                  <SP HEIGHT="33" WIDTH="12" VPOS="547" HPOS="1204"/>
                  <String HEIGHT="33" WIDTH="70" VPOS="547" HPOS="1169" CONTENT="et"/>
                  <SP HEIGHT="33" WIDTH="12" VPOS="547" HPOS="1239"/>
                  <String HEIGHT="33"
                          WIDTH="152"
                          VPOS="547"
                          HPOS="1204"
                          CONTENT="generatio"/>
                  <SP HEIGHT="33" WIDTH="12" VPOS="547" HPOS="1356"/>
                  <String HEIGHT="33"
                          WIDTH="94"
                          VPOS="547"
                          HPOS="1321"
                          CONTENT="sunt"/>
                  <SP HEIGHT="33" WIDTH="12" VPOS="547" HPOS="1415"/>
                  <String HEIGHT="33"
                          WIDTH="164"
                          VPOS="547"
                          HPOS="1380"
                          CONTENT="mutationes"/>
                  <SP HEIGHT="33" WIDTH="12" VPOS="547" HPOS="1544"/>
                  <String HEIGHT="33"
                          WIDTH="82"
                          VPOS="547"
                          HPOS="1497"
                          CONTENT="disti"/>
               </TextLine>
               <TextLine ID="r2l24"
                         BASELINE="611"
                         HEIGHT="33"
                         WIDTH="604"
                         VPOS="578"
                         HPOS="975">
                  <String HEIGHT="33" WIDTH="81" VPOS="578" HPOS="963" CONTENT="cte"/>
                  <SP HEIGHT="33" WIDTH="12" VPOS="578" HPOS="1045"/>
                  <String HEIGHT="33"
                          WIDTH="116"
                          VPOS="578"
                          HPOS="1010"
                          CONTENT="igitur"/>
                  <SP HEIGHT="33" WIDTH="12" VPOS="578" HPOS="1126"/>
                  <String HEIGHT="33"
                          WIDTH="128"
                          VPOS="578"
                          HPOS="1091"
                          CONTENT="poterit"/>
                  <SP HEIGHT="33" WIDTH="12" VPOS="578" HPOS="1219"/>
                  <String HEIGHT="33"
                          WIDTH="93"
                          VPOS="578"
                          HPOS="1184"
                          CONTENT="esse"/>
                  <SP HEIGHT="33" WIDTH="12" VPOS="578" HPOS="1277"/>
                  <String HEIGHT="33"
                          WIDTH="174"
                          VPOS="578"
                          HPOS="1242"
                          CONTENT="augmentatio"/>
                  <SP HEIGHT="33" WIDTH="12" VPOS="578" HPOS="1416"/>
                  <String HEIGHT="33"
                          WIDTH="93"
                          VPOS="578"
                          HPOS="1382"
                          CONTENT="sine"/>
                  <SP HEIGHT="33" WIDTH="12" VPOS="578" HPOS="1474"/>
                  <String HEIGHT="33"
                          WIDTH="151"
                          VPOS="578"
                          HPOS="1428"
                          CONTENT="generatione"/>
               </TextLine>
               <TextLine ID="r2l26"
                         BASELINE="641"
                         HEIGHT="36"
                         WIDTH="611"
                         VPOS="605"
                         HPOS="974">
                  <String HEIGHT="36"
                          WIDTH="131"
                          VPOS="605"
                          HPOS="963"
                          CONTENT="alicuius"/>
                  <SP HEIGHT="36" WIDTH="11" VPOS="605" HPOS="1094"/>
                  <String HEIGHT="36"
                          WIDTH="98"
                          VPOS="605"
                          HPOS="1061"
                          CONTENT="noui."/>
                  <SP HEIGHT="36" WIDTH="11" VPOS="605" HPOS="1159"/>
                  <String HEIGHT="36"
                          WIDTH="131"
                          VPOS="605"
                          HPOS="1127"
                          CONTENT="Probatur"/>
                  <SP HEIGHT="36" WIDTH="11" VPOS="605" HPOS="1258"/>
                  <String HEIGHT="36"
                          WIDTH="109"
                          VPOS="605"
                          HPOS="1225"
                          CONTENT="quando"/>
                  <SP HEIGHT="36" WIDTH="11" VPOS="605" HPOS="1334"/>
                  <String HEIGHT="36"
                          WIDTH="120"
                          VPOS="605"
                          HPOS="1301"
                          CONTENT="aliquod"/>
                  <SP HEIGHT="36" WIDTH="11" VPOS="605" HPOS="1421"/>
                  <String HEIGHT="36"
                          WIDTH="109"
                          VPOS="605"
                          HPOS="1389"
                          CONTENT="corpus"/>
                  <SP HEIGHT="36" WIDTH="11" VPOS="605" HPOS="1498"/>
                  <String HEIGHT="36"
                          WIDTH="109"
                          VPOS="605"
                          HPOS="1465"
                          CONTENT="albuml"/>
                  <SP HEIGHT="36" WIDTH="11" VPOS="605" HPOS="1574"/>
                  <String HEIGHT="36" WIDTH="55" VPOS="605" HPOS="1530" CONTENT="con"/>
               </TextLine>
               <TextLine ID="r2l29"
                         BASELINE="665"
                         HEIGHT="33"
                         WIDTH="599"
                         VPOS="632"
                         HPOS="978">
                  <String HEIGHT="33"
                          WIDTH="120"
                          VPOS="632"
                          HPOS="969"
                          CONTENT="dempsatur"/>
                  <SP HEIGHT="33" WIDTH="9" VPOS="632" HPOS="1089"/>
                  <String HEIGHT="33"
                          WIDTH="83"
                          VPOS="632"
                          HPOS="1061"
                          CONTENT="patet"/>
                  <SP HEIGHT="33" WIDTH="9" VPOS="632" HPOS="1144"/>
                  <String HEIGHT="33" WIDTH="55" VPOS="632" HPOS="1116" CONTENT="ad"/>
                  <SP HEIGHT="33" WIDTH="9" VPOS="632" HPOS="1172"/>
                  <String HEIGHT="33"
                          WIDTH="92"
                          VPOS="632"
                          HPOS="1144"
                          CONTENT="sensum"/>
                  <SP HEIGHT="33" WIDTH="9" VPOS="632" HPOS="1236"/>
                  <String HEIGHT="33"
                          WIDTH="74"
                          VPOS="632"
                          HPOS="1208"
                          CONTENT="quod"/>
                  <SP HEIGHT="33" WIDTH="9" VPOS="632" HPOS="1282"/>
                  <String HEIGHT="33"
                          WIDTH="83"
                          VPOS="632"
                          HPOS="1254"
                          CONTENT="illud"/>
                  <SP HEIGHT="33" WIDTH="9" VPOS="632" HPOS="1337"/>
                  <String HEIGHT="33" WIDTH="65" VPOS="632" HPOS="1310" CONTENT="fit"/>
                  <SP HEIGHT="33" WIDTH="9" VPOS="632" HPOS="1374"/>
                  <String HEIGHT="33"
                          WIDTH="92"
                          VPOS="632"
                          HPOS="1347"
                          CONTENT="albius"/>
                  <SP HEIGHT="33" WIDTH="9" VPOS="632" HPOS="1439"/>
                  <String HEIGHT="33" WIDTH="55" VPOS="632" HPOS="1411" CONTENT="et"/>
                  <SP HEIGHT="33" WIDTH="9" VPOS="632" HPOS="1466"/>
                  <String HEIGHT="33" WIDTH="65" VPOS="632" HPOS="1439" CONTENT="per"/>
                  <SP HEIGHT="33" WIDTH="9" VPOS="632" HPOS="1503"/>
                  <String HEIGHT="33"
                          WIDTH="111"
                          VPOS="632"
                          HPOS="1466"
                          CONTENT="consequens"/>
               </TextLine>
               <TextLine ID="r2l30"
                         BASELINE="694"
                         HEIGHT="32"
                         WIDTH="603"
                         VPOS="662"
                         HPOS="974">
                  <String HEIGHT="32"
                          WIDTH="128"
                          VPOS="662"
                          HPOS="962"
                          CONTENT="crescit"/>
                  <SP HEIGHT="32" WIDTH="12" VPOS="662" HPOS="1090"/>
                  <String HEIGHT="32"
                          WIDTH="116"
                          VPOS="662"
                          HPOS="1055"
                          CONTENT="albedo"/>
                  <SP HEIGHT="32" WIDTH="12" VPOS="662" HPOS="1171"/>
                  <String HEIGHT="32"
                          WIDTH="116"
                          VPOS="662"
                          HPOS="1136"
                          CONTENT="illius"/>
                  <SP HEIGHT="32" WIDTH="12" VPOS="662" HPOS="1252"/>
                  <String HEIGHT="32"
                          WIDTH="151"
                          VPOS="662"
                          HPOS="1218"
                          CONTENT="intensiue"/>
                  <SP HEIGHT="32" WIDTH="12" VPOS="662" HPOS="1368"/>
                  <String HEIGHT="32" WIDTH="70" VPOS="662" HPOS="1333" CONTENT="et"/>
                  <SP HEIGHT="32" WIDTH="12" VPOS="662" HPOS="1403"/>
                  <String HEIGHT="32"
                          WIDTH="104"
                          VPOS="662"
                          HPOS="1368"
                          CONTENT="tamen"/>
                  <SP HEIGHT="32" WIDTH="12" VPOS="662" HPOS="1473"/>
                  <String HEIGHT="32"
                          WIDTH="104"
                          VPOS="662"
                          HPOS="1438"
                          CONTENT="nihil"/>
                  <SP HEIGHT="32" WIDTH="12" VPOS="662" HPOS="1542"/>
                  <String HEIGHT="32"
                          WIDTH="81"
                          VPOS="662"
                          HPOS="1496"
                          CONTENT="nouum"/>
               </TextLine>
               <TextLine ID="r2l32"
                         BASELINE="719"
                         HEIGHT="28"
                         WIDTH="606"
                         VPOS="691"
                         HPOS="970">
                  <String HEIGHT="28"
                          WIDTH="136"
                          VPOS="691"
                          HPOS="958"
                          CONTENT="aduenit"/>
                  <SP HEIGHT="28" WIDTH="12" VPOS="691" HPOS="1094"/>
                  <String HEIGHT="28"
                          WIDTH="99"
                          VPOS="691"
                          HPOS="1057"
                          CONTENT="sibi"/>
                  <SP HEIGHT="28" WIDTH="12" VPOS="691" HPOS="1156"/>
                  <String HEIGHT="28" WIDTH="74" VPOS="691" HPOS="1118" CONTENT="in"/>
                  <SP HEIGHT="28" WIDTH="12" VPOS="691" HPOS="1193"/>
                  <String HEIGHT="28"
                          WIDTH="111"
                          VPOS="691"
                          HPOS="1156"
                          CONTENT="eadem"/>
                  <SP HEIGHT="28" WIDTH="12" VPOS="691" HPOS="1267"/>
                  <String HEIGHT="28"
                          WIDTH="111"
                          VPOS="691"
                          HPOS="1230"
                          CONTENT="parte"/>
                  <SP HEIGHT="28" WIDTH="12" VPOS="691" HPOS="1341"/>
                  <String HEIGHT="28"
                          WIDTH="161"
                          VPOS="691"
                          HPOS="1304"
                          CONTENT="subiecti."/>
                  <SP HEIGHT="28" WIDTH="12" VPOS="691" HPOS="1465"/>
                  <String HEIGHT="28"
                          WIDTH="99"
                          VPOS="691"
                          HPOS="1428"
                          CONTENT="Item"/>
                  <SP HEIGHT="28" WIDTH="12" VPOS="691" HPOS="1527"/>
                  <String HEIGHT="28"
                          WIDTH="99"
                          VPOS="691"
                          HPOS="1477"
                          CONTENT="octauo"/>
               </TextLine>
               <TextLine ID="r2l34"
                         BASELINE="748"
                         HEIGHT="30"
                         WIDTH="610"
                         VPOS="718"
                         HPOS="970">
                  <String HEIGHT="30"
                          WIDTH="117"
                          VPOS="718"
                          HPOS="958"
                          CONTENT="metha."/>
                  <SP HEIGHT="30" WIDTH="12" VPOS="718" HPOS="1076"/>
                  <String HEIGHT="30"
                          WIDTH="106"
                          VPOS="718"
                          HPOS="1040"
                          CONTENT="forme"/>
                  <SP HEIGHT="30" WIDTH="12" VPOS="718" HPOS="1146"/>
                  <String HEIGHT="30"
                          WIDTH="94"
                          VPOS="718"
                          HPOS="1111"
                          CONTENT="sunt"/>
                  <SP HEIGHT="30" WIDTH="12" VPOS="718" HPOS="1205"/>
                  <String HEIGHT="30"
                          WIDTH="106"
                          VPOS="718"
                          HPOS="1169"
                          CONTENT="sicut"/>
                  <SP HEIGHT="30" WIDTH="12" VPOS="718" HPOS="1275"/>
                  <String HEIGHT="30"
                          WIDTH="117"
                          VPOS="718"
                          HPOS="1240"
                          CONTENT="numeri"/>
                  <SP HEIGHT="30" WIDTH="12" VPOS="718" HPOS="1357"/>
                  <String HEIGHT="30"
                          WIDTH="117"
                          VPOS="718"
                          HPOS="1322"
                          CONTENT="igitur"/>
                  <SP HEIGHT="30" WIDTH="12" VPOS="718" HPOS="1439"/>
                  <String HEIGHT="30"
                          WIDTH="106"
                          VPOS="718"
                          HPOS="1404"
                          CONTENT="sicut"/>
                  <SP HEIGHT="30" WIDTH="12" VPOS="718" HPOS="1510"/>
                  <String HEIGHT="30" WIDTH="82" VPOS="718" HPOS="1474" CONTENT="non"/>
                  <SP HEIGHT="30" WIDTH="12" VPOS="718" HPOS="1557"/>
                  <String HEIGHT="30"
                          WIDTH="70"
                          VPOS="718"
                          HPOS="1510"
                          CONTENT="pos"
                          SUBS_TYPE="HypPart1"
                          SUBS_CONTENT="posset"/>
                  <HYP CONTENT="-"/>
               </TextLine>
               <TextLine ID="r2l36"
                         BASELINE="775"
                         HEIGHT="31"
                         WIDTH="602"
                         VPOS="744"
                         HPOS="978">
                  <String HEIGHT="31"
                          WIDTH="88"
                          VPOS="744"
                          HPOS="965"
                          CONTENT="set"
                          SUBS_TYPE="HypPart2"
                          SUBS_CONTENT="posset"/>
                  <SP HEIGHT="31" WIDTH="13" VPOS="744" HPOS="1053"/>
                  <String HEIGHT="31"
                          WIDTH="125"
                          VPOS="744"
                          HPOS="1016"
                          CONTENT="vnitas"/>
                  <SP HEIGHT="31" WIDTH="13" VPOS="744" HPOS="1141"/>
                  <String HEIGHT="31"
                          WIDTH="100"
                          VPOS="744"
                          HPOS="1103"
                          CONTENT="addi"/>
                  <SP HEIGHT="31" WIDTH="13" VPOS="744" HPOS="1204"/>
                  <String HEIGHT="31" WIDTH="75" VPOS="744" HPOS="1166" CONTENT="ad"/>
                  <SP HEIGHT="31" WIDTH="13" VPOS="744" HPOS="1241"/>
                  <String HEIGHT="31"
                          WIDTH="138"
                          VPOS="744"
                          HPOS="1204"
                          CONTENT="nunerum"/>
                  <SP HEIGHT="31" WIDTH="13" VPOS="744" HPOS="1342"/>
                  <String HEIGHT="31"
                          WIDTH="100"
                          VPOS="744"
                          HPOS="1304"
                          CONTENT="quin"/>
                  <SP HEIGHT="31" WIDTH="13" VPOS="744" HPOS="1404"/>
                  <String HEIGHT="31"
                          WIDTH="151"
                          VPOS="744"
                          HPOS="1367"
                          CONTENT="varietur"/>
                  <SP HEIGHT="31" WIDTH="13" VPOS="744" HPOS="1517"/>
                  <String HEIGHT="31"
                          WIDTH="113"
                          VPOS="744"
                          HPOS="1467"
                          CONTENT="species"/>
               </TextLine>
               <TextLine ID="r2l39"
                         BASELINE="811"
                         HEIGHT="38"
                         WIDTH="611"
                         VPOS="773"
                         HPOS="969">
                  <String HEIGHT="38" WIDTH="87" VPOS="773" HPOS="957" CONTENT="sic"/>
                  <SP HEIGHT="38" WIDTH="12" VPOS="773" HPOS="1044"/>
                  <String HEIGHT="38" WIDTH="87" VPOS="773" HPOS="1006" CONTENT="nec"/>
                  <SP HEIGHT="38" WIDTH="12" VPOS="773" HPOS="1094"/>
                  <String HEIGHT="38"
                          WIDTH="125"
                          VPOS="773"
                          HPOS="1056"
                          CONTENT="gradus"/>
                  <SP HEIGHT="38" WIDTH="12" VPOS="773" HPOS="1181"/>
                  <String HEIGHT="38" WIDTH="75" VPOS="773" HPOS="1144" CONTENT="ad"/>
                  <SP HEIGHT="38" WIDTH="12" VPOS="773" HPOS="1218"/>
                  <String HEIGHT="38"
                          WIDTH="125"
                          VPOS="773"
                          HPOS="1181"
                          CONTENT="formam"/>
                  <SP HEIGHT="38" WIDTH="12" VPOS="773" HPOS="1306"/>
                  <String HEIGHT="38"
                          WIDTH="212"
                          VPOS="773"
                          HPOS="1268"
                          CONTENT="preexistentem"/>
                  <SP HEIGHT="38" WIDTH="12" VPOS="773" HPOS="1480"/>
                  <String HEIGHT="38" WIDTH="87" VPOS="773" HPOS="1443" CONTENT="nec"/>
                  <SP HEIGHT="38" WIDTH="12" VPOS="773" HPOS="1530"/>
                  <String HEIGHT="38"
                          WIDTH="100"
                          VPOS="773"
                          HPOS="1480"
                          CONTENT="speci"
                          SUBS_TYPE="HypPart1"
                          SUBS_CONTENT="species"/>
                  <HYP CONTENT="-"/>
               </TextLine>
               <TextLine ID="r2l40"
                         BASELINE="833"
                         HEIGHT="33"
                         WIDTH="603"
                         VPOS="800"
                         HPOS="978">
                  <String HEIGHT="33"
                          WIDTH="68"
                          VPOS="800"
                          HPOS="967"
                          CONTENT="es"
                          SUBS_TYPE="HypPart2"
                          SUBS_CONTENT="species"/>
                  <SP HEIGHT="33" WIDTH="11" VPOS="800" HPOS="1035"/>
                  <String HEIGHT="33"
                          WIDTH="137"
                          VPOS="800"
                          HPOS="1001"
                          CONTENT="varietur"/>
                  <SP HEIGHT="33" WIDTH="11" VPOS="800" HPOS="1137"/>
                  <String HEIGHT="33" WIDTH="68" VPOS="800" HPOS="1103" CONTENT="in"/>
                  <SP HEIGHT="33" WIDTH="11" VPOS="800" HPOS="1171"/>
                  <String HEIGHT="33"
                          WIDTH="148"
                          VPOS="800"
                          HPOS="1137"
                          CONTENT="supposito"/>
                  <SP HEIGHT="33" WIDTH="11" VPOS="800" HPOS="1285"/>
                  <String HEIGHT="33"
                          WIDTH="91"
                          VPOS="800"
                          HPOS="1251"
                          CONTENT="quod"/>
                  <SP HEIGHT="33" WIDTH="11" VPOS="800" HPOS="1342"/>
                  <String HEIGHT="33"
                          WIDTH="102"
                          VPOS="800"
                          HPOS="1308"
                          CONTENT="forma"/>
                  <SP HEIGHT="33" WIDTH="11" VPOS="800" HPOS="1410"/>
                  <String HEIGHT="33"
                          WIDTH="125"
                          VPOS="800"
                          HPOS="1376"
                          CONTENT="intensa"/>
                  <SP HEIGHT="33" WIDTH="11" VPOS="800" HPOS="1501"/>
                  <String HEIGHT="33" WIDTH="80" VPOS="800" HPOS="1467" CONTENT="sit"/>
                  <SP HEIGHT="33" WIDTH="11" VPOS="800" HPOS="1547"/>
                  <String HEIGHT="33"
                          WIDTH="80"
                          VPOS="800"
                          HPOS="1501"
                          CONTENT="eius"
                          SUBS_TYPE="HypPart1"
                          SUBS_CONTENT="eiusdem"/>
                  <HYP CONTENT="-"/>
               </TextLine>
               <TextLine ID="r2l42"
                         BASELINE="865"
                         HEIGHT="36"
                         WIDTH="601"
                         VPOS="829"
                         HPOS="974">
                  <String HEIGHT="36"
                          WIDTH="79"
                          VPOS="829"
                          HPOS="963"
                          CONTENT="dem"
                          SUBS_TYPE="HypPart2"
                          SUBS_CONTENT="eiusdem"/>
                  <SP HEIGHT="36" WIDTH="11" VPOS="829" HPOS="1042"/>
                  <String HEIGHT="36"
                          WIDTH="125"
                          VPOS="829"
                          HPOS="1008"
                          CONTENT="speciei"/>
                  <SP HEIGHT="36" WIDTH="11" VPOS="829" HPOS="1133"/>
                  <String HEIGHT="36"
                          WIDTH="102"
                          VPOS="829"
                          HPOS="1099"
                          CONTENT="tamen"/>
                  <SP HEIGHT="36" WIDTH="11" VPOS="829" HPOS="1201"/>
                  <String HEIGHT="36"
                          WIDTH="125"
                          VPOS="829"
                          HPOS="1167"
                          CONTENT="remissa"/>
                  <SP HEIGHT="36" WIDTH="11" VPOS="829" HPOS="1292"/>
                  <String HEIGHT="36"
                          WIDTH="136"
                          VPOS="829"
                          HPOS="1257"
                          CONTENT="sequitur"/>
                  <SP HEIGHT="36" WIDTH="11" VPOS="829" HPOS="1394"/>
                  <String HEIGHT="36"
                          WIDTH="91"
                          VPOS="829"
                          HPOS="1360"
                          CONTENT="quod"/>
                  <SP HEIGHT="36" WIDTH="11" VPOS="829" HPOS="1450"/>
                  <String HEIGHT="36" WIDTH="68" VPOS="829" HPOS="1416" CONTENT="in"/>
                  <SP HEIGHT="36" WIDTH="11" VPOS="829" HPOS="1484"/>
                  <String HEIGHT="36"
                          WIDTH="136"
                          VPOS="829"
                          HPOS="1439"
                          CONTENT="intensione"/>
               </TextLine>
               <TextLine ID="r2l44"
                         BASELINE="888"
                         HEIGHT="31"
                         WIDTH="600"
                         VPOS="857"
                         HPOS="980">
                  <String HEIGHT="31"
                          WIDTH="113"
                          VPOS="857"
                          HPOS="968"
                          CONTENT="forme"/>
                  <SP HEIGHT="31" WIDTH="13" VPOS="857" HPOS="1080"/>
                  <String HEIGHT="31"
                          WIDTH="125"
                          VPOS="857"
                          HPOS="1043"
                          CONTENT="nullus"/>
                  <SP HEIGHT="31" WIDTH="13" VPOS="857" HPOS="1168"/>
                  <String HEIGHT="31"
                          WIDTH="125"
                          VPOS="857"
                          HPOS="1130"
                          CONTENT="gradus"/>
                  <SP HEIGHT="31" WIDTH="13" VPOS="857" HPOS="1255"/>
                  <String HEIGHT="31"
                          WIDTH="138"
                          VPOS="857"
                          HPOS="1218"
                          CONTENT="additur"/>
                  <SP HEIGHT="31" WIDTH="13" VPOS="857" HPOS="1355"/>
                  <String HEIGHT="31"
                          WIDTH="113"
                          VPOS="857"
                          HPOS="1318"
                          CONTENT="vltra"/>
                  <SP HEIGHT="31" WIDTH="13" VPOS="857" HPOS="1430"/>
                  <String HEIGHT="31"
                          WIDTH="175"
                          VPOS="857"
                          HPOS="1393"
                          CONTENT="realitatem"/>
                  <SP HEIGHT="31" WIDTH="13" VPOS="857" HPOS="1568"/>
                  <String HEIGHT="31" WIDTH="63" VPOS="857" HPOS="1518" CONTENT="for"/>
               </TextLine>
               <TextLine ID="r2l46"
                         BASELINE="918"
                         HEIGHT="31"
                         WIDTH="602"
                         VPOS="887"
                         HPOS="972">
                  <String HEIGHT="31" WIDTH="77" VPOS="887" HPOS="959" CONTENT="me"/>
                  <SP HEIGHT="31" WIDTH="13" VPOS="887" HPOS="1036"/>
                  <String HEIGHT="31"
                          WIDTH="179"
                          VPOS="887"
                          HPOS="998"
                          CONTENT="prehabite."/>
                  <SP HEIGHT="31" WIDTH="13" VPOS="887" HPOS="1177"/>
                  <String HEIGHT="31" WIDTH="64" VPOS="887" HPOS="1139" CONTENT="â‹"/>
                  <SP HEIGHT="31" WIDTH="13" VPOS="887" HPOS="1203"/>
                  <String HEIGHT="31"
                          WIDTH="102"
                          VPOS="887"
                          HPOS="1164"
                          CONTENT="Item"/>
                  <SP HEIGHT="31" WIDTH="13" VPOS="887" HPOS="1267"/>
                  <String HEIGHT="31" WIDTH="64" VPOS="887" HPOS="1228" CONTENT="2"/>
                  <SP HEIGHT="31" WIDTH="13" VPOS="887" HPOS="1292"/>
                  <String HEIGHT="31"
                          WIDTH="128"
                          VPOS="887"
                          HPOS="1254"
                          CONTENT="metha."/>
                  <SP HEIGHT="31" WIDTH="13" VPOS="887" HPOS="1382"/>
                  <String HEIGHT="31" WIDTH="90" VPOS="887" HPOS="1343" CONTENT="ca."/>
                  <SP HEIGHT="31" WIDTH="13" VPOS="887" HPOS="1433"/>
                  <String HEIGHT="31"
                          WIDTH="167"
                          VPOS="887"
                          HPOS="1395"
                          CONTENT="penultimo"/>
                  <SP HEIGHT="31" WIDTH="13" VPOS="887" HPOS="1561"/>
                  <String HEIGHT="31" WIDTH="64" VPOS="887" HPOS="1510" CONTENT="dif"/>
               </TextLine>
               <TextLine ID="r2l48"
                         BASELINE="951"
                         HEIGHT="38"
                         WIDTH="605"
                         VPOS="913"
                         HPOS="979">
                  <String HEIGHT="38"
                          WIDTH="132"
                          VPOS="913"
                          HPOS="968"
                          CONTENT="ferentie"/>
                  <SP HEIGHT="38" WIDTH="11" VPOS="913" HPOS="1100"/>
                  <String HEIGHT="38"
                          WIDTH="132"
                          VPOS="913"
                          HPOS="1067"
                          CONTENT="formales"/>
                  <SP HEIGHT="38" WIDTH="11" VPOS="913" HPOS="1199"/>
                  <String HEIGHT="38"
                          WIDTH="121"
                          VPOS="913"
                          HPOS="1166"
                          CONTENT="variant"/>
                  <SP HEIGHT="38" WIDTH="11" VPOS="913" HPOS="1287"/>
                  <String HEIGHT="38"
                          WIDTH="121"
                          VPOS="913"
                          HPOS="1254"
                          CONTENT="speciem"/>
                  <SP HEIGHT="38" WIDTH="11" VPOS="913" HPOS="1375"/>
                  <String HEIGHT="38"
                          WIDTH="165"
                          VPOS="913"
                          HPOS="1342"
                          CONTENT="differentia"/>
                  <SP HEIGHT="38" WIDTH="11" VPOS="913" HPOS="1507"/>
                  <String HEIGHT="38"
                          WIDTH="99"
                          VPOS="913"
                          HPOS="1474"
                          CONTENT="autem"/>
                  <SP HEIGHT="38" WIDTH="11" VPOS="913" HPOS="1573"/>
                  <String HEIGHT="38" WIDTH="55" VPOS="913" HPOS="1529" CONTENT="gra"/>
               </TextLine>
               <TextLine ID="r2l50"
                         BASELINE="979"
                         HEIGHT="35"
                         WIDTH="601"
                         VPOS="944"
                         HPOS="974">
                  <String HEIGHT="35" WIDTH="91" VPOS="944" HPOS="963" CONTENT="duum"/>
                  <SP HEIGHT="35" WIDTH="11" VPOS="944" HPOS="1053"/>
                  <String HEIGHT="35" WIDTH="68" VPOS="944" HPOS="1019" CONTENT="in"/>
                  <SP HEIGHT="35" WIDTH="11" VPOS="944" HPOS="1087"/>
                  <String HEIGHT="35"
                          WIDTH="136"
                          VPOS="944"
                          HPOS="1053"
                          CONTENT="essentia"/>
                  <SP HEIGHT="35" WIDTH="11" VPOS="944" HPOS="1189"/>
                  <String HEIGHT="35"
                          WIDTH="102"
                          VPOS="944"
                          HPOS="1155"
                          CONTENT="forme"/>
                  <SP HEIGHT="35" WIDTH="11" VPOS="944" HPOS="1257"/>
                  <String HEIGHT="35" WIDTH="68" VPOS="944" HPOS="1223" CONTENT="si"/>
                  <SP HEIGHT="35" WIDTH="11" VPOS="944" HPOS="1292"/>
                  <String HEIGHT="35"
                          WIDTH="102"
                          VPOS="944"
                          HPOS="1257"
                          CONTENT="esset"/>
                  <SP HEIGHT="35" WIDTH="11" VPOS="944" HPOS="1360"/>
                  <String HEIGHT="35"
                          WIDTH="170"
                          VPOS="944"
                          HPOS="1326"
                          CONTENT="differentia"/>
                  <SP HEIGHT="35" WIDTH="11" VPOS="944" HPOS="1496"/>
                  <String HEIGHT="35"
                          WIDTH="125"
                          VPOS="944"
                          HPOS="1450"
                          CONTENT="formalis."/>
               </TextLine>
               <TextLine ID="r2l53"
                         BASELINE="1004"
                         HEIGHT="32"
                         WIDTH="596"
                         VPOS="972"
                         HPOS="981">
                  <String HEIGHT="32" WIDTH="54" VPOS="972" HPOS="970" CONTENT="â‹"/>
                  <SP HEIGHT="32" WIDTH="11" VPOS="972" HPOS="1024"/>
                  <String HEIGHT="32"
                          WIDTH="130"
                          VPOS="972"
                          HPOS="992"
                          CONTENT="Probatur"/>
                  <SP HEIGHT="32" WIDTH="11" VPOS="972" HPOS="1122"/>
                  <String HEIGHT="32"
                          WIDTH="119"
                          VPOS="972"
                          HPOS="1089"
                          CONTENT="secudum"/>
                  <SP HEIGHT="32" WIDTH="11" VPOS="972" HPOS="1209"/>
                  <String HEIGHT="32"
                          WIDTH="152"
                          VPOS="972"
                          HPOS="1176"
                          CONTENT="porphirium"/>
                  <SP HEIGHT="32" WIDTH="11" VPOS="972" HPOS="1328"/>
                  <String HEIGHT="32"
                          WIDTH="163"
                          VPOS="972"
                          HPOS="1295"
                          CONTENT="differentia"/>
                  <SP HEIGHT="32" WIDTH="11" VPOS="972" HPOS="1458"/>
                  <String HEIGHT="32"
                          WIDTH="130"
                          VPOS="972"
                          HPOS="1425"
                          CONTENT="formalis"/>
                  <SP HEIGHT="32" WIDTH="11" VPOS="972" HPOS="1555"/>
                  <String HEIGHT="32" WIDTH="76" VPOS="972" HPOS="1523" CONTENT="non"/>
                  <SP HEIGHT="32" WIDTH="11" VPOS="972" HPOS="1599"/>
                  <String HEIGHT="32" WIDTH="22" VPOS="972" HPOS="1555" CONTENT=""/>
               </TextLine>
               <TextLine ID="r2l55"
                         BASELINE="1033"
                         HEIGHT="32"
                         WIDTH="598"
                         VPOS="1001"
                         HPOS="981">
                  <String HEIGHT="32"
                          WIDTH="115"
                          VPOS="1001"
                          HPOS="971"
                          CONTENT="recipit"/>
                  <SP HEIGHT="32" WIDTH="10" VPOS="1001" HPOS="1086"/>
                  <String HEIGHT="32"
                          WIDTH="94"
                          VPOS="1001"
                          HPOS="1054"
                          CONTENT="magis"/>
                  <SP HEIGHT="32" WIDTH="10" VPOS="1001" HPOS="1149"/>
                  <String HEIGHT="32" WIDTH="63" VPOS="1001" HPOS="1117" CONTENT="et"/>
                  <SP HEIGHT="32" WIDTH="10" VPOS="1001" HPOS="1180"/>
                  <String HEIGHT="32"
                          WIDTH="94"
                          VPOS="1001"
                          HPOS="1149"
                          CONTENT="minus"/>
                  <SP HEIGHT="32" WIDTH="10" VPOS="1001" HPOS="1243"/>
                  <String HEIGHT="32" WIDTH="63" VPOS="1001" HPOS="1212" CONTENT="et"/>
                  <SP HEIGHT="32" WIDTH="10" VPOS="1001" HPOS="1275"/>
                  <String HEIGHT="32"
                          WIDTH="94"
                          VPOS="1001"
                          HPOS="1243"
                          CONTENT="etiam"/>
                  <SP HEIGHT="32" WIDTH="10" VPOS="1001" HPOS="1338"/>
                  <String HEIGHT="32"
                          WIDTH="105"
                          VPOS="1001"
                          HPOS="1306"
                          CONTENT="quidem"/>
                  <SP HEIGHT="32" WIDTH="10" VPOS="1001" HPOS="1411"/>
                  <String HEIGHT="32"
                          WIDTH="178"
                          VPOS="1001"
                          HPOS="1380"
                          CONTENT="vniuscuiusque"/>
                  <SP HEIGHT="32" WIDTH="10" VPOS="1001" HPOS="1558"/>
                  <String HEIGHT="32"
                          WIDTH="63"
                          VPOS="1001"
                          HPOS="1516"
                          CONTENT="vnum"/>
               </TextLine>
               <TextLine ID="r2l57"
                         BASELINE="1059"
                         HEIGHT="31"
                         WIDTH="607"
                         VPOS="1028"
                         HPOS="968">
                  <String HEIGHT="31" WIDTH="62" VPOS="1028" HPOS="958" CONTENT="et"/>
                  <SP HEIGHT="31" WIDTH="10" VPOS="1028" HPOS="1019"/>
                  <String HEIGHT="31"
                          WIDTH="82"
                          VPOS="1028"
                          HPOS="989"
                          CONTENT="idem"/>
                  <SP HEIGHT="31" WIDTH="10" VPOS="1028" HPOS="1071"/>
                  <String HEIGHT="31"
                          WIDTH="72"
                          VPOS="1028"
                          HPOS="1040"
                          CONTENT="est"/>
                  <SP HEIGHT="31" WIDTH="10" VPOS="1028" HPOS="1112"/>
                  <String HEIGHT="31"
                          WIDTH="72"
                          VPOS="1028"
                          HPOS="1081"
                          CONTENT="non"/>
                  <SP HEIGHT="31" WIDTH="10" VPOS="1028" HPOS="1153"/>
                  <String HEIGHT="31"
                          WIDTH="154"
                          VPOS="1028"
                          HPOS="1122"
                          CONTENT="intensionem"/>
                  <SP HEIGHT="31" WIDTH="10" VPOS="1028" HPOS="1277"/>
                  <String HEIGHT="31"
                          WIDTH="134"
                          VPOS="1028"
                          HPOS="1246"
                          CONTENT="recipiens"/>
                  <SP HEIGHT="31" WIDTH="10" VPOS="1028" HPOS="1380"/>
                  <String HEIGHT="31"
                          WIDTH="72"
                          VPOS="1028"
                          HPOS="1349"
                          CONTENT="nec"/>
                  <SP HEIGHT="31" WIDTH="10" VPOS="1028" HPOS="1421"/>
                  <String HEIGHT="31"
                          WIDTH="154"
                          VPOS="1028"
                          HPOS="1390"
                          CONTENT="remissionem"/>
                  <SP HEIGHT="31" WIDTH="10" VPOS="1028" HPOS="1544"/>
                  <String HEIGHT="31"
                          WIDTH="72"
                          VPOS="1028"
                          HPOS="1503"
                          CONTENT="gerit"/>
               </TextLine>
               <TextLine ID="r2l59"
                         BASELINE="1089"
                         HEIGHT="33"
                         WIDTH="591"
                         VPOS="1056"
                         HPOS="986">
                  <String HEIGHT="33"
                          WIDTH="116"
                          VPOS="1056"
                          HPOS="976"
                          CONTENT="Probatur"/>
                  <SP HEIGHT="33" WIDTH="10" VPOS="1056" HPOS="1093"/>
                  <String HEIGHT="33"
                          WIDTH="155"
                          VPOS="1056"
                          HPOS="1064"
                          CONTENT="philosophus."/>
                  <SP HEIGHT="33" WIDTH="10" VPOS="1056" HPOS="1219"/>
                  <String HEIGHT="33" WIDTH="48" VPOS="1056" HPOS="1189" CONTENT="4"/>
                  <SP HEIGHT="33" WIDTH="10" VPOS="1056" HPOS="1238"/>
                  <String HEIGHT="33"
                          WIDTH="97"
                          VPOS="1056"
                          HPOS="1209"
                          CONTENT="phisi."/>
                  <SP HEIGHT="33" WIDTH="10" VPOS="1056" HPOS="1306"/>
                  <String HEIGHT="33" WIDTH="58" VPOS="1056" HPOS="1277" CONTENT="et"/>
                  <SP HEIGHT="33" WIDTH="10" VPOS="1056" HPOS="1335"/>
                  <String HEIGHT="33"
                          WIDTH="145"
                          VPOS="1056"
                          HPOS="1306"
                          CONTENT="commentator"/>
                  <SP HEIGHT="33" WIDTH="10" VPOS="1056" HPOS="1451"/>
                  <String HEIGHT="33" WIDTH="48" VPOS="1056" HPOS="1422" CONTENT="6"/>
                  <SP HEIGHT="33" WIDTH="10" VPOS="1056" HPOS="1470"/>
                  <String HEIGHT="33" WIDTH="48" VPOS="1056" HPOS="1441" CONTENT="4"/>
                  <SP HEIGHT="33" WIDTH="10" VPOS="1056" HPOS="1490"/>
                  <String HEIGHT="33"
                          WIDTH="97"
                          VPOS="1056"
                          HPOS="1461"
                          CONTENT="dicunt"/>
                  <SP HEIGHT="33" WIDTH="10" VPOS="1056" HPOS="1558"/>
                  <String HEIGHT="33"
                          WIDTH="58"
                          VPOS="1056"
                          HPOS="1519"
                          CONTENT="con"
                          SUBS_TYPE="HypPart1"
                          SUBS_CONTENT="contra"/>
                  <HYP CONTENT="-"/>
               </TextLine>
               <TextLine ID="r2l60"
                         BASELINE="1121"
                         HEIGHT="37"
                         WIDTH="602"
                         VPOS="1084"
                         HPOS="978">
                  <String HEIGHT="37"
                          WIDTH="80"
                          VPOS="1084"
                          HPOS="967"
                          CONTENT="tra"
                          SUBS_TYPE="HypPart2"
                          SUBS_CONTENT="contra"/>
                  <SP HEIGHT="37" WIDTH="11" VPOS="1084" HPOS="1046"/>
                  <String HEIGHT="37"
                          WIDTH="136"
                          VPOS="1084"
                          HPOS="1012"
                          CONTENT="ponentes"/>
                  <SP HEIGHT="37" WIDTH="11" VPOS="1084" HPOS="1148"/>
                  <String HEIGHT="37"
                          WIDTH="204"
                          VPOS="1084"
                          HPOS="1114"
                          CONTENT="condepsationem"/>
                  <SP HEIGHT="37" WIDTH="11" VPOS="1084" HPOS="1319"/>
                  <String HEIGHT="37" WIDTH="68" VPOS="1084" HPOS="1285" CONTENT="et"/>
                  <SP HEIGHT="37" WIDTH="11" VPOS="1084" HPOS="1353"/>
                  <String HEIGHT="37"
                          WIDTH="193"
                          VPOS="1084"
                          HPOS="1319"
                          CONTENT="rarefactionem"/>
                  <SP HEIGHT="37" WIDTH="11" VPOS="1084" HPOS="1512"/>
                  <String HEIGHT="37"
                          WIDTH="80"
                          VPOS="1084"
                          HPOS="1478"
                          CONTENT="per"/>
                  <SP HEIGHT="37" WIDTH="11" VPOS="1084" HPOS="1557"/>
                  <String HEIGHT="37"
                          WIDTH="68"
                          VPOS="1084"
                          HPOS="1512"
                          CONTENT="addi"/>
               </TextLine>
               <TextLine ID="r2l62"
                         BASELINE="1147"
                         HEIGHT="34"
                         WIDTH="605"
                         VPOS="1113"
                         HPOS="970">
                  <String HEIGHT="34"
                          WIDTH="112"
                          VPOS="1113"
                          HPOS="959"
                          CONTENT="tionem"/>
                  <SP HEIGHT="34" WIDTH="11" VPOS="1113" HPOS="1071"/>
                  <String HEIGHT="34" WIDTH="67" VPOS="1113" HPOS="1037" CONTENT="et"/>
                  <SP HEIGHT="34" WIDTH="11" VPOS="1113" HPOS="1104"/>
                  <String HEIGHT="34"
                          WIDTH="202"
                          VPOS="1113"
                          HPOS="1071"
                          CONTENT="substractionem"/>
                  <SP HEIGHT="34" WIDTH="11" VPOS="1113" HPOS="1273"/>
                  <String HEIGHT="34"
                          WIDTH="123"
                          VPOS="1113"
                          HPOS="1239"
                          CONTENT="partium"/>
                  <SP HEIGHT="34" WIDTH="11" VPOS="1113" HPOS="1362"/>
                  <String HEIGHT="34"
                          WIDTH="90"
                          VPOS="1113"
                          HPOS="1329"
                          CONTENT="quod"/>
                  <SP HEIGHT="34" WIDTH="11" VPOS="1113" HPOS="1418"/>
                  <String HEIGHT="34" WIDTH="67" VPOS="1113" HPOS="1385" CONTENT="de"/>
                  <SP HEIGHT="34" WIDTH="11" VPOS="1113" HPOS="1452"/>
                  <String HEIGHT="34"
                          WIDTH="101"
                          VPOS="1113"
                          HPOS="1418"
                          CONTENT="minus"/>
                  <SP HEIGHT="34" WIDTH="11" VPOS="1113" HPOS="1519"/>
                  <String HEIGHT="34"
                          WIDTH="112"
                          VPOS="1113"
                          HPOS="1485"
                          CONTENT="calido"/>
                  <SP HEIGHT="34" WIDTH="11" VPOS="1113" HPOS="1597"/>
                  <String HEIGHT="34" WIDTH="22" VPOS="1113" HPOS="1553" CONTENT=""/>
               </TextLine>
               <TextLine ID="r2l65"
                         BASELINE="1175"
                         HEIGHT="36"
                         WIDTH="602"
                         VPOS="1139"
                         HPOS="977">
                  <String HEIGHT="36" WIDTH="78" VPOS="1139" HPOS="966" CONTENT="fit"/>
                  <SP HEIGHT="36" WIDTH="11" VPOS="1139" HPOS="1044"/>
                  <String HEIGHT="36"
                          WIDTH="100"
                          VPOS="1139"
                          HPOS="1010"
                          CONTENT="magis"/>
                  <SP HEIGHT="36" WIDTH="11" VPOS="1139" HPOS="1111"/>
                  <String HEIGHT="36"
                          WIDTH="123"
                          VPOS="1139"
                          HPOS="1077"
                          CONTENT="calidum"/>
                  <SP HEIGHT="36" WIDTH="11" VPOS="1139" HPOS="1200"/>
                  <String HEIGHT="36"
                          WIDTH="100"
                          VPOS="1139"
                          HPOS="1167"
                          CONTENT="absue"/>
                  <SP HEIGHT="36" WIDTH="11" VPOS="1139" HPOS="1267"/>
                  <String HEIGHT="36"
                          WIDTH="167"
                          VPOS="1139"
                          HPOS="1233"
                          CONTENT="appositione"/>
                  <SP HEIGHT="36" WIDTH="11" VPOS="1139" HPOS="1401"/>
                  <String HEIGHT="36"
                          WIDTH="145"
                          VPOS="1139"
                          HPOS="1367"
                          CONTENT="extrisece"/>
                  <SP HEIGHT="36" WIDTH="11" VPOS="1139" HPOS="1512"/>
                  <String HEIGHT="36" WIDTH="67" VPOS="1139" HPOS="1479" CONTENT="et"/>
                  <SP HEIGHT="36" WIDTH="11" VPOS="1139" HPOS="1546"/>
                  <String HEIGHT="36"
                          WIDTH="78"
                          VPOS="1139"
                          HPOS="1501"
                          CONTENT="exen"
                          SUBS_TYPE="HypPart1"
                          SUBS_CONTENT="exenplificat"/>
                  <HYP CONTENT="-"/>
               </TextLine>
               <TextLine ID="r2l67"
                         BASELINE="1204"
                         HEIGHT="35"
                         WIDTH="608"
                         VPOS="1169"
                         HPOS="972">
                  <String HEIGHT="35"
                          WIDTH="135"
                          VPOS="1169"
                          HPOS="961"
                          CONTENT="plificat"
                          SUBS_TYPE="HypPart2"
                          SUBS_CONTENT="exenplificat"/>
                  <SP HEIGHT="35" WIDTH="11" VPOS="1169" HPOS="1096"/>
                  <String HEIGHT="35" WIDTH="68" VPOS="1169" HPOS="1062" CONTENT="de"/>
                  <SP HEIGHT="35" WIDTH="11" VPOS="1169" HPOS="1130"/>
                  <String HEIGHT="35"
                          WIDTH="113"
                          VPOS="1169"
                          HPOS="1096"
                          CONTENT="maiori"/>
                  <SP HEIGHT="35" WIDTH="11" VPOS="1169" HPOS="1208"/>
                  <String HEIGHT="35" WIDTH="68" VPOS="1169" HPOS="1175" CONTENT="et"/>
                  <SP HEIGHT="35" WIDTH="11" VPOS="1169" HPOS="1242"/>
                  <String HEIGHT="35"
                          WIDTH="113"
                          VPOS="1169"
                          HPOS="1208"
                          CONTENT="minori"/>
                  <SP HEIGHT="35" WIDTH="11" VPOS="1169" HPOS="1321"/>
                  <String HEIGHT="35"
                          WIDTH="158"
                          VPOS="1169"
                          HPOS="1287"
                          CONTENT="curuatione"/>
                  <SP HEIGHT="35" WIDTH="11" VPOS="1169" HPOS="1445"/>
                  <String HEIGHT="35"
                          WIDTH="124"
                          VPOS="1169"
                          HPOS="1411"
                          CONTENT="circuli"/>
                  <SP HEIGHT="35" WIDTH="11" VPOS="1169" HPOS="1535"/>
                  <String HEIGHT="35" WIDTH="68" VPOS="1169" HPOS="1501" CONTENT="et"/>
                  <SP HEIGHT="35" WIDTH="11" VPOS="1169" HPOS="1569"/>
                  <String HEIGHT="35"
                          WIDTH="56"
                          VPOS="1169"
                          HPOS="1524"
                          CONTENT="eo"
                          SUBS_TYPE="HypPart1"
                          SUBS_CONTENT="eodem"/>
                  <HYP CONTENT="-"/>
               </TextLine>
               <TextLine ID="r2l69"
                         BASELINE="1229"
                         HEIGHT="32"
                         WIDTH="606"
                         VPOS="1197"
                         HPOS="970">
                  <String HEIGHT="32"
                          WIDTH="73"
                          VPOS="1197"
                          HPOS="960"
                          CONTENT="dem"
                          SUBS_TYPE="HypPart2"
                          SUBS_CONTENT="eodem"/>
                  <SP HEIGHT="32" WIDTH="10" VPOS="1197" HPOS="1033"/>
                  <String HEIGHT="32"
                          WIDTH="84"
                          VPOS="1197"
                          HPOS="1001"
                          CONTENT="modo"/>
                  <SP HEIGHT="32" WIDTH="10" VPOS="1197" HPOS="1085"/>
                  <String HEIGHT="32"
                          WIDTH="84"
                          VPOS="1197"
                          HPOS="1054"
                          CONTENT="vult"/>
                  <SP HEIGHT="32" WIDTH="10" VPOS="1197" HPOS="1137"/>
                  <String HEIGHT="32"
                          WIDTH="73"
                          VPOS="1197"
                          HPOS="1106"
                          CONTENT="ibi"/>
                  <SP HEIGHT="32" WIDTH="10" VPOS="1197" HPOS="1179"/>
                  <String HEIGHT="32"
                          WIDTH="84"
                          VPOS="1197"
                          HPOS="1148"
                          CONTENT="quod"/>
                  <SP HEIGHT="32" WIDTH="10" VPOS="1197" HPOS="1231"/>
                  <String HEIGHT="32" WIDTH="63" VPOS="1197" HPOS="1200" CONTENT="de"/>
                  <SP HEIGHT="32" WIDTH="10" VPOS="1197" HPOS="1263"/>
                  <String HEIGHT="32"
                          WIDTH="94"
                          VPOS="1197"
                          HPOS="1231"
                          CONTENT="minus"/>
                  <SP HEIGHT="32" WIDTH="10" VPOS="1197" HPOS="1325"/>
                  <String HEIGHT="32"
                          WIDTH="115"
                          VPOS="1197"
                          HPOS="1294"
                          CONTENT="extenso"/>
                  <SP HEIGHT="32" WIDTH="10" VPOS="1197" HPOS="1409"/>
                  <String HEIGHT="32"
                          WIDTH="73"
                          VPOS="1197"
                          HPOS="1377"
                          CONTENT="fit"/>
                  <SP HEIGHT="32" WIDTH="10" VPOS="1197" HPOS="1451"/>
                  <String HEIGHT="32"
                          WIDTH="94"
                          VPOS="1197"
                          HPOS="1419"
                          CONTENT="magis"/>
                  <SP HEIGHT="32" WIDTH="10" VPOS="1197" HPOS="1513"/>
                  <String HEIGHT="32"
                          WIDTH="104"
                          VPOS="1197"
                          HPOS="1472"
                          CONTENT="extensum"/>
               </TextLine>
               <TextLine ID="r2l71"
                         BASELINE="1257"
                         HEIGHT="31"
                         WIDTH="599"
                         VPOS="1226"
                         HPOS="974">
                  <String HEIGHT="31" WIDTH="62" VPOS="1226" HPOS="964" CONTENT="in"/>
                  <SP HEIGHT="31" WIDTH="10" VPOS="1226" HPOS="1026"/>
                  <String HEIGHT="31"
                          WIDTH="165"
                          VPOS="1226"
                          HPOS="995"
                          CONTENT="rarefactione"/>
                  <SP HEIGHT="31" WIDTH="10" VPOS="1226" HPOS="1160"/>
                  <String HEIGHT="31" WIDTH="62" VPOS="1226" HPOS="1129" CONTENT="et"/>
                  <SP HEIGHT="31" WIDTH="10" VPOS="1226" HPOS="1191"/>
                  <String HEIGHT="31"
                          WIDTH="134"
                          VPOS="1226"
                          HPOS="1160"
                          CONTENT="econuerso"/>
                  <SP HEIGHT="31" WIDTH="10" VPOS="1226" HPOS="1294"/>
                  <String HEIGHT="31" WIDTH="62" VPOS="1226" HPOS="1263" CONTENT="in"/>
                  <SP HEIGHT="31" WIDTH="10" VPOS="1226" HPOS="1325"/>
                  <String HEIGHT="31"
                          WIDTH="186"
                          VPOS="1226"
                          HPOS="1294"
                          CONTENT="condempsatione"/>
                  <SP HEIGHT="31" WIDTH="10" VPOS="1226" HPOS="1480"/>
                  <String HEIGHT="31"
                          WIDTH="103"
                          VPOS="1226"
                          HPOS="1449"
                          CONTENT="igitur"/>
                  <SP HEIGHT="31" WIDTH="10" VPOS="1226" HPOS="1552"/>
                  <String HEIGHT="31" WIDTH="52" VPOS="1226" HPOS="1521" CONTENT="a"/>
                  <SP HEIGHT="31" WIDTH="10" VPOS="1226" HPOS="1573"/>
                  <String HEIGHT="31" WIDTH="41" VPOS="1226" HPOS="1532" CONTENT="si"/>
               </TextLine>
               <TextLine ID="r2l73"
                         BASELINE="1286"
                         HEIGHT="31"
                         WIDTH="603"
                         VPOS="1255"
                         HPOS="974">
                  <String HEIGHT="31"
                          WIDTH="75"
                          VPOS="1255"
                          HPOS="965"
                          CONTENT="mili"/>
                  <SP HEIGHT="31" WIDTH="9" VPOS="1255" HPOS="1040"/>
                  <String HEIGHT="31"
                          WIDTH="66"
                          VPOS="1255"
                          HPOS="1012"
                          CONTENT="hic"/>
                  <SP HEIGHT="31" WIDTH="9" VPOS="1255" HPOS="1078"/>
                  <String HEIGHT="31"
                          WIDTH="113"
                          VPOS="1255"
                          HPOS="1049"
                          CONTENT="probatur"/>
                  <SP HEIGHT="31" WIDTH="9" VPOS="1255" HPOS="1162"/>
                  <String HEIGHT="31"
                          WIDTH="94"
                          VPOS="1255"
                          HPOS="1134"
                          CONTENT="tuipse"/>
                  <SP HEIGHT="31" WIDTH="9" VPOS="1255" HPOS="1228"/>
                  <String HEIGHT="31"
                          WIDTH="113"
                          VPOS="1255"
                          HPOS="1200"
                          CONTENT="concedis"/>
                  <SP HEIGHT="31" WIDTH="9" VPOS="1255" HPOS="1313"/>
                  <String HEIGHT="31"
                          WIDTH="75"
                          VPOS="1255"
                          HPOS="1285"
                          CONTENT="quod"/>
                  <SP HEIGHT="31" WIDTH="9" VPOS="1255" HPOS="1360"/>
                  <String HEIGHT="31"
                          WIDTH="85"
                          VPOS="1255"
                          HPOS="1332"
                          CONTENT="eadem"/>
                  <SP HEIGHT="31" WIDTH="9" VPOS="1255" HPOS="1417"/>
                  <String HEIGHT="31"
                          WIDTH="122"
                          VPOS="1255"
                          HPOS="1389"
                          CONTENT="quantitas"/>
                  <SP HEIGHT="31" WIDTH="9" VPOS="1255" HPOS="1511"/>
                  <String HEIGHT="31"
                          WIDTH="104"
                          VPOS="1255"
                          HPOS="1473"
                          CONTENT="aliquando"/>
               </TextLine>
               <TextLine ID="r2l75"
                         BASELINE="1314"
                         HEIGHT="32"
                         WIDTH="605"
                         VPOS="1282"
                         HPOS="972">
                  <String HEIGHT="32" WIDTH="71" VPOS="1282" HPOS="962" CONTENT="est"/>
                  <SP HEIGHT="32" WIDTH="10" VPOS="1282" HPOS="1033"/>
                  <String HEIGHT="32"
                          WIDTH="91"
                          VPOS="1282"
                          HPOS="1002"
                          CONTENT="maior"/>
                  <SP HEIGHT="32" WIDTH="10" VPOS="1282" HPOS="1093"/>
                  <String HEIGHT="32" WIDTH="61" VPOS="1282" HPOS="1063" CONTENT="et"/>
                  <SP HEIGHT="32" WIDTH="10" VPOS="1282" HPOS="1123"/>
                  <String HEIGHT="32"
                          WIDTH="131"
                          VPOS="1282"
                          HPOS="1093"
                          CONTENT="aliquando"/>
                  <SP HEIGHT="32" WIDTH="10" VPOS="1282" HPOS="1224"/>
                  <String HEIGHT="32" WIDTH="50" VPOS="1282" HPOS="1194" CONTENT="e"/>
                  <SP HEIGHT="32" WIDTH="10" VPOS="1282" HPOS="1244"/>
                  <String HEIGHT="32"
                          WIDTH="91"
                          VPOS="1282"
                          HPOS="1214"
                          CONTENT="minor"/>
                  <SP HEIGHT="32" WIDTH="10" VPOS="1282" HPOS="1305"/>
                  <String HEIGHT="32"
                          WIDTH="101"
                          VPOS="1282"
                          HPOS="1275"
                          CONTENT="igitur"/>
                  <SP HEIGHT="32" WIDTH="10" VPOS="1282" HPOS="1375"/>
                  <String HEIGHT="32"
                          WIDTH="81"
                          VPOS="1282"
                          HPOS="1345"
                          CONTENT="pari"/>
                  <SP HEIGHT="32" WIDTH="10" VPOS="1282" HPOS="1426"/>
                  <String HEIGHT="32"
                          WIDTH="111"
                          VPOS="1282"
                          HPOS="1396"
                          CONTENT="ratione"/>
                  <SP HEIGHT="32" WIDTH="10" VPOS="1282" HPOS="1506"/>
                  <String HEIGHT="32"
                          WIDTH="91"
                          VPOS="1282"
                          HPOS="1476"
                          CONTENT="eadem"/>
                  <SP HEIGHT="32" WIDTH="10" VPOS="1282" HPOS="1567"/>
                  <String HEIGHT="32"
                          WIDTH="50"
                          VPOS="1282"
                          HPOS="1527"
                          CONTENT="qua"/>
               </TextLine>
               <TextLine ID="r2l77"
                         BASELINE="1341"
                         HEIGHT="30"
                         WIDTH="603"
                         VPOS="1311"
                         HPOS="976">
                  <String HEIGHT="30"
                          WIDTH="97"
                          VPOS="1311"
                          HPOS="965"
                          CONTENT="litas"/>
                  <SP HEIGHT="30" WIDTH="11" VPOS="1311" HPOS="1062"/>
                  <String HEIGHT="30"
                          WIDTH="140"
                          VPOS="1311"
                          HPOS="1030"
                          CONTENT="aliquando"/>
                  <SP HEIGHT="30" WIDTH="11" VPOS="1311" HPOS="1170"/>
                  <String HEIGHT="30"
                          WIDTH="151"
                          VPOS="1311"
                          HPOS="1138"
                          CONTENT="intensior."/>
                  <SP HEIGHT="30" WIDTH="11" VPOS="1311" HPOS="1288"/>
                  <String HEIGHT="30"
                          WIDTH="129"
                          VPOS="1311"
                          HPOS="1256"
                          CONTENT="Probatur"/>
                  <SP HEIGHT="30" WIDTH="11" VPOS="1311" HPOS="1385"/>
                  <String HEIGHT="30"
                          WIDTH="75"
                          VPOS="1311"
                          HPOS="1353"
                          CONTENT="non"/>
                  <SP HEIGHT="30" WIDTH="11" VPOS="1311" HPOS="1428"/>
                  <String HEIGHT="30"
                          WIDTH="151"
                          VPOS="1311"
                          HPOS="1396"
                          CONTENT="repugnaret"/>
                  <SP HEIGHT="30" WIDTH="11" VPOS="1311" HPOS="1547"/>
                  <String HEIGHT="30"
                          WIDTH="86"
                          VPOS="1311"
                          HPOS="1514"
                          CONTENT="quin"/>
                  <SP HEIGHT="30" WIDTH="11" VPOS="1311" HPOS="1601"/>
                  <String HEIGHT="30" WIDTH="22" VPOS="1311" HPOS="1557" CONTENT=""/>
               </TextLine>
               <TextLine ID="r2l79"
                         BASELINE="1370"
                         HEIGHT="33"
                         WIDTH="594"
                         VPOS="1337"
                         HPOS="975">
                  <String HEIGHT="33"
                          WIDTH="99"
                          VPOS="1337"
                          HPOS="964"
                          CONTENT="eadem"/>
                  <SP HEIGHT="33" WIDTH="11" VPOS="1337" HPOS="1063"/>
                  <String HEIGHT="33"
                          WIDTH="110"
                          VPOS="1337"
                          HPOS="1030"
                          CONTENT="albedo"/>
                  <SP HEIGHT="33" WIDTH="11" VPOS="1337" HPOS="1140"/>
                  <String HEIGHT="33"
                          WIDTH="88"
                          VPOS="1337"
                          HPOS="1107"
                          CONTENT="quae"/>
                  <SP HEIGHT="33" WIDTH="11" VPOS="1337" HPOS="1195"/>
                  <String HEIGHT="33"
                          WIDTH="88"
                          VPOS="1337"
                          HPOS="1162"
                          CONTENT="nunc"/>
                  <SP HEIGHT="33" WIDTH="11" VPOS="1337" HPOS="1250"/>
                  <String HEIGHT="33"
                          WIDTH="99"
                          VPOS="1337"
                          HPOS="1217"
                          CONTENT="habet"/>
                  <SP HEIGHT="33" WIDTH="11" VPOS="1337" HPOS="1316"/>
                  <String HEIGHT="33"
                          WIDTH="88"
                          VPOS="1337"
                          HPOS="1283"
                          CONTENT="vnam"/>
                  <SP HEIGHT="33" WIDTH="11" VPOS="1337" HPOS="1371"/>
                  <String HEIGHT="33"
                          WIDTH="110"
                          VPOS="1337"
                          HPOS="1338"
                          CONTENT="partem"/>
                  <SP HEIGHT="33" WIDTH="11" VPOS="1337" HPOS="1448"/>
                  <String HEIGHT="33" WIDTH="66" VPOS="1337" HPOS="1415" CONTENT="in"/>
                  <SP HEIGHT="33" WIDTH="11" VPOS="1337" HPOS="1481"/>
                  <String HEIGHT="33"
                          WIDTH="77"
                          VPOS="1337"
                          HPOS="1448"
                          CONTENT="vno"/>
                  <SP HEIGHT="33" WIDTH="11" VPOS="1337" HPOS="1525"/>
                  <String HEIGHT="33"
                          WIDTH="88"
                          VPOS="1337"
                          HPOS="1481"
                          CONTENT="subie"
                          SUBS_TYPE="HypPart1"
                          SUBS_CONTENT="subiecto"/>
                  <HYP CONTENT="-"/>
               </TextLine>
               <TextLine ID="r2l81"
                         BASELINE="1402"
                         HEIGHT="33"
                         WIDTH="596"
                         VPOS="1369"
                         HPOS="969">
                  <String HEIGHT="33"
                          WIDTH="73"
                          VPOS="1369"
                          HPOS="959"
                          CONTENT="cto"
                          SUBS_TYPE="HypPart2"
                          SUBS_CONTENT="subiecto"/>
                  <SP HEIGHT="33" WIDTH="10" VPOS="1369" HPOS="1032"/>
                  <String HEIGHT="33" WIDTH="63" VPOS="1369" HPOS="1000" CONTENT="et"/>
                  <SP HEIGHT="33" WIDTH="10" VPOS="1369" HPOS="1063"/>
                  <String HEIGHT="33"
                          WIDTH="94"
                          VPOS="1369"
                          HPOS="1032"
                          CONTENT="aliam"/>
                  <SP HEIGHT="33" WIDTH="10" VPOS="1369" HPOS="1126"/>
                  <String HEIGHT="33" WIDTH="63" VPOS="1369" HPOS="1094" CONTENT="in"/>
                  <SP HEIGHT="33" WIDTH="10" VPOS="1369" HPOS="1157"/>
                  <String HEIGHT="33"
                          WIDTH="84"
                          VPOS="1369"
                          HPOS="1126"
                          CONTENT="alio"/>
                  <SP HEIGHT="33" WIDTH="10" VPOS="1369" HPOS="1209"/>
                  <String HEIGHT="33"
                          WIDTH="84"
                          VPOS="1369"
                          HPOS="1178"
                          CONTENT="tota"/>
                  <SP HEIGHT="33" WIDTH="10" VPOS="1369" HPOS="1262"/>
                  <String HEIGHT="33"
                          WIDTH="146"
                          VPOS="1369"
                          HPOS="1230"
                          CONTENT="informaret"/>
                  <SP HEIGHT="33" WIDTH="10" VPOS="1369" HPOS="1377"/>
                  <String HEIGHT="33"
                          WIDTH="84"
                          VPOS="1369"
                          HPOS="1345"
                          CONTENT="vnam"/>
                  <SP HEIGHT="33" WIDTH="10" VPOS="1369" HPOS="1429"/>
                  <String HEIGHT="33"
                          WIDTH="115"
                          VPOS="1369"
                          HPOS="1398"
                          CONTENT="istarum"/>
                  <SP HEIGHT="33" WIDTH="10" VPOS="1369" HPOS="1513"/>
                  <String HEIGHT="33"
                          WIDTH="94"
                          VPOS="1369"
                          HPOS="1471"
                          CONTENT="partium"/>
               </TextLine>
               <TextLine ID="r2l83"
                         BASELINE="1425"
                         HEIGHT="29"
                         WIDTH="597"
                         VPOS="1396"
                         HPOS="974">
                  <String HEIGHT="29" WIDTH="63" VPOS="1396" HPOS="964" CONTENT="et"/>
                  <SP HEIGHT="29" WIDTH="10" VPOS="1396" HPOS="1026"/>
                  <String HEIGHT="29"
                          WIDTH="115"
                          VPOS="1396"
                          HPOS="995"
                          CONTENT="constat"/>
                  <SP HEIGHT="29" WIDTH="10" VPOS="1396" HPOS="1110"/>
                  <String HEIGHT="29"
                          WIDTH="84"
                          VPOS="1396"
                          HPOS="1079"
                          CONTENT="quod"/>
                  <SP HEIGHT="29" WIDTH="10" VPOS="1396" HPOS="1163"/>
                  <String HEIGHT="29"
                          WIDTH="84"
                          VPOS="1396"
                          HPOS="1131"
                          CONTENT="tunc"/>
                  <SP HEIGHT="29" WIDTH="10" VPOS="1396" HPOS="1215"/>
                  <String HEIGHT="29"
                          WIDTH="84"
                          VPOS="1396"
                          HPOS="1183"
                          CONTENT="pars"/>
                  <SP HEIGHT="29" WIDTH="10" VPOS="1396" HPOS="1267"/>
                  <String HEIGHT="29"
                          WIDTH="84"
                          VPOS="1396"
                          HPOS="1236"
                          CONTENT="ista"/>
                  <SP HEIGHT="29" WIDTH="10" VPOS="1396" HPOS="1320"/>
                  <String HEIGHT="29"
                          WIDTH="94"
                          VPOS="1396"
                          HPOS="1288"
                          CONTENT="esset"/>
                  <SP HEIGHT="29" WIDTH="10" VPOS="1396" HPOS="1382"/>
                  <String HEIGHT="29"
                          WIDTH="105"
                          VPOS="1396"
                          HPOS="1351"
                          CONTENT="albior"/>
                  <SP HEIGHT="29" WIDTH="10" VPOS="1396" HPOS="1456"/>
                  <String HEIGHT="29"
                          WIDTH="84"
                          VPOS="1396"
                          HPOS="1424"
                          CONTENT="quam"/>
                  <SP HEIGHT="29" WIDTH="10" VPOS="1396" HPOS="1508"/>
                  <String HEIGHT="29"
                          WIDTH="84"
                          VPOS="1396"
                          HPOS="1477"
                          CONTENT="modo"/>
                  <SP HEIGHT="29" WIDTH="10" VPOS="1396" HPOS="1561"/>
                  <String HEIGHT="29"
                          WIDTH="52"
                          VPOS="1396"
                          HPOS="1519"
                          CONTENT="igi"/>
               </TextLine>
               <TextLine ID="r2l85"
                         BASELINE="1457"
                         HEIGHT="35"
                         WIDTH="608"
                         VPOS="1422"
                         HPOS="969">
                  <String HEIGHT="35" WIDTH="80" VPOS="1422" HPOS="958" CONTENT="tur"/>
                  <SP HEIGHT="35" WIDTH="11" VPOS="1422" HPOS="1038"/>
                  <String HEIGHT="35"
                          WIDTH="92"
                          VPOS="1422"
                          HPOS="1003"
                          CONTENT="ista"/>
                  <SP HEIGHT="35" WIDTH="11" VPOS="1422" HPOS="1095"/>
                  <String HEIGHT="35"
                          WIDTH="115"
                          VPOS="1422"
                          HPOS="1061"
                          CONTENT="albedo"/>
                  <SP HEIGHT="35" WIDTH="11" VPOS="1422" HPOS="1175"/>
                  <String HEIGHT="35"
                          WIDTH="103"
                          VPOS="1422"
                          HPOS="1141"
                          CONTENT="esset"/>
                  <SP HEIGHT="35" WIDTH="11" VPOS="1422" HPOS="1244"/>
                  <String HEIGHT="35"
                          WIDTH="149"
                          VPOS="1422"
                          HPOS="1210"
                          CONTENT="intensior"/>
                  <SP HEIGHT="35" WIDTH="11" VPOS="1422" HPOS="1359"/>
                  <String HEIGHT="35"
                          WIDTH="92"
                          VPOS="1422"
                          HPOS="1325"
                          CONTENT="fine"/>
                  <SP HEIGHT="35" WIDTH="11" VPOS="1422" HPOS="1416"/>
                  <String HEIGHT="35"
                          WIDTH="92"
                          VPOS="1422"
                          HPOS="1382"
                          CONTENT="nouo"/>
                  <SP HEIGHT="35" WIDTH="11" VPOS="1422" HPOS="1474"/>
                  <String HEIGHT="35"
                          WIDTH="115"
                          VPOS="1422"
                          HPOS="1439"
                          CONTENT="addito"/>
                  <SP HEIGHT="35" WIDTH="11" VPOS="1422" HPOS="1554"/>
                  <String HEIGHT="35"
                          WIDTH="69"
                          VPOS="1422"
                          HPOS="1508"
                          CONTENT="Item"/>
               </TextLine>
               <TextLine ID="r2l87"
                         BASELINE="1483"
                         HEIGHT="31"
                         WIDTH="600"
                         VPOS="1452"
                         HPOS="974">
                  <String HEIGHT="31"
                          WIDTH="107"
                          VPOS="1452"
                          HPOS="963"
                          CONTENT="lynico"/>
                  <SP HEIGHT="31" WIDTH="11" VPOS="1452" HPOS="1070"/>
                  <String HEIGHT="31"
                          WIDTH="118"
                          VPOS="1452"
                          HPOS="1038"
                          CONTENT="allegat"/>
                  <SP HEIGHT="31" WIDTH="11" VPOS="1452" HPOS="1156"/>
                  <String HEIGHT="31"
                          WIDTH="171"
                          VPOS="1452"
                          HPOS="1124"
                          CONTENT="auctoritatem"/>
                  <SP HEIGHT="31" WIDTH="11" VPOS="1452" HPOS="1295"/>
                  <String HEIGHT="31"
                          WIDTH="150"
                          VPOS="1452"
                          HPOS="1263"
                          CONTENT="augustinus"/>
                  <SP HEIGHT="31" WIDTH="11" VPOS="1452" HPOS="1413"/>
                  <String HEIGHT="31" WIDTH="54" VPOS="1452" HPOS="1381" CONTENT="E"/>
                  <SP HEIGHT="31" WIDTH="11" VPOS="1452" HPOS="1435"/>
                  <String HEIGHT="31"
                          WIDTH="96"
                          VPOS="1452"
                          HPOS="1403"
                          CONTENT="super"/>
                  <SP HEIGHT="31" WIDTH="11" VPOS="1452" HPOS="1499"/>
                  <String HEIGHT="31"
                          WIDTH="96"
                          VPOS="1452"
                          HPOS="1467"
                          CONTENT="geni."/>
                  <SP HEIGHT="31" WIDTH="11" VPOS="1452" HPOS="1563"/>
                  <String HEIGHT="31"
                          WIDTH="54"
                          VPOS="1452"
                          HPOS="1520"
                          CONTENT="ca."/>
               </TextLine>
               <TextLine ID="r2l88"
                         BASELINE="1512"
                         HEIGHT="30"
                         WIDTH="596"
                         VPOS="1482"
                         HPOS="975">
                  <String HEIGHT="30" WIDTH="70" VPOS="1482" HPOS="963" CONTENT="19"/>
                  <SP HEIGHT="30" WIDTH="12" VPOS="1482" HPOS="1033"/>
                  <String HEIGHT="30" WIDTH="82" VPOS="1482" HPOS="998" CONTENT="vbi"/>
                  <SP HEIGHT="30" WIDTH="12" VPOS="1482" HPOS="1080"/>
                  <String HEIGHT="30"
                          WIDTH="105"
                          VPOS="1482"
                          HPOS="1045"
                          CONTENT="dicit"/>
                  <SP HEIGHT="30" WIDTH="12" VPOS="1482" HPOS="1150"/>
                  <String HEIGHT="30"
                          WIDTH="93"
                          VPOS="1482"
                          HPOS="1115"
                          CONTENT="quod"/>
                  <SP HEIGHT="30" WIDTH="12" VPOS="1482" HPOS="1209"/>
                  <String HEIGHT="30"
                          WIDTH="82"
                          VPOS="1482"
                          HPOS="1174"
                          CONTENT="non"/>
                  <SP HEIGHT="30" WIDTH="12" VPOS="1482" HPOS="1255"/>
                  <String HEIGHT="30"
                          WIDTH="82"
                          VPOS="1482"
                          HPOS="1220"
                          CONTENT="sic"/>
                  <SP HEIGHT="30" WIDTH="12" VPOS="1482" HPOS="1302"/>
                  <String HEIGHT="30"
                          WIDTH="93"
                          VPOS="1482"
                          HPOS="1267"
                          CONTENT="deus"/>
                  <SP HEIGHT="30" WIDTH="12" VPOS="1482" HPOS="1361"/>
                  <String HEIGHT="30"
                          WIDTH="105"
                          VPOS="1482"
                          HPOS="1326"
                          CONTENT="facit"/>
                  <SP HEIGHT="30" WIDTH="12" VPOS="1482" HPOS="1431"/>
                  <String HEIGHT="30"
                          WIDTH="129"
                          VPOS="1482"
                          HPOS="1396"
                          CONTENT="hominem"/>
                  <SP HEIGHT="30" WIDTH="12" VPOS="1482" HPOS="1524"/>
                  <String HEIGHT="30"
                          WIDTH="93"
                          VPOS="1482"
                          HPOS="1478"
                          CONTENT="iustum"/>
               </TextLine>
               <TextLine ID="r2l91"
                         BASELINE="1541"
                         HEIGHT="32"
                         WIDTH="594"
                         VPOS="1509"
                         HPOS="972">
                  <String HEIGHT="32" WIDTH="73" VPOS="1509" HPOS="960" CONTENT="vt"/>
                  <SP HEIGHT="32" WIDTH="12" VPOS="1509" HPOS="1033"/>
                  <String HEIGHT="32" WIDTH="85" VPOS="1509" HPOS="996" CONTENT="deo"/>
                  <SP HEIGHT="32" WIDTH="12" VPOS="1509" HPOS="1081"/>
                  <String HEIGHT="32"
                          WIDTH="158"
                          VPOS="1509"
                          HPOS="1045"
                          CONTENT="recedente"/>
                  <SP HEIGHT="32" WIDTH="12" VPOS="1509" HPOS="1202"/>
                  <String HEIGHT="32"
                          WIDTH="121"
                          VPOS="1509"
                          HPOS="1166"
                          CONTENT="maneat"/>
                  <SP HEIGHT="32" WIDTH="12" VPOS="1509" HPOS="1287"/>
                  <String HEIGHT="32"
                          WIDTH="97"
                          VPOS="1509"
                          HPOS="1251"
                          CONTENT="homo"/>
                  <SP HEIGHT="32" WIDTH="12" VPOS="1509" HPOS="1348"/>
                  <String HEIGHT="32"
                          WIDTH="121"
                          VPOS="1509"
                          HPOS="1311"
                          CONTENT="iustus"/>
                  <SP HEIGHT="32" WIDTH="12" VPOS="1509" HPOS="1433"/>
                  <String HEIGHT="32"
                          WIDTH="85"
                          VPOS="1509"
                          HPOS="1396"
                          CONTENT="sed"/>
                  <SP HEIGHT="32" WIDTH="12" VPOS="1509" HPOS="1481"/>
                  <String HEIGHT="32"
                          WIDTH="109"
                          VPOS="1509"
                          HPOS="1445"
                          CONTENT="sicut"/>
                  <SP HEIGHT="32" WIDTH="12" VPOS="1509" HPOS="1554"/>
                  <String HEIGHT="32"
                          WIDTH="61"
                          VPOS="1509"
                          HPOS="1505"
                          CONTENT="aer"/>
               </TextLine>
               <TextLine ID="r2l93"
                         BASELINE="1569"
                         HEIGHT="35"
                         WIDTH="592"
                         VPOS="1534"
                         HPOS="974">
                  <String HEIGHT="35" WIDTH="81" VPOS="1534" HPOS="962" CONTENT="fit"/>
                  <SP HEIGHT="35" WIDTH="12" VPOS="1534" HPOS="1044"/>
                  <String HEIGHT="35"
                          WIDTH="128"
                          VPOS="1534"
                          HPOS="1009"
                          CONTENT="lucidus"/>
                  <SP HEIGHT="35" WIDTH="12" VPOS="1534" HPOS="1137"/>
                  <String HEIGHT="35" WIDTH="58" VPOS="1534" HPOS="1102" CONTENT="a"/>
                  <SP HEIGHT="35" WIDTH="12" VPOS="1534" HPOS="1160"/>
                  <String HEIGHT="35"
                          WIDTH="139"
                          VPOS="1534"
                          HPOS="1125"
                          CONTENT="luminoso"/>
                  <SP HEIGHT="35" WIDTH="12" VPOS="1534" HPOS="1264"/>
                  <String HEIGHT="35"
                          WIDTH="93"
                          VPOS="1534"
                          HPOS="1229"
                          CONTENT="quia"/>
                  <SP HEIGHT="35" WIDTH="12" VPOS="1534" HPOS="1322"/>
                  <String HEIGHT="35" WIDTH="70" VPOS="1534" HPOS="1287" CONTENT="si"/>
                  <SP HEIGHT="35" WIDTH="12" VPOS="1534" HPOS="1357"/>
                  <String HEIGHT="35"
                          WIDTH="116"
                          VPOS="1534"
                          HPOS="1322"
                          CONTENT="factus"/>
                  <SP HEIGHT="35" WIDTH="12" VPOS="1534" HPOS="1438"/>
                  <String HEIGHT="35"
                          WIDTH="104"
                          VPOS="1534"
                          HPOS="1403"
                          CONTENT="esset"/>
                  <SP HEIGHT="35" WIDTH="12" VPOS="1534" HPOS="1508"/>
                  <String HEIGHT="35"
                          WIDTH="104"
                          VPOS="1534"
                          HPOS="1462"
                          CONTENT="lucidus"/>
               </TextLine>
               <TextLine ID="r2l95"
                         BASELINE="1596"
                         HEIGHT="32"
                         WIDTH="600"
                         VPOS="1564"
                         HPOS="974">
                  <String HEIGHT="32"
                          WIDTH="153"
                          VPOS="1564"
                          HPOS="961"
                          CONTENT="secundum"/>
                  <SP HEIGHT="32" WIDTH="13" VPOS="1564" HPOS="1114"/>
                  <String HEIGHT="32"
                          WIDTH="115"
                          VPOS="1564"
                          HPOS="1076"
                          CONTENT="ipsum"/>
                  <SP HEIGHT="32" WIDTH="13" VPOS="1564" HPOS="1191"/>
                  <String HEIGHT="32" WIDTH="77" VPOS="1564" HPOS="1153" CONTENT="et"/>
                  <SP HEIGHT="32" WIDTH="13" VPOS="1564" HPOS="1229"/>
                  <String HEIGHT="32"
                          WIDTH="89"
                          VPOS="1564"
                          HPOS="1191"
                          CONTENT="non"/>
                  <SP HEIGHT="32" WIDTH="13" VPOS="1564" HPOS="1280"/>
                  <String HEIGHT="32"
                          WIDTH="128"
                          VPOS="1564"
                          HPOS="1242"
                          CONTENT="fieret"/>
                  <SP HEIGHT="32" WIDTH="13" VPOS="1564" HPOS="1370"/>
                  <String HEIGHT="32"
                          WIDTH="115"
                          VPOS="1564"
                          HPOS="1331"
                          CONTENT="etiam"/>
                  <SP HEIGHT="32" WIDTH="13" VPOS="1564" HPOS="1446"/>
                  <String HEIGHT="32"
                          WIDTH="140"
                          VPOS="1564"
                          HPOS="1408"
                          CONTENT="absente"/>
                  <SP HEIGHT="32" WIDTH="13" VPOS="1564" HPOS="1548"/>
                  <String HEIGHT="32"
                          WIDTH="77"
                          VPOS="1564"
                          HPOS="1497"
                          CONTENT="lumi"/>
               </TextLine>
               <TextLine ID="r2l97"
                         BASELINE="1630"
                         HEIGHT="35"
                         WIDTH="596"
                         VPOS="1595"
                         HPOS="972">
                  <String HEIGHT="35" WIDTH="78" VPOS="1595" HPOS="959" CONTENT="ne"/>
                  <SP HEIGHT="35" WIDTH="13" VPOS="1595" HPOS="1037"/>
                  <String HEIGHT="35"
                          WIDTH="143"
                          VPOS="1595"
                          HPOS="998"
                          CONTENT="lucidus"/>
                  <SP HEIGHT="35" WIDTH="13" VPOS="1595" HPOS="1140"/>
                  <String HEIGHT="35"
                          WIDTH="168"
                          VPOS="1595"
                          HPOS="1102"
                          CONTENT="remaneret"/>
                  <SP HEIGHT="35" WIDTH="13" VPOS="1595" HPOS="1270"/>
                  <String HEIGHT="35"
                          WIDTH="130"
                          VPOS="1595"
                          HPOS="1231"
                          CONTENT="igitur"/>
                  <SP HEIGHT="35" WIDTH="13" VPOS="1595" HPOS="1361"/>
                  <String HEIGHT="35"
                          WIDTH="117"
                          VPOS="1595"
                          HPOS="1322"
                          CONTENT="prius"/>
                  <SP HEIGHT="35" WIDTH="13" VPOS="1595" HPOS="1438"/>
                  <String HEIGHT="35"
                          WIDTH="130"
                          VPOS="1595"
                          HPOS="1400"
                          CONTENT="factum"/>
                  <SP HEIGHT="35" WIDTH="13" VPOS="1595" HPOS="1529"/>
                  <String HEIGHT="35"
                          WIDTH="91"
                          VPOS="1595"
                          HPOS="1477"
                          CONTENT="adhuc"/>
               </TextLine>
               <TextLine ID="r2l99"
                         BASELINE="1656"
                         HEIGHT="34"
                         WIDTH="594"
                         VPOS="1622"
                         HPOS="975">
                  <String HEIGHT="34"
                          WIDTH="112"
                          VPOS="1622"
                          HPOS="964"
                          CONTENT="potest"/>
                  <SP HEIGHT="34" WIDTH="11" VPOS="1622" HPOS="1076"/>
                  <String HEIGHT="34"
                          WIDTH="101"
                          VPOS="1622"
                          HPOS="1042"
                          CONTENT="fieri"/>
                  <SP HEIGHT="34" WIDTH="11" VPOS="1622" HPOS="1143"/>
                  <String HEIGHT="34"
                          WIDTH="101"
                          VPOS="1622"
                          HPOS="1109"
                          CONTENT="alias"/>
                  <SP HEIGHT="34" WIDTH="11" VPOS="1622" HPOS="1210"/>
                  <String HEIGHT="34"
                          WIDTH="101"
                          VPOS="1622"
                          HPOS="1177"
                          CONTENT="etiam"/>
                  <SP HEIGHT="34" WIDTH="11" VPOS="1622" HPOS="1278"/>
                  <String HEIGHT="34"
                          WIDTH="112"
                          VPOS="1622"
                          HPOS="1244"
                          CONTENT="diuina"/>
                  <SP HEIGHT="34" WIDTH="11" VPOS="1622" HPOS="1356"/>
                  <String HEIGHT="34"
                          WIDTH="168"
                          VPOS="1622"
                          HPOS="1322"
                          CONTENT="conseruatio"/>
                  <SP HEIGHT="34" WIDTH="11" VPOS="1622" HPOS="1491"/>
                  <String HEIGHT="34"
                          WIDTH="78"
                          VPOS="1622"
                          HPOS="1457"
                          CONTENT="non"/>
                  <SP HEIGHT="34" WIDTH="11" VPOS="1622" HPOS="1535"/>
                  <String HEIGHT="34"
                          WIDTH="78"
                          VPOS="1622"
                          HPOS="1491"
                          CONTENT="esset"/>
               </TextLine>
               <TextLine ID="r2l101"
                         BASELINE="1684"
                         HEIGHT="35"
                         WIDTH="599"
                         VPOS="1649"
                         HPOS="968">
                  <String HEIGHT="35"
                          WIDTH="150"
                          VPOS="1649"
                          HPOS="956"
                          CONTENT="productio"/>
                  <SP HEIGHT="35" WIDTH="12" VPOS="1649" HPOS="1106"/>
                  <String HEIGHT="35"
                          WIDTH="104"
                          VPOS="1649"
                          HPOS="1072"
                          CONTENT="rerum"/>
                  <SP HEIGHT="35" WIDTH="12" VPOS="1649" HPOS="1175"/>
                  <String HEIGHT="35"
                          WIDTH="81"
                          VPOS="1649"
                          HPOS="1141"
                          CONTENT="nec"/>
                  <SP HEIGHT="35" WIDTH="12" VPOS="1649" HPOS="1221"/>
                  <String HEIGHT="35"
                          WIDTH="81"
                          VPOS="1649"
                          HPOS="1187"
                          CONTENT="dei"/>
                  <SP HEIGHT="35" WIDTH="12" VPOS="1649" HPOS="1268"/>
                  <String HEIGHT="35"
                          WIDTH="115"
                          VPOS="1649"
                          HPOS="1233"
                          CONTENT="filius"/>
                  <SP HEIGHT="35" WIDTH="12" VPOS="1649" HPOS="1348"/>
                  <String HEIGHT="35" WIDTH="69" VPOS="1649" HPOS="1314" CONTENT="ab"/>
                  <SP HEIGHT="35" WIDTH="12" VPOS="1649" HPOS="1383"/>
                  <String HEIGHT="35"
                          WIDTH="115"
                          VPOS="1649"
                          HPOS="1348"
                          CONTENT="eterno"/>
                  <SP HEIGHT="35" WIDTH="12" VPOS="1649" HPOS="1463"/>
                  <String HEIGHT="35"
                          WIDTH="127"
                          VPOS="1649"
                          HPOS="1429"
                          CONTENT="genitus"/>
                  <SP HEIGHT="35" WIDTH="12" VPOS="1649" HPOS="1555"/>
                  <String HEIGHT="35"
                          WIDTH="58"
                          VPOS="1649"
                          HPOS="1509"
                          CONTENT="ge"
                          SUBS_TYPE="HypPart1"
                          SUBS_CONTENT="generaretur"/>
                  <HYP CONTENT="-"/>
               </TextLine>
               <TextLine ID="r2l103"
                         BASELINE="1711"
                         HEIGHT="32"
                         WIDTH="596"
                         VPOS="1679"
                         HPOS="971">
                  <String HEIGHT="32"
                          WIDTH="152"
                          VPOS="1679"
                          HPOS="959"
                          CONTENT="neraretur"
                          SUBS_TYPE="HypPart2"
                          SUBS_CONTENT="generaretur"/>
                  <SP HEIGHT="32" WIDTH="12" VPOS="1679" HPOS="1111"/>
                  <String HEIGHT="32"
                          WIDTH="117"
                          VPOS="1679"
                          HPOS="1076"
                          CONTENT="hodie."/>
                  <SP HEIGHT="32" WIDTH="12" VPOS="1679" HPOS="1193"/>
                  <String HEIGHT="32"
                          WIDTH="93"
                          VPOS="1679"
                          HPOS="1158"
                          CONTENT="Item"/>
                  <SP HEIGHT="32" WIDTH="12" VPOS="1679" HPOS="1251"/>
                  <String HEIGHT="32" WIDTH="70" VPOS="1679" HPOS="1216" CONTENT="in"/>
                  <SP HEIGHT="32" WIDTH="12" VPOS="1679" HPOS="1287"/>
                  <String HEIGHT="32"
                          WIDTH="93"
                          VPOS="1679"
                          HPOS="1251"
                          CONTENT="omni"/>
                  <SP HEIGHT="32" WIDTH="12" VPOS="1679" HPOS="1345"/>
                  <String HEIGHT="32"
                          WIDTH="129"
                          VPOS="1679"
                          HPOS="1310"
                          CONTENT="virtute"/>
                  <SP HEIGHT="32" WIDTH="12" VPOS="1679" HPOS="1438"/>
                  <String HEIGHT="32"
                          WIDTH="175"
                          VPOS="1679"
                          HPOS="1392"
                          CONTENT="contemplatiua"/>
               </TextLine>
               <TextLine ID="r2l105"
                         BASELINE="1741"
                         HEIGHT="35"
                         WIDTH="597"
                         VPOS="1706"
                         HPOS="968">
                  <String HEIGHT="35"
                          WIDTH="102"
                          VPOS="1706"
                          HPOS="955"
                          CONTENT="post"/>
                  <SP HEIGHT="35" WIDTH="13" VPOS="1706" HPOS="1057"/>
                  <String HEIGHT="35"
                          WIDTH="127"
                          VPOS="1706"
                          HPOS="1019"
                          CONTENT="primum"/>
                  <SP HEIGHT="35" WIDTH="13" VPOS="1706" HPOS="1146"/>
                  <String HEIGHT="35"
                          WIDTH="140"
                          VPOS="1706"
                          HPOS="1108"
                          CONTENT="instans"/>
                  <SP HEIGHT="35" WIDTH="13" VPOS="1706" HPOS="1247"/>
                  <String HEIGHT="35"
                          WIDTH="241"
                          VPOS="1706"
                          HPOS="1209"
                          CONTENT="comprehensionis"/>
                  <SP HEIGHT="35" WIDTH="13" VPOS="1706" HPOS="1451"/>
                  <String HEIGHT="35"
                          WIDTH="152"
                          VPOS="1706"
                          HPOS="1413"
                          CONTENT="obiectum"/>
                  <SP HEIGHT="35" WIDTH="13" VPOS="1706" HPOS="1565"/>
                  <String HEIGHT="35" WIDTH="51" VPOS="1706" HPOS="1514" CONTENT="mo"/>
               </TextLine>
               <TextLine ID="r2l107"
                         BASELINE="1770"
                         HEIGHT="34"
                         WIDTH="599"
                         VPOS="1736"
                         HPOS="975">
                  <String HEIGHT="34" WIDTH="76" VPOS="1736" HPOS="964" CONTENT="uet"/>
                  <SP HEIGHT="34" WIDTH="11" VPOS="1736" HPOS="1040"/>
                  <String HEIGHT="34"
                          WIDTH="131"
                          VPOS="1736"
                          HPOS="1008"
                          CONTENT="virtutem"/>
                  <SP HEIGHT="34" WIDTH="11" VPOS="1736" HPOS="1138"/>
                  <String HEIGHT="34" WIDTH="65" VPOS="1736" HPOS="1106" CONTENT="et"/>
                  <SP HEIGHT="34" WIDTH="11" VPOS="1736" HPOS="1171"/>
                  <String HEIGHT="34"
                          WIDTH="98"
                          VPOS="1736"
                          HPOS="1138"
                          CONTENT="tamen"/>
                  <SP HEIGHT="34" WIDTH="11" VPOS="1736" HPOS="1236"/>
                  <String HEIGHT="34"
                          WIDTH="98"
                          VPOS="1736"
                          HPOS="1204"
                          CONTENT="nihil"/>
                  <SP HEIGHT="34" WIDTH="11" VPOS="1736" HPOS="1302"/>
                  <String HEIGHT="34"
                          WIDTH="109"
                          VPOS="1736"
                          HPOS="1269"
                          CONTENT="causat"/>
                  <SP HEIGHT="34" WIDTH="11" VPOS="1736" HPOS="1378"/>
                  <String HEIGHT="34"
                          WIDTH="87"
                          VPOS="1736"
                          HPOS="1345"
                          CONTENT="quod"/>
                  <SP HEIGHT="34" WIDTH="11" VPOS="1736" HPOS="1432"/>
                  <String HEIGHT="34"
                          WIDTH="76"
                          VPOS="1736"
                          HPOS="1400"
                          CONTENT="non"/>
                  <SP HEIGHT="34" WIDTH="11" VPOS="1736" HPOS="1476"/>
                  <String HEIGHT="34"
                          WIDTH="87"
                          VPOS="1736"
                          HPOS="1443"
                          CONTENT="erat"/>
                  <SP HEIGHT="34" WIDTH="11" VPOS="1736" HPOS="1530"/>
                  <String HEIGHT="34"
                          WIDTH="87"
                          VPOS="1736"
                          HPOS="1487"
                          CONTENT="cantum"/>
               </TextLine>
               <TextLine ID="r2l109"
                         BASELINE="1799"
                         HEIGHT="32"
                         WIDTH="597"
                         VPOS="1767"
                         HPOS="968">
                  <String HEIGHT="32" WIDTH="63" VPOS="1767" HPOS="958" CONTENT="in"/>
                  <SP HEIGHT="32" WIDTH="10" VPOS="1767" HPOS="1020"/>
                  <String HEIGHT="32"
                          WIDTH="94"
                          VPOS="1767"
                          HPOS="989"
                          CONTENT="primo"/>
                  <SP HEIGHT="32" WIDTH="10" VPOS="1767" HPOS="1083"/>
                  <String HEIGHT="32"
                          WIDTH="136"
                          VPOS="1767"
                          HPOS="1052"
                          CONTENT="instanti."/>
                  <SP HEIGHT="32" WIDTH="10" VPOS="1767" HPOS="1188"/>
                  <String HEIGHT="32" WIDTH="52" VPOS="1767" HPOS="1157" CONTENT="â‹"/>
                  <SP HEIGHT="32" WIDTH="10" VPOS="1767" HPOS="1209"/>
                  <String HEIGHT="32"
                          WIDTH="84"
                          VPOS="1767"
                          HPOS="1177"
                          CONTENT="Item"/>
                  <SP HEIGHT="32" WIDTH="10" VPOS="1767" HPOS="1261"/>
                  <String HEIGHT="32"
                          WIDTH="157"
                          VPOS="1767"
                          HPOS="1230"
                          CONTENT="intellectus"/>
                  <SP HEIGHT="32" WIDTH="10" VPOS="1767" HPOS="1387"/>
                  <String HEIGHT="32"
                          WIDTH="115"
                          VPOS="1767"
                          HPOS="1356"
                          CONTENT="mutatur"/>
                  <SP HEIGHT="32" WIDTH="10" VPOS="1767" HPOS="1471"/>
                  <String HEIGHT="32" WIDTH="63" VPOS="1767" HPOS="1439" CONTENT="ad"/>
                  <SP HEIGHT="32" WIDTH="10" VPOS="1767" HPOS="1502"/>
                  <String HEIGHT="32"
                          WIDTH="105"
                          VPOS="1767"
                          HPOS="1460"
                          CONTENT="scienti"
                          SUBS_TYPE="HypPart1"
                          SUBS_CONTENT="scientias"/>
                  <HYP CONTENT="-"/>
               </TextLine>
               <TextLine ID="r2l111"
                         BASELINE="1823"
                         HEIGHT="32"
                         WIDTH="594"
                         VPOS="1791"
                         HPOS="977">
                  <String HEIGHT="32"
                          WIDTH="69"
                          VPOS="1791"
                          HPOS="966"
                          CONTENT="as"
                          SUBS_TYPE="HypPart2"
                          SUBS_CONTENT="scientias"/>
                  <SP HEIGHT="32" WIDTH="11" VPOS="1791" HPOS="1034"/>
                  <String HEIGHT="32" WIDTH="69" VPOS="1791" HPOS="1000" CONTENT="de"/>
                  <SP HEIGHT="32" WIDTH="11" VPOS="1791" HPOS="1068"/>
                  <String HEIGHT="32"
                          WIDTH="160"
                          VPOS="1791"
                          HPOS="1034"
                          CONTENT="ignorantia"/>
                  <SP HEIGHT="32" WIDTH="11" VPOS="1791" HPOS="1194"/>
                  <String HEIGHT="32" WIDTH="69" VPOS="1791" HPOS="1160" CONTENT="et"/>
                  <SP HEIGHT="32" WIDTH="11" VPOS="1791" HPOS="1228"/>
                  <String HEIGHT="32"
                          WIDTH="103"
                          VPOS="1791"
                          HPOS="1194"
                          CONTENT="nihil"/>
                  <SP HEIGHT="32" WIDTH="11" VPOS="1791" HPOS="1297"/>
                  <String HEIGHT="32"
                          WIDTH="103"
                          VPOS="1791"
                          HPOS="1263"
                          CONTENT="nouum"/>
                  <SP HEIGHT="32" WIDTH="11" VPOS="1791" HPOS="1365"/>
                  <String HEIGHT="32"
                          WIDTH="171"
                          VPOS="1791"
                          HPOS="1331"
                          CONTENT="acquiritur."/>
                  <SP HEIGHT="32" WIDTH="11" VPOS="1791" HPOS="1502"/>
                  <String HEIGHT="32"
                          WIDTH="114"
                          VPOS="1791"
                          HPOS="1457"
                          CONTENT="Probatur"/>
               </TextLine>
               <TextLine ID="r2l113"
                         BASELINE="1855"
                         HEIGHT="30"
                         WIDTH="599"
                         VPOS="1825"
                         HPOS="968">
                  <String HEIGHT="30"
                          WIDTH="81"
                          VPOS="1825"
                          HPOS="958"
                          CONTENT="esto"/>
                  <SP HEIGHT="30" WIDTH="10" VPOS="1825" HPOS="1039"/>
                  <String HEIGHT="30"
                          WIDTH="81"
                          VPOS="1825"
                          HPOS="1009"
                          CONTENT="quod"/>
                  <SP HEIGHT="30" WIDTH="10" VPOS="1825" HPOS="1090"/>
                  <String HEIGHT="30"
                          WIDTH="81"
                          VPOS="1825"
                          HPOS="1059"
                          CONTENT="idem"/>
                  <SP HEIGHT="30" WIDTH="10" VPOS="1825" HPOS="1141"/>
                  <String HEIGHT="30"
                          WIDTH="91"
                          VPOS="1825"
                          HPOS="1110"
                          CONTENT="actus"/>
                  <SP HEIGHT="30" WIDTH="10" VPOS="1825" HPOS="1202"/>
                  <String HEIGHT="30"
                          WIDTH="152"
                          VPOS="1825"
                          HPOS="1171"
                          CONTENT="intellectus"/>
                  <SP HEIGHT="30" WIDTH="10" VPOS="1825" HPOS="1323"/>
                  <String HEIGHT="30"
                          WIDTH="102"
                          VPOS="1825"
                          HPOS="1293"
                          CONTENT="maneat"/>
                  <SP HEIGHT="30" WIDTH="10" VPOS="1825" HPOS="1394"/>
                  <String HEIGHT="30" WIDTH="61" VPOS="1825" HPOS="1364" CONTENT="de"/>
                  <SP HEIGHT="30" WIDTH="10" VPOS="1825" HPOS="1425"/>
                  <String HEIGHT="30"
                          WIDTH="102"
                          VPOS="1825"
                          HPOS="1394"
                          CONTENT="aliqui"/>
                  <SP HEIGHT="30" WIDTH="10" VPOS="1825" HPOS="1496"/>
                  <String HEIGHT="30"
                          WIDTH="112"
                          VPOS="1825"
                          HPOS="1455"
                          CONTENT="sensibili"/>
               </TextLine>
               <TextLine ID="r2l115"
                         BASELINE="1880"
                         HEIGHT="32"
                         WIDTH="588"
                         VPOS="1848"
                         HPOS="972">
                  <String HEIGHT="32" WIDTH="41" VPOS="1848" HPOS="964" CONTENT="i"/>
                  <SP HEIGHT="32" WIDTH="8" VPOS="1848" HPOS="1005"/>
                  <String HEIGHT="32"
                          WIDTH="99"
                          VPOS="1848"
                          HPOS="980"
                          CONTENT="absentia"/>
                  <SP HEIGHT="32" WIDTH="8" VPOS="1848" HPOS="1080"/>
                  <String HEIGHT="32" WIDTH="50" VPOS="1848" HPOS="1055" CONTENT="et"/>
                  <SP HEIGHT="32" WIDTH="8" VPOS="1848" HPOS="1105"/>
                  <String HEIGHT="32"
                          WIDTH="83"
                          VPOS="1848"
                          HPOS="1080"
                          CONTENT="postea"/>
                  <SP HEIGHT="32" WIDTH="8" VPOS="1848" HPOS="1162"/>
                  <String HEIGHT="32" WIDTH="50" VPOS="1848" HPOS="1138" CONTENT="in"/>
                  <SP HEIGHT="32" WIDTH="8" VPOS="1848" HPOS="1187"/>
                  <String HEIGHT="32"
                          WIDTH="124"
                          VPOS="1848"
                          HPOS="1162"
                          CONTENT="praensentia"/>
                  <SP HEIGHT="32" WIDTH="8" VPOS="1848" HPOS="1287"/>
                  <String HEIGHT="32"
                          WIDTH="83"
                          VPOS="1848"
                          HPOS="1262"
                          CONTENT="tuncin"/>
                  <SP HEIGHT="32" WIDTH="8" VPOS="1848" HPOS="1345"/>
                  <String HEIGHT="32"
                          WIDTH="116"
                          VPOS="1848"
                          HPOS="1320"
                          CONTENT="praesentia"/>
                  <SP HEIGHT="32" WIDTH="8" VPOS="1848" HPOS="1436"/>
                  <String HEIGHT="32"
                          WIDTH="75"
                          VPOS="1848"
                          HPOS="1411"
                          CONTENT="verum"/>
                  <SP HEIGHT="32" WIDTH="8" VPOS="1848" HPOS="1485"/>
                  <String HEIGHT="32"
                          WIDTH="58"
                          VPOS="1848"
                          HPOS="1461"
                          CONTENT="est"/>
                  <SP HEIGHT="32" WIDTH="8" VPOS="1848" HPOS="1519"/>
                  <String HEIGHT="32"
                          WIDTH="75"
                          VPOS="1848"
                          HPOS="1485"
                          CONTENT="intelle"/>
               </TextLine>
               <TextLine ID="r2l117"
                         BASELINE="1910"
                         HEIGHT="32"
                         WIDTH="597"
                         VPOS="1878"
                         HPOS="974">
                  <String HEIGHT="32"
                          WIDTH="72"
                          VPOS="1878"
                          HPOS="965"
                          CONTENT="ctum"/>
                  <SP HEIGHT="32" WIDTH="9" VPOS="1878" HPOS="1037"/>
                  <String HEIGHT="32"
                          WIDTH="81"
                          VPOS="1878"
                          HPOS="1010"
                          CONTENT="scire"/>
                  <SP HEIGHT="32" WIDTH="9" VPOS="1878" HPOS="1092"/>
                  <String HEIGHT="32"
                          WIDTH="81"
                          VPOS="1878"
                          HPOS="1064"
                          CONTENT="illud"/>
                  <SP HEIGHT="32" WIDTH="9" VPOS="1878" HPOS="1146"/>
                  <String HEIGHT="32"
                          WIDTH="72"
                          VPOS="1878"
                          HPOS="1119"
                          CONTENT="esse"/>
                  <SP HEIGHT="32" WIDTH="9" VPOS="1878" HPOS="1191"/>
                  <String HEIGHT="32"
                          WIDTH="72"
                          VPOS="1878"
                          HPOS="1164"
                          CONTENT="quod"/>
                  <SP HEIGHT="32" WIDTH="9" VPOS="1878" HPOS="1236"/>
                  <String HEIGHT="32" WIDTH="54" VPOS="1878" HPOS="1209" CONTENT="in"/>
                  <SP HEIGHT="32" WIDTH="9" VPOS="1878" HPOS="1263"/>
                  <String HEIGHT="32"
                          WIDTH="109"
                          VPOS="1878"
                          HPOS="1236"
                          CONTENT="absentia"/>
                  <SP HEIGHT="32" WIDTH="9" VPOS="1878" HPOS="1345"/>
                  <String HEIGHT="32"
                          WIDTH="118"
                          VPOS="1878"
                          HPOS="1318"
                          CONTENT="ignorauit"/>
                  <SP HEIGHT="32" WIDTH="9" VPOS="1878" HPOS="1435"/>
                  <String HEIGHT="32"
                          WIDTH="72"
                          VPOS="1878"
                          HPOS="1408"
                          CONTENT="esse"/>
                  <SP HEIGHT="32" WIDTH="9" VPOS="1878" HPOS="1481"/>
                  <String HEIGHT="32" WIDTH="54" VPOS="1878" HPOS="1453" CONTENT="et"/>
                  <SP HEIGHT="32" WIDTH="9" VPOS="1878" HPOS="1508"/>
                  <String HEIGHT="32"
                          WIDTH="81"
                          VPOS="1878"
                          HPOS="1481"
                          CONTENT="tamen"/>
                  <SP HEIGHT="32" WIDTH="9" VPOS="1878" HPOS="1562"/>
                  <String HEIGHT="32"
                          WIDTH="45"
                          VPOS="1878"
                          HPOS="1526"
                          CONTENT="ni"
                          SUBS_TYPE="HypPart1"
                          SUBS_CONTENT="nihil"/>
                  <HYP CONTENT="-"/>
               </TextLine>
               <TextLine ID="r2l119"
                         BASELINE="1941"
                         HEIGHT="36"
                         WIDTH="599"
                         VPOS="1905"
                         HPOS="966">
                  <String HEIGHT="36"
                          WIDTH="79"
                          VPOS="1905"
                          HPOS="955"
                          CONTENT="hil"
                          SUBS_TYPE="HypPart2"
                          SUBS_CONTENT="nihil"/>
                  <SP HEIGHT="36" WIDTH="11" VPOS="1905" HPOS="1034"/>
                  <String HEIGHT="36"
                          WIDTH="102"
                          VPOS="1905"
                          HPOS="1000"
                          CONTENT="nouum"/>
                  <SP HEIGHT="36" WIDTH="11" VPOS="1905" HPOS="1102"/>
                  <String HEIGHT="36"
                          WIDTH="158"
                          VPOS="1905"
                          HPOS="1068"
                          CONTENT="acquiritur"/>
                  <SP HEIGHT="36" WIDTH="11" VPOS="1905" HPOS="1226"/>
                  <String HEIGHT="36"
                          WIDTH="90"
                          VPOS="1905"
                          HPOS="1192"
                          CONTENT="quia"/>
                  <SP HEIGHT="36" WIDTH="11" VPOS="1905" HPOS="1282"/>
                  <String HEIGHT="36"
                          WIDTH="102"
                          VPOS="1905"
                          HPOS="1249"
                          CONTENT="nulla"/>
                  <SP HEIGHT="36" WIDTH="11" VPOS="1905" HPOS="1350"/>
                  <String HEIGHT="36"
                          WIDTH="136"
                          VPOS="1905"
                          HPOS="1316"
                          CONTENT="receptio"/>
                  <SP HEIGHT="36" WIDTH="11" VPOS="1905" HPOS="1452"/>
                  <String HEIGHT="36"
                          WIDTH="79"
                          VPOS="1905"
                          HPOS="1418"
                          CONTENT="fit"/>
                  <SP HEIGHT="36" WIDTH="11" VPOS="1905" HPOS="1497"/>
                  <String HEIGHT="36" WIDTH="68" VPOS="1905" HPOS="1463" CONTENT="in"/>
                  <SP HEIGHT="36" WIDTH="11" VPOS="1905" HPOS="1531"/>
                  <String HEIGHT="36"
                          WIDTH="79"
                          VPOS="1905"
                          HPOS="1486"
                          CONTENT="intel"/>
               </TextLine>
               <TextLine ID="r2l121"
                         BASELINE="1965"
                         HEIGHT="33"
                         WIDTH="601"
                         VPOS="1932"
                         HPOS="968">
                  <String HEIGHT="33"
                          WIDTH="118"
                          VPOS="1932"
                          HPOS="956"
                          CONTENT="lectu."/>
                  <SP HEIGHT="33" WIDTH="12" VPOS="1932" HPOS="1074"/>
                  <String HEIGHT="33" WIDTH="59" VPOS="1932" HPOS="1039" CONTENT="â‹"/>
                  <SP HEIGHT="33" WIDTH="12" VPOS="1932" HPOS="1098"/>
                  <String HEIGHT="33" WIDTH="71" VPOS="1932" HPOS="1062" CONTENT="Ad"/>
                  <SP HEIGHT="33" WIDTH="12" VPOS="1932" HPOS="1133"/>
                  <String HEIGHT="33"
                          WIDTH="118"
                          VPOS="1932"
                          HPOS="1098"
                          CONTENT="primum"/>
                  <SP HEIGHT="33" WIDTH="12" VPOS="1932" HPOS="1215"/>
                  <String HEIGHT="33"
                          WIDTH="130"
                          VPOS="1932"
                          HPOS="1180"
                          CONTENT="istorum"/>
                  <SP HEIGHT="33" WIDTH="12" VPOS="1932" HPOS="1310"/>
                  <String HEIGHT="33"
                          WIDTH="141"
                          VPOS="1932"
                          HPOS="1274"
                          CONTENT="dicendum"/>
                  <SP HEIGHT="33" WIDTH="12" VPOS="1932" HPOS="1416"/>
                  <String HEIGHT="33"
                          WIDTH="94"
                          VPOS="1932"
                          HPOS="1380"
                          CONTENT="quod"/>
                  <SP HEIGHT="33" WIDTH="12" VPOS="1932" HPOS="1475"/>
                  <String HEIGHT="33"
                          WIDTH="106"
                          VPOS="1932"
                          HPOS="1439"
                          CONTENT="illud"/>
                  <SP HEIGHT="33" WIDTH="12" VPOS="1932" HPOS="1545"/>
                  <String HEIGHT="33"
                          WIDTH="71"
                          VPOS="1932"
                          HPOS="1498"
                          CONTENT="adue"/>
               </TextLine>
               <TextLine ID="r2l123"
                         BASELINE="1993"
                         HEIGHT="29"
                         WIDTH="597"
                         VPOS="1964"
                         HPOS="970">
                  <String HEIGHT="29"
                          WIDTH="90"
                          VPOS="1964"
                          HPOS="960"
                          CONTENT="niens"/>
                  <SP HEIGHT="29" WIDTH="10" VPOS="1964" HPOS="1050"/>
                  <String HEIGHT="29"
                          WIDTH="70"
                          VPOS="1964"
                          HPOS="1020"
                          CONTENT="est"/>
                  <SP HEIGHT="29" WIDTH="10" VPOS="1964" HPOS="1089"/>
                  <String HEIGHT="29"
                          WIDTH="70"
                          VPOS="1964"
                          HPOS="1060"
                          CONTENT="per"/>
                  <SP HEIGHT="29" WIDTH="10" VPOS="1964" HPOS="1129"/>
                  <String HEIGHT="29" WIDTH="60" VPOS="1964" HPOS="1099" CONTENT="se"/>
                  <SP HEIGHT="29" WIDTH="10" VPOS="1964" HPOS="1159"/>
                  <String HEIGHT="29"
                          WIDTH="139"
                          VPOS="1964"
                          HPOS="1129"
                          CONTENT="indiuiduum"/>
                  <SP HEIGHT="29" WIDTH="10" VPOS="1964" HPOS="1269"/>
                  <String HEIGHT="29"
                          WIDTH="100"
                          VPOS="1964"
                          HPOS="1239"
                          CONTENT="iltius"/>
                  <SP HEIGHT="29" WIDTH="10" VPOS="1964" HPOS="1338"/>
                  <String HEIGHT="29"
                          WIDTH="90"
                          VPOS="1964"
                          HPOS="1308"
                          CONTENT="sprei"/>
                  <SP HEIGHT="29" WIDTH="10" VPOS="1964" HPOS="1398"/>
                  <String HEIGHT="29" WIDTH="60" VPOS="1964" HPOS="1368" CONTENT="et"/>
                  <SP HEIGHT="29" WIDTH="10" VPOS="1964" HPOS="1428"/>
                  <String HEIGHT="29"
                          WIDTH="80"
                          VPOS="1964"
                          HPOS="1398"
                          CONTENT="isto"/>
                  <SP HEIGHT="29" WIDTH="10" VPOS="1964" HPOS="1477"/>
                  <String HEIGHT="29"
                          WIDTH="80"
                          VPOS="1964"
                          HPOS="1448"
                          CONTENT="modo"/>
                  <SP HEIGHT="29" WIDTH="10" VPOS="1964" HPOS="1527"/>
                  <String HEIGHT="29" WIDTH="60" VPOS="1964" HPOS="1497" CONTENT="et"/>
                  <SP HEIGHT="29" WIDTH="10" VPOS="1964" HPOS="1557"/>
                  <String HEIGHT="29"
                          WIDTH="50"
                          VPOS="1964"
                          HPOS="1517"
                          CONTENT="non"/>
               </TextLine>
               <TextLine ID="r2l125"
                         BASELINE="2025"
                         HEIGHT="32"
                         WIDTH="589"
                         VPOS="1993"
                         HPOS="971">
                  <String HEIGHT="32"
                          WIDTH="74"
                          VPOS="1993"
                          HPOS="962"
                          CONTENT="alio"/>
                  <SP HEIGHT="32" WIDTH="9" VPOS="1993" HPOS="1035"/>
                  <String HEIGHT="32"
                          WIDTH="74"
                          VPOS="1993"
                          HPOS="1008"
                          CONTENT="modo"/>
                  <SP HEIGHT="32" WIDTH="9" VPOS="1993" HPOS="1081"/>
                  <String HEIGHT="32"
                          WIDTH="64"
                          VPOS="1993"
                          HPOS="1054"
                          CONTENT="est"/>
                  <SP HEIGHT="32" WIDTH="9" VPOS="1993" HPOS="1118"/>
                  <String HEIGHT="32"
                          WIDTH="129"
                          VPOS="1993"
                          HPOS="1091"
                          CONTENT="essentiale"/>
                  <SP HEIGHT="32" WIDTH="9" VPOS="1993" HPOS="1219"/>
                  <String HEIGHT="32"
                          WIDTH="74"
                          VPOS="1993"
                          HPOS="1192"
                          CONTENT="illi"/>
                  <SP HEIGHT="32" WIDTH="9" VPOS="1993" HPOS="1266"/>
                  <String HEIGHT="32"
                          WIDTH="101"
                          VPOS="1993"
                          HPOS="1238"
                          CONTENT="speciei"/>
                  <SP HEIGHT="32" WIDTH="9" VPOS="1993" HPOS="1339"/>
                  <String HEIGHT="32"
                          WIDTH="83"
                          VPOS="1993"
                          HPOS="1312"
                          CONTENT="sicut"/>
                  <SP HEIGHT="32" WIDTH="9" VPOS="1993" HPOS="1394"/>
                  <String HEIGHT="32"
                          WIDTH="120"
                          VPOS="1993"
                          HPOS="1367"
                          CONTENT="procedens"/>
                  <SP HEIGHT="32" WIDTH="9" VPOS="1993" HPOS="1486"/>
                  <String HEIGHT="32"
                          WIDTH="110"
                          VPOS="1993"
                          HPOS="1450"
                          CONTENT="indiuiduum"/>
               </TextLine>
               <TextLine ID="r2l127"
                         BASELINE="2050"
                         HEIGHT="31"
                         WIDTH="604"
                         VPOS="2019"
                         HPOS="967">
                  <String HEIGHT="31" WIDTH="73" VPOS="2019" HPOS="957" CONTENT="cui"/>
                  <SP HEIGHT="31" WIDTH="10" VPOS="2019" HPOS="1029"/>
                  <String HEIGHT="31"
                          WIDTH="94"
                          VPOS="2019"
                          HPOS="998"
                          CONTENT="istud"/>
                  <SP HEIGHT="31" WIDTH="10" VPOS="2019" HPOS="1092"/>
                  <String HEIGHT="31"
                          WIDTH="115"
                          VPOS="2019"
                          HPOS="1061"
                          CONTENT="aduenit"/>
                  <SP HEIGHT="31" WIDTH="10" VPOS="2019" HPOS="1175"/>
                  <String HEIGHT="31" WIDTH="62" VPOS="2019" HPOS="1144" CONTENT="et"/>
                  <SP HEIGHT="31" WIDTH="10" VPOS="2019" HPOS="1207"/>
                  <String HEIGHT="31"
                          WIDTH="83"
                          VPOS="2019"
                          HPOS="1175"
                          CONTENT="tunc"/>
                  <SP HEIGHT="31" WIDTH="10" VPOS="2019" HPOS="1259"/>
                  <String HEIGHT="31"
                          WIDTH="83"
                          VPOS="2019"
                          HPOS="1227"
                          CONTENT="ista"/>
                  <SP HEIGHT="31" WIDTH="10" VPOS="2019" HPOS="1311"/>
                  <String HEIGHT="31"
                          WIDTH="83"
                          VPOS="2019"
                          HPOS="1279"
                          CONTENT="spie"/>
                  <SP HEIGHT="31" WIDTH="10" VPOS="2019" HPOS="1363"/>
                  <String HEIGHT="31"
                          WIDTH="115"
                          VPOS="2019"
                          HPOS="1331"
                          CONTENT="neutrum"/>
                  <SP HEIGHT="31" WIDTH="10" VPOS="2019" HPOS="1446"/>
                  <String HEIGHT="31"
                          WIDTH="146"
                          VPOS="2019"
                          HPOS="1415"
                          CONTENT="indiuiduum"/>
                  <SP HEIGHT="31" WIDTH="10" VPOS="2019" HPOS="1561"/>
                  <String HEIGHT="31"
                          WIDTH="52"
                          VPOS="2019"
                          HPOS="1519"
                          CONTENT="fa"
                          SUBS_TYPE="HypPart1"
                          SUBS_CONTENT="facit"/>
                  <HYP CONTENT="-"/>
               </TextLine>
               <TextLine ID="r2l129"
                         BASELINE="2083"
                         HEIGHT="35"
                         WIDTH="603"
                         VPOS="2048"
                         HPOS="968">
                  <String HEIGHT="35"
                          WIDTH="72"
                          VPOS="2048"
                          HPOS="958"
                          CONTENT="cit"
                          SUBS_TYPE="HypPart2"
                          SUBS_CONTENT="facit"/>
                  <SP HEIGHT="35" WIDTH="10" VPOS="2048" HPOS="1029"/>
                  <String HEIGHT="35" WIDTH="72" VPOS="2048" HPOS="999" CONTENT="per"/>
                  <SP HEIGHT="35" WIDTH="10" VPOS="2048" HPOS="1070"/>
                  <String HEIGHT="35" WIDTH="61" VPOS="2048" HPOS="1040" CONTENT="se"/>
                  <SP HEIGHT="35" WIDTH="10" VPOS="2048" HPOS="1101"/>
                  <String HEIGHT="35"
                          WIDTH="82"
                          VPOS="2048"
                          HPOS="1070"
                          CONTENT="vnum"/>
                  <SP HEIGHT="35" WIDTH="10" VPOS="2048" HPOS="1152"/>
                  <String HEIGHT="35"
                          WIDTH="72"
                          VPOS="2048"
                          HPOS="1121"
                          CONTENT="nec"/>
                  <SP HEIGHT="35" WIDTH="10" VPOS="2048" HPOS="1193"/>
                  <String HEIGHT="35"
                          WIDTH="133"
                          VPOS="2048"
                          HPOS="1162"
                          CONTENT="augmentat"/>
                  <SP HEIGHT="35" WIDTH="10" VPOS="2048" HPOS="1295"/>
                  <String HEIGHT="35"
                          WIDTH="92"
                          VPOS="2048"
                          HPOS="1264"
                          CONTENT="ipsum"/>
                  <SP HEIGHT="35" WIDTH="10" VPOS="2048" HPOS="1356"/>
                  <String HEIGHT="35"
                          WIDTH="82"
                          VPOS="2048"
                          HPOS="1326"
                          CONTENT="bene"/>
                  <SP HEIGHT="35" WIDTH="10" VPOS="2048" HPOS="1407"/>
                  <String HEIGHT="35"
                          WIDTH="92"
                          VPOS="2048"
                          HPOS="1377"
                          CONTENT="tamen"/>
                  <SP HEIGHT="35" WIDTH="10" VPOS="2048" HPOS="1469"/>
                  <String HEIGHT="35"
                          WIDTH="102"
                          VPOS="2048"
                          HPOS="1438"
                          CONTENT="gradus"/>
                  <SP HEIGHT="35" WIDTH="10" VPOS="2048" HPOS="1540"/>
                  <String HEIGHT="35"
                          WIDTH="72"
                          VPOS="2048"
                          HPOS="1499"
                          CONTENT="adue"
                          SUBS_TYPE="HypPart1"
                          SUBS_CONTENT="adueniens"/>
                  <HYP CONTENT="-"/>
               </TextLine>
               <TextLine ID="r2l131"
                         BASELINE="2109"
                         HEIGHT="38"
                         WIDTH="605"
                         VPOS="2071"
                         HPOS="965">
                  <String HEIGHT="38"
                          WIDTH="103"
                          VPOS="2071"
                          HPOS="954"
                          CONTENT="niens"
                          SUBS_TYPE="HypPart2"
                          SUBS_CONTENT="adueniens"/>
                  <SP HEIGHT="38" WIDTH="11" VPOS="2071" HPOS="1056"/>
                  <String HEIGHT="38"
                          WIDTH="103"
                          VPOS="2071"
                          HPOS="1022"
                          CONTENT="facit"/>
                  <SP HEIGHT="38" WIDTH="11" VPOS="2071" HPOS="1125"/>
                  <String HEIGHT="38"
                          WIDTH="80"
                          VPOS="2071"
                          HPOS="1091"
                          CONTENT="per"/>
                  <SP HEIGHT="38" WIDTH="11" VPOS="2071" HPOS="1170"/>
                  <String HEIGHT="38" WIDTH="68" VPOS="2071" HPOS="1136" CONTENT="se"/>
                  <SP HEIGHT="38" WIDTH="11" VPOS="2071" HPOS="1205"/>
                  <String HEIGHT="38"
                          WIDTH="91"
                          VPOS="2071"
                          HPOS="1170"
                          CONTENT="vnum"/>
                  <SP HEIGHT="38" WIDTH="11" VPOS="2071" HPOS="1262"/>
                  <String HEIGHT="38"
                          WIDTH="80"
                          VPOS="2071"
                          HPOS="1228"
                          CONTENT="cum"/>
                  <SP HEIGHT="38" WIDTH="11" VPOS="2071" HPOS="1307"/>
                  <String HEIGHT="38"
                          WIDTH="148"
                          VPOS="2071"
                          HPOS="1273"
                          CONTENT="indiuiduo"/>
                  <SP HEIGHT="38" WIDTH="11" VPOS="2071" HPOS="1422"/>
                  <String HEIGHT="38"
                          WIDTH="80"
                          VPOS="2071"
                          HPOS="1387"
                          CONTENT="sue"/>
                  <SP HEIGHT="38" WIDTH="11" VPOS="2071" HPOS="1467"/>
                  <String HEIGHT="38"
                          WIDTH="126"
                          VPOS="2071"
                          HPOS="1433"
                          CONTENT="speciei"/>
                  <SP HEIGHT="38" WIDTH="11" VPOS="2071" HPOS="1559"/>
                  <String HEIGHT="38"
                          WIDTH="57"
                          VPOS="2071"
                          HPOS="1513"
                          CONTENT="cui"/>
               </TextLine>
               <TextLine ID="r2l133"
                         BASELINE="2149"
                         HEIGHT="44"
                         WIDTH="593"
                         VPOS="2105"
                         HPOS="969">
                  <String HEIGHT="44"
                          WIDTH="100"
                          VPOS="2105"
                          HPOS="960"
                          CONTENT="aduenit"/>
                  <SP HEIGHT="44" WIDTH="9" VPOS="2105" HPOS="1060"/>
                  <String HEIGHT="44" WIDTH="55" VPOS="2105" HPOS="1033" CONTENT="et"/>
                  <SP HEIGHT="44" WIDTH="9" VPOS="2105" HPOS="1088"/>
                  <String HEIGHT="44"
                          WIDTH="109"
                          VPOS="2105"
                          HPOS="1060"
                          CONTENT="respectu"/>
                  <SP HEIGHT="44" WIDTH="9" VPOS="2105" HPOS="1170"/>
                  <String HEIGHT="44"
                          WIDTH="91"
                          VPOS="2105"
                          HPOS="1142"
                          CONTENT="illius"/>
                  <SP HEIGHT="44" WIDTH="9" VPOS="2105" HPOS="1234"/>
                  <String HEIGHT="44"
                          WIDTH="73"
                          VPOS="2105"
                          HPOS="1206"
                          CONTENT="bene"/>
                  <SP HEIGHT="44" WIDTH="9" VPOS="2105" HPOS="1279"/>
                  <String HEIGHT="44"
                          WIDTH="64"
                          VPOS="2105"
                          HPOS="1252"
                          CONTENT="est"/>
                  <SP HEIGHT="44" WIDTH="9" VPOS="2105" HPOS="1316"/>
                  <String HEIGHT="44"
                          WIDTH="137"
                          VPOS="2105"
                          HPOS="1288"
                          CONTENT="accidentale"/>
                  <SP HEIGHT="44" WIDTH="9" VPOS="2105" HPOS="1425"/>
                  <String HEIGHT="44" WIDTH="55" VPOS="2105" HPOS="1398" CONTENT="id"/>
                  <SP HEIGHT="44" WIDTH="9" VPOS="2105" HPOS="1453"/>
                  <String HEIGHT="44"
                          WIDTH="64"
                          VPOS="2105"
                          HPOS="1425"
                          CONTENT="est"/>
                  <SP HEIGHT="44" WIDTH="9" VPOS="2105" HPOS="1489"/>
                  <String HEIGHT="44"
                          WIDTH="109"
                          VPOS="2105"
                          HPOS="1453"
                          CONTENT="extrisecam"/>
               </TextLine>
            </TextBlock>
         </PrintSpace>
      </Page>
   </Layout>
</alto>
