1779 2500
200 240 98 50 primam
269 240 98 50 istius
337 240 118 50 temponis
426 240 88 50 velit
485 240 98 50 igitur
553 240 69 50 sic
592 240 59 50 et
622 240 78 50 tunc
671 240 118 50 queritur
749 240 69 50 vtrum

204 283 116 35 habebit
289 283 95 35 istum
352 283 95 35 actum
416 283 84 35 post
468 283 95 35 istam
532 283 148 35 medietatem
648 283 74 35 vel
690 283 74 35 non
733 283 63 35 et
754 283 63 35 con-

204 309 150 37 sequenter
319 309 81 37 per
365 309 104 37 omnia
434 309 138 37 arguitur
537 309 104 37 sicut
606 309 104 37 prius
664 309 150 37 Respondetur

202 341 88 35 quod
257 341 99 35 licet
323 341 165 35 intellectus
455 341 99 35 iciat
521 341 99 35 istud
587 341 110 35 tempus
664 341 110 35 paruum
730 341 88 35 habere

201 369 93 37 duas
260 369 163 37 medietates
388 369 82 37 non
435 369 105 37 tamen
505 369 117 37 potest
586 369 152 37 distincte
703 369 82 37 eas
750 369 82 37 per

206 399 103 31 cipere
278 399 72 31 nec
319 399 92 31 etiam
380 399 62 31 in
411 399 134 31 principio
514 399 103 31 illius
586 399 123 31 temponis
678 399 123 31 percipit
761 399 51 31 in-

210 422 98 38 stans
275 422 109 38 medium
351 422 119 38 eiusdem
438 422 141 38 distincte
547 422 65 38 et
579 422 87 38 ideo
633 422 65 38 no
666 422 76 38 est
709 422 65 38 in
731 422 87 38 ptante

210 453 150 33 voluntatis
328 453 129 33 disticte
424 453 139 33 percipere
532 453 75 33 vel
574 453 96 33 scire
639 453 107 33 quando
714 453 86 33 vere
756 453 54 33 fue

207 483 69 36 rit
247 483 99 36 medium
316 483 99 36 illius
384 483 128 36 temponis.
483 483 49 36 ⁋
503 483 79 36 Unde
552 483 108 36 concedo
631 483 79 36 quod
680 483 59 36 si
710 483 79 36 ipsa
749 483 59 36 isto

204 510 87 34 modo
258 510 98 34 velit
324 510 65 34 in
356 510 141 34 principio
465 510 109 34 istius
541 510 130 34 temponis
638 510 65 34 a.
671 510 109 34 quando
736 510 76 34 ponit

201 538 118 40 primo
279 538 118 40 actum
358 538 157 40 mediante
476 538 170 40 dictamine
607 538 196 40 iutellectus
751 538 65 40 si-

205 572 79 29 cut
250 572 157 29 exprimitur
373 572 67 29 in
407 572 146 29 argumento
520 572 90 29 quod
576 572 90 29 ipsa
632 572 79 29 non
677 572 112 29 potest
745 572 67 29 exe-

198 596 79 35 qui
243 596 101 35 sicut
310 596 112 35 eligit
389 596 157 35 exequendum
512 596 79 35 ymo
557 596 67 35 si
591 596 90 35 tunc
647 596 123 35 eliciat
725 596 79 35 istam

194 625 175 35 dilectionem
334 625 93 35 quam
392 625 105 35 simul
462 625 82 35 cum
509 625 117 35 vellet
591 625 82 35 non
637 625 140 35 remanere
730 625 82 35 vltra

203 651 102 35 primam
274 651 143 35 medietatem
387 651 102 35 illius
459 651 123 35 temponis
551 651 82 35 ipsa
602 651 72 35 non
643 651 92 35 habet
705 651 61 35 in
735 651 72 35 sua
766 651 41 35 na

193 685 112 35 turali
271 685 135 35 potentia
372 685 90 35 quiz
428 685 101 35 actus
496 685 90 35 ille
552 685 135 35 remaneat
653 685 90 35 plus
709 685 90 35 quam
754 685 56 35 vel

198 709 67 32 let
237 709 67 32 cum
275 709 77 32 ipsa
323 709 67 32 non
361 709 96 32 possit
428 709 96 32 iterum
495 709 86 32 citra
553 709 86 32 finem
610 709 77 32 dati
658 709 115 32 temponis
735 709 67 32 illu-

197 740 111 36 actum
271 740 172 36 deliberate
406 740 172 36 suspendere
541 740 98 36 vnde
603 740 148 36 breuiter
714 740 74 36 in
738 740 74 36 tali

199 769 90 36 casu
255 769 90 36 ipsa
311 769 90 36 vult
367 769 90 36 sibi
423 769 67 36 et
457 769 90 36 tali
513 769 134 36 potentie
613 769 112 36 actiue
681 769 123 36 impossibi

195 793 60 42 le
225 793 60 42 et
255 793 70 42 cum
295 793 121 42 arguitur
386 793 80 42 quod
436 793 80 42 tunc
486 793 80 42 post
537 793 101 42 primam
607 793 141 42 medietatem
708 793 101 42 temponis

197 828 146 32 voluntas
306 828 158 32 diligeret
428 828 85 32 vel
476 828 121 32 vellet
561 828 134 32 inuite.
658 828 61 32 ⁋
670 828 134 32 Respondeo

198 852 80 44 sicut
251 852 80 44 alias
305 852 71 44 quod
349 852 62 44 non
385 852 107 44 sequitur
465 852 71 44 quod
509 852 53 44 in
536 852 98 44 secunda
607 852 80 44 perte
660 852 53 44 a.
687 852 71 44 ipsa
722 852 89 44 simplici

189 886 75 32 ter
232 886 64 32 et
264 886 129 32 absolute
361 886 107 32 vellet
436 886 75 32 seu
479 886 139 32 diligeret
586 886 107 32 inuite
661 886 86 32 quia
714 886 86 32 tunc
757 886 43 32 ve

196 910 80 37 let
241 910 137 37 diligere
344 910 69 37 et
379 910 103 37 velle
447 910 69 37 ea
482 910 160 37 dilectione
607 910 69 37 et
642 910 149 37 volitione
745 910 57 37 qua

191 938 123 40 habuit
277 938 74 40 in
313 938 159 40 principio
436 938 123 40 ipsius
522 938 74 40 a.
559 938 74 40 et
595 938 98 40 ideo
657 938 98 40 tunc
706 938 98 40 volens

197 972 85 34 eam
245 972 134 34 habebit
343 972 73 34 et
379 972 85 34 non
428 972 182 34 simpliciter
574 972 122 34 inuite
659 972 109 34 tamen
720 972 85 34 habe-

188 991 74 39 bit
231 991 74 39 eam
273 991 85 39 tunc
326 991 106 39 inuite
401 991 127 39 secundum
496 991 85 39 quid
549 991 64 39 eo
581 991 85 39 quod
634 991 64 39 in
666 991 138 39 principio
762 991 42 39 a.

191 1025 125 33 temponis
285 1025 125 33 voluntas
378 1025 84 33 vult
431 1025 94 33 illam
493 1025 157 33 dilectionem
619 1025 84 33 fore
671 1025 63 33 in
702 1025 94 33 prima
754 1025 42 33 me

195 1053 119 34 dietate.
284 1053 60 34 a.
314 1053 119 34 temponis
404 1053 60 34 et
433 1053 70 34 non
473 1053 89 34 vltra
533 1053 60 34 et
563 1053 79 34 quia
612 1053 79 34 ille
662 1053 89 34 actus
712 1053 89 34 volendi

195 1082 71 34 cum
235 1082 111 34 precise
316 1082 91 34 durat
376 1082 71 34 per
417 1082 101 34 totum.
487 1082 61 34 a.
518 1082 101 34 tempus
588 1082 101 34 igitur
659 1082 61 34 in
689 1082 111 34 secunda
760 1082 40 34 me

191 1113 125 32 dietate.
284 1113 62 32 a.
315 1113 125 32 temponis
409 1113 94 32 adhuc
471 1113 83 32 vult
523 1113 125 32 voluntas
617 1113 94 32 istam
669 1113 135 32 dilectionem

194 1140 90 37 tunc
250 1140 78 37 non
295 1140 90 37 fore
351 1140 67 37 et
384 1140 101 37 tamen
451 1140 90 37 tunc
507 1140 90 37 erit
564 1140 78 37 per
608 1140 101 37 casum
676 1140 112 37 igitur
743 1140 67 37 tunc

192 1168 91 38 erit
248 1168 113 38 contra
328 1168 91 38 suum
384 1168 102 38 velle
452 1168 91 38 ideo
509 1168 91 38 erit
566 1168 125 38 secudum
657 1168 91 38 quid
702 1168 102 38 inuite.

190 1195 105 40 Ansel.
263 1195 95 40 autem
326 1195 147 40 intelligit
442 1195 84 40 quod
494 1195 74 40 non
536 1195 105 40 posset
610 1195 158 40 simpliciter
725 1195 84 40 inuite

193 1228 104 34 velle
262 1228 150 34 volitione
377 1228 115 34 libera
457 1228 127 34 proprie
549 1228 104 34 licet
618 1228 104 34 multa
687 1228 104 34 velle
745 1228 58 34 na-

185 1254 133 40 turalia
281 1254 181 40 precedentia
426 1254 109 40 omnem
499 1254 217 40 deliberationem
667 1254 133 40 sepissime

191 1283 122 33 recipiat
282 1283 71 33 vel
323 1283 101 33 saltem
394 1283 71 33 sit
434 1283 132 33 possibile
535 1283 81 33 quod
586 1283 122 33 recipiat
677 1283 91 33 velit
728 1283 71 33 nolit

211 1311 122 39 ⁋Aliter
300 1311 111 39 posset
378 1311 89 39 dici
433 1311 67 39 et
467 1311 100 39 forte
533 1311 111 39 melius
611 1311 89 39 quod
667 1311 100 39 ansel
722 1311 78 39 intel

186 1337 99 42 ligit
252 1337 88 42 quod
307 1337 88 42 nemo
363 1337 110 42 potest
440 1337 121 42 inuitus
528 1337 99 42 primo
594 1337 121 42 causare
683 1337 99 42 velle
738 1337 55 42 pro

196 1372 83 31 prie
247 1372 114 31 liberum
330 1372 62 31 et
361 1372 93 31 tamen
423 1372 93 31 velit
485 1372 93 31 nolit
548 1372 62 31 si
579 1372 124 31 recipiat
672 1372 83 31 tale
713 1372 83 31 retine

192 1401 71 32 bit
232 1401 61 32 et
263 1401 71 32 cum
303 1401 121 32 probatur
394 1401 61 32 in
424 1401 141 32 contrarium
535 1401 71 32 per
576 1401 141 32 augustinum
687 1401 71 32 qui
727 1401 71 32 non
758 1401 40 32 co

194 1428 100 37 gitur
260 1428 88 37 etc.
316 1428 66 37 Si
349 1428 77 37 hec
393 1428 155 37 auctoritas
515 1428 155 37 applicetur
636 1428 66 37 ad
669 1428 111 37 primam
736 1428 55 37 pr-

190 1460 143 34 ductionem
300 1460 176 34 instantaneam
443 1460 66 34 et
476 1460 121 34 liberam
564 1460 110 34 illius
641 1460 165 34 dilectionis
762 1460 33 34 o

185 1486 123 37 vocetur
274 1486 78 37 .c.
319 1486 67 37 de
352 1486 78 37 qua
397 1486 67 37 et
430 1486 89 37 eius
486 1486 190 37 continuatione
642 1486 78 37 est
687 1486 78 37 hic
720 1486 78 37 sermo

189 1514 146 33 auctoritas
303 1514 94 33 facit
366 1514 73 33 pro
408 1514 63 33 me
439 1514 84 33 quia
491 1514 73 33 .c.
533 1514 157 33 continuatur
658 1514 63 33 et
690 1514 104 33 libere
752 1514 42 33 et

188 1545 79 33 non
233 1545 112 33 coacte
311 1545 79 33 nec
356 1545 168 33 necessitate
491 1545 146 33 libertati
603 1545 146 33 contraria
704 1545 90 33 causal

187 1572 72 35 et
223 1572 84 35 hoc
271 1572 108 35 sonat
343 1572 167 35 auctoritas
474 1572 84 35 que
522 1572 144 35 exprimit
630 1572 120 35 facere
713 1572 72 35 et
737 1572 60 35 non

182 1600 167 38 continuare
313 1600 83 38 vel
361 1600 179 38 conseruare.
503 1600 60 38 ⁋
527 1600 71 38 Si
563 1600 95 38 vero
622 1600 167 38 applicetur
741 1600 60 38 au-

184 1630 128 32 ctoritas
280 1630 64 32 ad
312 1630 191 32 continuationem
471 1630 74 32 .c.
514 1630 85 32 dico
567 1630 85 32 quod
620 1630 128 32 voluntas
705 1630 85 32 liberi

182 1657 65 34 in
215 1657 140 34 principio
322 1657 65 34 a.
355 1657 129 34 temponis
451 1657 129 34 causando
548 1657 65 34 c.
581 1657 97 34 cogit
645 1657 118 34 seipsam
731 1657 65 34 et
753 1657 43 34 ne

179 1683 131 33 cessitat
277 1683 65 33 ad
310 1683 174 33 continuandum
451 1683 76 33 .c.
495 1683 76 33 vel
539 1683 120 33 aliquam
626 1683 87 33 eius
680 1683 109 33 partem
746 1683 54 33 nec

185 1712 73 36 hoc
226 1712 73 36 est
268 1712 167 36 inconveniens
404 1712 94 36 etiam
466 1712 125 36 secundum
560 1712 167 36 auctoritates
696 1712 83 36 vult
737 1712 63 36 enim

185 1745 139 31 anselmus
290 1745 93 31 quod
348 1745 139 31 voluntas
452 1745 116 31 posset
533 1745 128 31 seipsam
626 1745 174 31 necessitare
754 1745 46 31 et

186 1774 118 30 cogere
269 1774 106 30 malum
340 1774 71 30 vt
375 1774 154 30 inlibello
494 1774 71 30 ve
529 1774 142 30 cocordia
635 1774 95 30 cap.
695 1774 95 30 ter.
742 1774 59 30 di-

186 1801 66 35 cit
223 1801 76 35 opus
271 1801 132 35 voluntatis
374 1801 66 35 cui
412 1801 85 35 datum
469 1801 66 35 est
507 1801 57 35 vt
535 1801 76 35 quod
582 1801 76 35 vult
629 1801 76 35 quod
677 1801 66 35 sit
714 1801 57 35 et
733 1801 57 35 quod

182 1831 68 38 non
221 1831 78 38 vult
270 1831 68 38 non
309 1831 68 38 sit
347 1831 146 38 voluntarium
464 1831 68 38 seu
503 1831 146 38 spototaneum
619 1831 68 38 est
658 1831 97 38 quando
716 1831 78 38 sponta

180 1860 72 36 nea
221 1860 133 36 voluntate
323 1860 72 36 fit
364 1860 61 36 et
394 1860 133 36 vnifariam
497 1860 72 36 est
537 1860 72 36 nec
578 1860 123 36 essarium
670 1860 82 36 quia
721 1860 61 36 et
742 1860 51 36 vo-

185 1885 130 35 luntate
280 1885 130 35 cogitur
375 1885 107 35 fieri
446 1885 59 35 ⁋
470 1885 83 35 Sed
517 1885 83 35 has
565 1885 190 35 necessitates
707 1885 83 35 facii

188 1916 137 32 voluntatis
296 1916 118 32 libertas
384 1916 78 32 quae
433 1916 88 32 prius
492 1916 78 32 quam
541 1916 69 32 sit
580 1916 69 32 eas
620 1916 98 32 cauere
688 1916 98 32 potest
747 1916 49 32 sic

183 1943 89 36 dicam
242 1943 59 36 in
272 1943 79 36 casu
321 1943 79 36 isto
370 1943 79 36 quod
420 1943 118 36 voluntas
508 1943 99 36 libere
577 1943 118 36 causando
666 1943 89 36 actum
715 1943 79 36 aliter

178 1971 97 38 quem
238 1971 169 38 necessitat
371 1971 133 38 seipsam
468 1971 72 38 et
504 1971 109 38 cogit
577 1971 72 38 ad
601 1971 193 38 continuationem

183 2000 57 36 ⁋
205 2000 125 36 Secundo
297 2000 114 36 arguit
376 2000 91 36 idem
433 2000 114 36 doctor
513 2000 80 36 sic
559 2000 68 36 si
593 2000 137 36 voluntas
684 2000 103 36 ceteris

179 2032 132 31 paribus
275 2032 72 31 in
311 2032 108 31 dicto
383 2032 96 31 casu
443 2032 192 31 necessitatur
598 2032 120 31 tenere
670 2032 120 31 dilectio

181 2063 80 28 nem
226 2063 80 28 .c.
272 2063 80 28 per
318 2063 115 28 tempus
398 2063 69 28 a.
433 2063 92 28 quid
490 2063 115 28 igitur
570 2063 160 28 necessitat
696 2063 80 28 eam
731 2063 57 28 non

185 2087 110 33 passio
262 2087 110 33 aliqua
339 2087 88 33 quae
394 2087 121 33 ponatur
482 2087 88 33 quod
538 2087 110 33 nullam
615 2087 121 33 habebit
703 2087 77 33 nec
736 2087 55 33 co-

181 2115 102 45 gnitio
252 2115 81 45 quia
303 2115 81 45 tunc
354 2115 142 45 sequaretur
466 2115 81 45 quod
516 2115 102 45 quanto
588 2115 112 45 fortius
669 2115 102 45 vellet
730 2115 61 45 hare

842 240 116 59 aliquam
927 240 148 59 volitionem
1043 240 137 59 huiusmodi
1148 240 95 59 tanto
1211 240 116 59 fortius
1296 240 63 59 et
1327 240 116 59 diutius
1401 240 53 59 ha-

850 286 96 43 beret
915 286 96 43 istam
979 286 86 43 quia
1032 286 107 43 quanto
1107 286 150 43 volitionem
1225 286 118 43 aliquam
1311 286 107 43 nollet
1375 286 75 43 tanto

837 315 99 47 uagis
903 315 166 47 cognosceret
1036 315 99 47 illud
1102 315 88 47 quod
1157 315 110 47 nollet
1234 315 99 47 habre
1300 315 66 47 et
1334 315 77 47 per
1378 315 66 47 te
1400 315 55 47 co-

839 345 116 49 gnitio
920 345 81 49 est
967 345 104 49 causa
1036 345 173 49 retentionis
1175 345 116 49 igitur
1256 345 127 49 fortior
1336 345 116 49 cognitio

835 375 143 38 fortioris
945 375 165 38 retentionis
1077 375 77 38 nec
1121 375 110 38 posset
1199 375 88 38 dici
1254 375 88 38 quod
1309 375 132 38 voluntas
1397 375 55 38 ne-

837 402 120 43 cessitet
927 402 60 43 se
957 402 80 43 quia
1007 402 120 43 voluntas
1097 402 100 43 nollet
1167 402 100 43 habree
1237 402 90 43 istam
1297 402 140 43 nolitionem
1397 402 60 43 post

841 432 162 39 medietatem.
971 432 54 39 A
992 432 140 39 temponis.
1100 432 54 39 ⁋
1122 432 65 39 Ad
1154 432 97 39 istud
1219 432 86 39 dico
1273 432 86 39 quod
1327 432 119 39 ipsamet
1402 432 54 39 vo-

831 457 115 47 luntas
912 457 150 47 supposito
1028 457 139 47 vniformi
1132 457 139 47 concursu
1236 457 104 47 omnim
1305 457 127 47 aliorum
1386 457 69 47 puta

833 491 163 42 cognitionis
964 491 174 42 concausantis
1105 491 152 42 volitionem
1225 491 76 42 .c.
1268 491 65 42 et
1301 491 141 42 huiusmodi
1399 491 54 42 ne-

831 520 133 43 cessitat
931 520 67 43 ad
964 520 177 43 continuandum
1108 520 100 43 omnes
1175 520 100 43 autem
1241 520 89 43 alie
1297 520 100 43 cause
1363 520 78 43 ibi
1397 520 55 43 con

831 548 146 42 currentes
943 548 101 42 agunt
1010 548 123 42 quantum
1100 548 123 42 possunt
1189 548 67 42 ex
1223 548 101 42 parte
1290 548 101 42 earum
1357 548 67 42 et
1380 548 67 42 ideo

834 573 65 46 si
867 573 130 46 voluntas
964 573 97 46 ponat
1029 573 65 46 se
1061 573 108 46 libere
1137 573 65 46 ad
1169 573 86 46 idem
1223 573 130 46 sequitur
1320 573 130 46 effectus
1407 573 43 46 et

833 604 165 38 permanebit
963 604 71 38 et
998 604 106 38 omnia
1069 604 94 38 alia
1128 604 177 38 vniformiter
1269 604 177 38 permanebunt
1399 604 47 38 do

827 634 81 41 nec
874 634 128 41 volunta
967 634 116 41 libere
1048 634 116 41 cesset
1129 634 70 41 ab
1164 634 93 41 actu
1222 634 58 41 c
1246 634 105 41 sicut
1315 634 116 41 libere
1385 634 58 41 eum

826 666 128 35 causauit
922 666 75 35 non
965 666 75 35 est
1007 666 96 35 autem
1071 666 64 35 in
1103 666 106 35 ptante
1178 666 149 35 voluntatis
1295 666 106 35 create
1359 666 85 35 feren-

826 687 81 45 tis
873 687 69 45 se
907 687 69 45 in
942 687 127 45 aliquid
1034 687 116 45 subito
1115 687 69 45 et
1150 687 92 45 fine
1208 687 104 45 medio
1277 687 162 45 suspendere
1393 687 46 45 to

832 716 116 42 taliter
917 716 95 42 motum
980 716 95 42 illum
1043 716 84 42 quia
1096 716 84 42 tunc
1148 716 95 42 foret
1211 716 116 42 instans
1296 716 126 42 instanti
1380 716 63 42 imme

825 749 118 41 diatum
908 749 106 41 sicut
978 749 106 41 alias
1049 749 153 41 declaraui
1167 749 71 41 et
1202 749 83 41 hoc
1250 749 130 41 precise
1344 749 71 41 si
1367 749 83 41 talis

830 771 86 49 latio
888 771 57 49 in
916 771 105 49 aliquid
992 771 67 49 sit
1030 771 124 49 productio
1125 771 76 49 vere
1173 771 67 49 rei
1211 771 86 49 sicut
1268 771 67 49 est
1306 771 57 49 in
1334 771 114 49 proposit
1410 771 29 49 o

834 800 60 47 ⁋
858 800 84 47 Sed
906 800 108 47 quato
978 800 144 47 voluntas
1086 800 132 47 omnibus
1181 800 108 47 aliis
1253 800 120 47 causis
1325 800 120 47 partiali

829 832 84 49 bus
877 832 168 49 requisitis
1009 832 168 49 principiat
1141 832 180 49 dilectionem
1284 832 132 49 aliquam
1368 832 84 49 iuxta

827 861 100 44 modum
894 861 145 44 predictum
1005 861 89 44 tunc
1061 861 100 44 velle
1128 861 123 44 habitum
1217 861 67 44 in
1250 861 145 44 principio
1362 861 67 44 a.
1384 861 67 44 ten-

827 890 105 41 poris
897 890 70 41 de
933 890 82 41 non
979 890 129 41 habenda
1073 890 82 41 .c.
1120 890 164 41 dilectione
1248 890 105 41 vltra
1318 890 117 41 primam
1389 890 58 41 me-

829 923 127 39 dietatem
925 923 106 39 illius
999 923 127 39 temponis
1095 923 74 39 non
1137 923 127 39 sufficit
1233 923 85 39 siue
1286 923 117 39 pluries
1371 923 64 39 ad
1392 923 53 39 hoc

830 950 81 42 quod
881 950 122 42 dilectio
972 950 51 42 c
993 950 71 42 non
1033 950 143 42 retineatur
1146 950 92 42 vltra
1207 950 153 42 medietatem.
1329 950 61 42 a.
1349 950 102 42 temponis

829 980 63 40 tum
865 980 72 40 quia
910 980 63 40 hoc
947 980 63 40 est
983 980 109 40 proprium
1064 980 72 40 soli
1110 980 63 40 die
1146 980 118 40 voluntati
1237 980 72 40 quod
1282 980 63 40 per
1318 980 63 40 hoc
1354 980 72 40 quod
1391 980 54 40 nunc

821 1005 93 41 vult
880 1005 105 41 aliis
949 1005 128 41 aliquid
1043 1005 105 41 fieri
1112 1005 81 41 vel
1159 1005 128 41 destrui
1252 1005 70 41 eo
1287 1005 81 41 ipo
1334 1005 93 41 tunc
1380 1005 70 41 fiat

828 1036 79 46 vel
873 1036 113 46 cesset
952 1036 90 46 ipse
1008 1036 90 46 enim
1065 1036 102 46 solus
1132 1036 79 46 est
1177 1036 79 46 qui
1222 1036 102 46 dicit
1290 1036 68 46 et
1324 1036 102 46 facta
1380 1036 68 46 sunt

831 1063 72 38 tum
872 1063 82 38 quia
923 1063 92 38 velle
985 1063 92 38 illud
1046 1063 72 38 quo
1087 1063 82 38 vult
1138 1063 82 38 post
1190 1063 144 38 medietatem
1302 1063 51 38 a
1323 1063 123 38 temponis
1405 1063 41 38 c.

827 1091 69 44 non
866 1091 79 44 esse
916 1091 69 44 non
955 1091 118 44 repugnat
1043 1091 79 44 ipsi
1092 1091 69 44 .c.
1132 1091 108 44 dilecti
1210 1091 69 44 cum
1250 1091 147 44 compatiatur
1367 1091 69 44 .c.
1407 1091 59 44 in

821 1121 132 42 principio
922 1121 61 42 a.
953 1121 61 42 et
983 1121 71 42 per
1024 1121 91 42 totam
1085 1121 101 42 primam
1156 1121 142 42 medietatem
1267 1121 61 42 a.
1298 1121 91 42 etiam
1349 1121 101 42 secundem

829 1148 92 42 istum
890 1148 122 42 doctonem
981 1148 102 42 igitur
1053 1148 71 42 per
1093 1148 92 42 istud
1154 1148 92 42 velle
1215 1148 122 42 numnquam
1307 1148 122 42 cessabit
1388 1148 51 42 .c.

826 1177 91 45 nisi
883 1177 103 45 aliud
951 1177 80 45 sit
997 1177 69 45 in
1031 1177 103 45 causa
1100 1177 80 45 nec
1146 1177 91 45 poni
1203 1177 126 45 poterit
1294 1177 103 45 aliud
1363 1177 69 45 in
1386 1177 57 45 cau

827 1204 61 45 sa
857 1204 72 45 cum
898 1204 92 45 omnia
960 1204 82 45 alia
1011 1204 123 45 ponuntur
1103 1204 154 45 vniformiter
1226 1204 61 45 se
1257 1204 92 45 habre
1318 1204 102 45 igitur
1379 1204 72 45 opor-

823 1235 74 42 tet
866 1235 85 42 quod
919 1235 85 42 ipsa
972 1235 127 42 voluntas
1067 1235 95 42 velit
1131 1235 85 42 isto
1184 1235 85 42 tunc
1237 1235 148 42 adueniente
1343 1235 95 42 aliquid

827 1263 135 42 volitione
930 1263 145 42 repugnante
1044 1263 73 42 .c.
1086 1263 73 42 vel
1127 1263 93 42 velit
1190 1263 83 42 tunc
1242 1263 73 42 .c.
1283 1263 73 42 non
1325 1263 83 42 esse
1376 1263 52 42 ⁋
1397 1263 73 42 Sed

826 1289 77 45 hoc
870 1289 77 45 non
914 1289 77 45 est
958 1289 143 45 possibile
1068 1289 143 45 voluntati
1179 1289 66 45 ex
1212 1289 66 45 se
1245 1289 121 45 propter
1322 1289 132 45 impercepti

828 1320 143 42 bilitatem
938 1320 66 42 vt
971 1320 77 42 est
1016 1320 110 42 dictum
1093 1320 121 42 igitur.
1181 1320 55 42 ⁋
1203 1320 66 42 Ad
1236 1320 110 42 formam
1314 1320 110 42 igitur
1380 1320 66 42 argu

830 1350 80 43 menti
883 1350 97 43 dicitur
954 1350 71 43 quod
998 1350 106 43 voluntas
1078 1350 124 43 necessitet
1175 1350 97 43 seipsam
1246 1350 71 43 etc.
1291 1350 62 43 cum
1326 1350 97 43 dicitur
1388 1350 53 43 quod

828 1381 128 38 voluntas
924 1381 96 38 nolet
988 1381 96 38 habre
1052 1381 85 38 etc.
1105 1381 85 38 dico
1158 1381 85 38 quod
1212 1381 64 38 in
1244 1381 85 38 isto
1297 1381 85 38 casu
1340 1381 106 38 voluntas

825 1401 89 46 vult
880 1401 89 46 sibi
936 1401 167 46 impossibile
1069 1401 133 46 deducere
1169 1401 67 46 ad
1203 1401 133 46 effectum
1303 1401 89 46 quia
1358 1401 78 46 non
1391 1401 56 46 est

826 1432 67 47 in
859 1432 89 47 eius
915 1432 111 47 ptante
993 1432 134 47 naturali
1093 1432 100 47 scire
1160 1432 111 47 quando
1238 1432 122 47 precise
1327 1432 89 47 erit
1371 1432 78 47 lapsa

821 1463 109 35 prima
894 1463 146 35 medietas
1003 1463 73 35 a.
1040 1463 146 35 temponis
1149 1463 73 35 vt
1186 1463 146 35 predixi.
1295 1463 61 35 ⁋
1319 1463 122 35 Tertio
1392 1463 61 35 Ar-

824 1497 86 33 guit
878 1497 108 33 doctor
954 1497 86 33 iste
1008 1497 65 33 si
1040 1497 108 33 stante
1115 1497 86 33 casu
1169 1497 108 33 priori
1245 1497 129 33 oporteat
1342 1497 76 33 .c.
1374 1497 65 33 con-

826 1524 116 37 tinuare
911 1524 74 37 per
953 1524 95 37 totum
1016 1524 63 37 a.
1047 1524 74 37 vel
1089 1524 105 37 igitur
1163 1524 74 37 per
1205 1524 95 37 totum
1268 1524 95 37 illud
1331 1524 105 37 tempus
1394 1524 53 37 ma-

820 1549 74 39 net
863 1549 96 39 actus
927 1549 85 39 iste
980 1549 85 39 eque
1033 1549 128 39 intensus
1129 1549 96 39 sicut
1193 1549 85 39 fuit
1246 1549 64 39 in
1278 1549 106 39 primo.
1352 1549 64 39 in
1374 1549 74 39 stan-

822 1577 59 39 ti
852 1577 69 39 vel
891 1577 69 39 non
931 1577 59 39 si
961 1577 69 39 sic
1000 1577 79 39 tunc
1049 1577 89 39 lapso
1109 1577 79 39 isto
1158 1577 89 39 paruo
1218 1577 109 39 tempone
1287 1577 148 39 continuabitur

818 1605 94 45 vltra
880 1605 73 45 per
922 1605 136 45 tantundem
1026 1605 104 45 tempus
1099 1605 84 45 nisi
1152 1605 104 45 aliqua
1225 1605 177 45 circunstantia
1360 1605 84 45 remit-

822 1634 99 43 tatur
888 1634 88 43 quod
943 1634 77 43 non
987 1634 121 43 oportet
1075 1634 154 43 contingere
1196 1634 132 43 voluntas
1295 1634 88 43 ipsa
1339 1634 99 43 conser-

817 1661 90 39 uans
873 1661 78 39 .c.
918 1661 157 39 remittetur
1041 1661 112 39 igitur
1119 1661 146 39 remanebit
1231 1661 101 39 actus
1298 1661 78 39 .c.
1343 1661 78 39 ita
1377 1661 67 39 for-

824 1690 66 43 tis
861 1690 57 43 in
890 1690 85 43 fine.
946 1690 57 43 a.
975 1690 113 43 temponis
1060 1690 94 43 igitur
1126 1690 104 43 necesse
1201 1690 66 43 est
1239 1690 85 43 ipsum
1295 1690 113 43 vlterius
1371 1690 66 43 conti

819 1719 92 41 nuare
880 1719 71 41 per
921 1719 102 41 equale
992 1719 102 41 tempus
1064 1719 92 41 ipsi.
1125 1719 61 41 a.
1155 1719 61 41 et
1186 1719 82 41 pari
1237 1719 112 41 ratione
1319 1719 102 41 tertio
1380 1719 61 41 quar

821 1750 61 41 to
851 1750 61 41 et
882 1750 71 41 sic
922 1750 81 41 sine
973 1750 91 41 fine.
1034 1750 51 41 ⁋
1054 1750 81 41 Item
1105 1750 61 41 si
1135 1750 111 41 maneret
1216 1750 91 41 actus
1277 1750 152 41 vniformiter
1398 1750 61 41 in

820 1779 102 41 tensus
891 1779 71 41 per
932 1779 133 41 huiusmodi
1034 1779 122 41 tempouns
1126 1779 82 41 pari
1177 1779 112 41 ratione
1259 1779 92 41 foret
1320 1779 61 41 in
1340 1779 92 41 angelis

818 1805 110 40 beatis
895 1805 88 40 quia
950 1805 77 40 non
993 1805 143 40 videretur
1103 1805 99 40 posse
1169 1805 88 40 dari
1224 1805 99 40 ratio
1279 1805 153 40 diuersitatis

823 1834 62 43 et
854 1834 62 43 si
884 1834 72 43 sic
925 1834 82 43 tunc
977 1834 62 43 si
1008 1834 123 43 viderent
1100 1834 82 43 deum
1151 1834 92 43 velle
1213 1834 82 43 vnum
1264 1834 62 43 et
1295 1834 103 43 postea
1357 1834 82 43 statim

816 1863 143 41 oppositum
926 1863 77 41 non
970 1863 121 41 possent
1058 1863 66 41 se
1091 1863 154 41 conformare
1213 1863 132 41 volutati
1312 1863 88 41 dmie
1356 1863 77 41 infra

819 1889 68 42 illud
865 1889 83 42 tempuns
925 1889 45 42 et
948 1889 53 42 per
978 1889 106 42 consequens
1062 1889 91 42 haberent
1130 1889 61 42 tunc
1168 1889 68 42 tales
1213 1889 68 42 actus
1258 1889 76 42 inuite
1311 1889 38 42 ⁋
1326 1889 61 42 Item
1357 1889 83 42 similiter

821 1918 111 47 fuisset
902 1918 61 47 in
932 1918 111 47 Christo
1013 1918 61 47 et
1043 1918 71 47 sic
1084 1918 121 47 postquam
1175 1918 81 47 fuit
1226 1918 111 47 mortuus
1306 1918 101 47 voluit
1367 1918 71 47 seite

819 1950 70 38 rum
859 1950 80 38 mori
909 1950 80 38 quia
960 1950 60 38 in
990 1950 121 38 instanti
1080 1950 101 38 mortis
1151 1950 70 38 sue
1191 1950 101 38 voluit
1261 1950 121 38 seiqueum
1352 1950 80 38 mori
1392 1950 40 38 et

817 1977 60 38 si
847 1977 70 38 hoc
887 1977 100 38 igitur
958 1977 121 38 secundem
1048 1977 90 38 istam
1108 1977 161 38 responsionem
1239 1977 60 38 de
1269 1977 151 38 necessitate
1380 1977 60 38 ista

824 2010 113 33 volitio
906 2010 175 33 continuabitur
1050 2010 92 33 vltra
1111 2010 103 33 igitur
1183 2010 82 33 Item
1235 2010 62 33 si
1266 2010 82 33 ista
1317 2010 123 33 volitio.
1399 2010 31 33 o

816 2037 101 38 manet
883 2037 146 38 vniformis
996 2037 79 38 per
1041 2037 101 38 totum
1108 2037 68 38 a.
1142 2037 101 38 quero
1210 2037 101 38 autem
1277 2037 113 38 potest
1345 2037 90 38 corrum

820 2066 57 44 pi
848 2066 95 44 subito
914 2066 66 44 aut
952 2066 66 44 non
990 2066 57 44 si
1019 2066 95 44 subito
1085 2066 95 44 igitur
1151 2066 85 44 infra
1208 2066 85 44 istud
1265 2066 95 44 tempus
1332 2066 95 44 potest
1389 2066 47 44 cor

817 2095 94 35 rumpi
879 2095 62 35 si
910 2095 73 35 non
952 2095 104 35 igitur
1025 2095 94 35 vltra
1087 2095 94 35 illud
1149 2095 114 35 instans
1232 2095 83 35 quod
1284 2095 83 35 erit
1336 2095 94 35 finis
1388 2095 42 35 a.

816 2121 124 55 temponis
909 2121 145 55 necessario
1022 2121 145 55 permanebit
1136 2121 52 55 ⁋
1157 2121 83 55 Item
1209 2121 62 55 si
1240 2121 72 55 sic
1281 2121 114 55 maneret
1364 2121 72 55 per
1395 2121 41 55 ta
