1791 2500
327 241 68 57 de
361 241 91 57 vera
418 241 68 57 et
452 241 102 57 falsa
520 241 159 57 penitentia
645 241 80 57 di.
691 241 57 57 5
713 241 68 57 in
748 241 148 57 principio
850 241 91 57 dicit.

330 296 62 33 ⁋
354 296 175 33 Consideret
492 296 150 33 peccator
604 296 187 33 quantitatem
754 296 150 33 criminis
866 296 75 33 in
891 296 50 33 lo

340 322 69 35 co
375 322 69 35 in
410 322 127 35 tempore
502 322 69 35 in
537 322 197 35 perseuerantia
699 322 93 35 etc.
757 322 93 35 post
803 322 139 35 consideret

332 349 147 39 quantum
438 349 240 39 perseuerauerit
638 349 80 39 et
678 349 147 39 defleat
785 349 107 39 quod
838 349 107 39 perse-

332 374 174 43 uerauerit
466 374 174 43 peccauit.
600 374 107 43 Item
667 374 107 43 tunc
734 374 121 43 summe
815 374 107 43 deum
868 374 81 43 odi-

334 403 96 38 ens
389 403 164 38 continue
512 403 96 38 per
567 403 150 38 aliquod
676 403 137 38 tempus
771 403 123 38 minus
840 403 109 38 pecca-

337 429 80 42 ret
382 429 91 42 quam
439 429 68 42 si
474 429 126 42 interim
565 429 103 42 illud
633 429 103 42 odium
702 429 171 42 corrumperet
839 429 68 42 et
862 429 91 42 iterum

339 461 174 41 resumeret.
476 461 100 41 Item
538 461 100 41 tunc
600 461 125 41 volens
687 461 150 41 occidere
800 461 112 41 mille
862 461 87 41 viros

331 490 76 39 et
369 490 76 39 ex
407 490 126 39 equali
495 490 139 39 malicia
596 490 176 39 continuata
735 490 151 39 exequens
848 490 88 39 non
886 490 63 39 ma-

335 514 82 43 gis
382 514 141 43 peccaret
488 514 94 43 quam
547 514 82 43 qui
594 514 129 43 ceteris
688 514 129 43 paribus
782 514 153 43 occideret
888 514 71 43 unum

336 549 111 35 solum.
413 549 66 35 Si
446 549 99 35 dicas
513 549 88 35 quod
568 549 77 35 ymo
612 549 88 35 quia
668 549 99 35 actus
734 549 133 35 exterior
833 549 77 35 est
867 549 88 35 potior

334 578 90 36 quia
390 578 79 36 est
435 578 124 36 lesiuus
525 578 135 36 plurium.
626 578 56 36 ⁋
649 578 113 36 Contra
728 578 113 36 igitur
807 578 90 36 pari
852 578 101 36 ratio-

328 605 75 35 ne
365 605 87 35 est
415 605 112 35 magis
489 605 162 35 offensiua
613 605 87 35 dei
663 605 149 35 executio
775 605 112 35 talis
837 605 112 35 impetus

333 629 144 39 respectu
441 629 144 39 multorum
549 629 96 39 quam
609 629 144 39 respectu
716 629 120 39 vnius.
800 629 144 39 Falsitas
896 629 60 39 pro

330 660 110 41 batur
403 660 98 41 quia
465 660 74 41 si
501 660 147 41 voluntas
612 660 147 41 interior
722 660 86 41 non
771 660 86 41 sit
820 660 110 41 pelor
881 660 74 41 pro-

332 688 102 41 pter
396 688 229 41 continuationem
586 688 114 41 actus
663 688 178 41 interioris
803 688 102 41 mali
853 688 102 41 igitur

330 715 87 37 nec
379 715 112 37 actus
454 715 175 37 exteriores
591 715 75 37 ex
629 715 112 37 eorum
704 715 224 37 continuatione.
878 715 75 37 Item

334 744 98 39 tunc
395 744 134 39 veniale
493 744 134 39 additum
590 744 134 39 mortali
688 744 171 39 precedenti
823 744 110 39 esset
884 744 73 39 ali-

337 777 81 32 cui
384 777 128 32 grauius
477 777 70 32 si
512 777 128 32 nouiter
605 777 116 32 fieret
686 777 93 32 quam
745 777 175 32 continuatio
873 777 81 32 morta

340 800 90 40 lis
391 800 103 40 quia
456 800 90 40 pro
507 800 141 40 veniali
610 800 167 40 deberetur
738 800 103 40 noua
802 800 103 40 pena
866 800 77 40 et
892 800 64 40 pro

338 829 211 39 continuatione
512 829 149 39 mortalis
623 829 99 39 non.
686 829 99 39 Item
748 829 99 39 tunc
810 829 149 39 ecclesia
909 829 50 39 er

331 859 120 34 raret
411 859 80 34 in
451 859 160 34 puniendo
571 859 241 34 continuationem
772 859 160 34 malitie.
879 859 80 34 Item

341 888 102 35 tunc
405 888 89 35 per
456 888 178 35 quemcunque
596 888 115 35 actum
673 888 229 35 satiffactorium
851 888 102 35 posset

342 920 94 33 homo
401 920 176 33 satiffacere
542 920 82 33 pro
589 920 141 33 quolibet
695 920 129 33 constat
789 920 94 33 enim
847 920 94 33 quod
894 920 59 33 ita

344 947 77 38 diu
388 947 99 38 talis
454 947 99 38 actus
520 947 110 38 posset
597 947 154 38 continuari
717 947 88 38 quod
772 947 99 38 esset
827 947 132 38 satiffacto

339 971 94 37 rius
398 971 83 37 pro
445 971 165 37 grauissimo
575 971 130 37 delicto
670 971 118 37 igitur
752 971 71 37 si
788 971 83 37 ita
835 971 106 37 bonus
894 971 59 37 est

349 1001 73 35 in
385 1001 159 35 principio
508 1001 110 35 sicut
581 1001 122 35 postea
667 1001 86 35 per
716 1001 208 35 cotinuationem
875 1001 86 35 patet

338 1029 165 37 intentum.
465 1029 63 37 ⁋
490 1029 101 37 Item
554 1029 139 37 mathei.
655 1029 63 37 5
680 1029 114 37 docet
756 1029 152 37 christus
858 1029 101 37 petere

348 1061 135 36 querere
446 1061 74 36 et
483 1061 135 36 pulsare
582 1061 74 36 et
618 1061 98 36 idem
680 1061 86 36 luc
729 1061 86 36 xi.
778 1061 86 36 vbi
828 1061 74 36 de
865 1061 86 36 hoc
901 1061 62 36 pa-

335 1085 94 42 nit
388 1085 175 42 parabolam
523 1085 81 42 de
564 1085 148 42 petente
672 1085 135 42 amicum
766 1085 108 42 suum
834 1085 81 42 vt
861 1085 94 42 accom

343 1118 140 32 modaret
445 1118 102 32 sibi
508 1118 102 32 tres
572 1118 127 32 panes.
661 1118 102 32 Item
724 1118 102 32 luce
787 1118 76 32 16
825 1118 114 32 dicit
889 1118 76 32 chri

342 1144 97 34 stus
403 1144 134 34 oportet
500 1144 121 34 semper
585 1144 109 34 orare
658 1144 73 34 et
694 1144 85 34 non
742 1144 146 34 deficere
852 1144 73 34 et
876 1144 85 34 ponit

344 1172 167 36 exemplum
469 1172 84 36 de
511 1172 139 36 iniquo
609 1172 139 36 iudice
706 1172 195 36 vindicante
846 1172 111 36 viduam

344 1201 75 36 de
382 1201 176 36 aduersario
520 1201 88 36 suo
570 1201 138 36 propter
671 1201 176 36 instantiam
809 1201 100 36 suam
871 1201 75 36 in
896 1201 63 36 pe-

345 1229 119 36 tendo
424 1229 158 36 probatur
543 1229 172 36 laudantur
675 1229 172 36 seculares
807 1229 106 36 bene
873 1229 79 36 et
899 1229 66 36 diu

341 1258 140 35 durantes
446 1258 70 35 et
481 1258 93 35 equi
540 1258 70 35 in
575 1258 82 35 via
621 1258 82 35 non
668 1258 175 35 deficientes
808 1258 105 35 mirum
867 1258 93 35 igitir

350 1291 89 33 tur
401 1291 89 33 est
452 1291 76 33 si
490 1291 89 33 non
541 1291 165 33 laudantur
667 1291 139 33 homines
769 1291 114 33 opera
845 1291 101 33 bona
896 1291 63 33 con

350 1315 162 34 tinuantes.
478 1315 58 34 ⁋
501 1315 69 34 Ad
535 1315 92 34 ista
593 1315 104 34 patet
663 1315 81 34 pro
709 1315 116 34 maiori
790 1315 104 34 parte
859 1315 69 34 ex
882 1315 81 34 dicti

348 1346 99 36 bene
410 1346 99 36 enim
472 1346 99 36 volo
534 1346 99 36 quod
596 1346 124 36 longua
683 1346 186 36 continuatio
832 1346 99 36 boni
881 1346 87 36 actus

353 1376 145 31 volendi
458 1376 197 31 procedentis
616 1376 79 31 ex
655 1376 171 31 charitate
787 1376 92 31 ymo
839 1376 118 31 omnis
905 1376 66 31 con

348 1399 144 35 tinuatio
456 1399 96 35 siue
516 1399 120 35 breuis
600 1399 96 35 siue
660 1399 108 35 longa
731 1399 168 35 equiualens
863 1399 96 35 vere
911 1399 60 35 vel

355 1421 220 44 interpretatiue
538 1421 146 44 pluribus
648 1421 207 44 causationibus
819 1421 110 44 talis
880 1421 85 44 actus

347 1460 116 33 auget
424 1460 142 33 meritum
527 1460 77 33 et
566 1460 180 33 charitatem
708 1460 90 33 vie
759 1460 77 33 et
785 1460 180 33 consequenter

352 1484 145 42 premium
457 1484 198 42 intellectus
615 1484 79 42 et
655 1484 145 42 quantum
760 1484 158 42 pretacta
866 1484 92 42 media

356 1518 117 33 istius
438 1518 141 33 doctoris
544 1518 106 33 illud
615 1518 129 33 probant
709 1518 106 33 illis
779 1518 141 33 inhereo.
885 1518 70 33 Et
908 1518 59 33 si-

353 1545 142 35 militer
456 1545 103 35 dico
520 1545 90 35 ymo
572 1545 142 35 fortius
675 1545 116 35 multo
752 1545 77 35 ve
778 1545 193 35 continuatione

352 1573 122 34 actus
434 1573 108 34 mali
501 1573 149 34 quantum
609 1573 81 34 ad
650 1573 176 34 demeritum
785 1573 108 34 quia
839 1573 122 34 tenere-

350 1600 92 37 tur
402 1600 157 37 quilibet
520 1600 131 37 citius
612 1600 144 37 quomodo
716 1600 131 37 posset
808 1600 131 37 culpam
886 1600 79 37 mor-

350 1627 112 40 talem
424 1627 162 40 inchoatam
549 1627 162 40 dimittere
674 1627 75 40 et
711 1627 100 40 ideo
774 1627 112 40 actio
836 1627 125 40 temporis

353 1659 124 34 minimi
440 1659 75 34 ab
477 1659 100 34 ipso
539 1659 162 34 distincte
664 1659 211 34 perceptibilis
838 1659 87 34 quo
875 1659 87 34 primo

353 1686 127 41 posset
442 1686 165 41 aduertere
569 1686 76 41 se
607 1686 127 41 teneri
695 1686 165 41 dimittere
822 1686 101 41 tale
872 1686 89 41 malum

355 1713 74 37 et
392 1713 87 37 non
441 1713 149 37 dimittit
553 1713 136 37 omittit
652 1713 136 37 nouiter
751 1713 149 37 peccando
850 1713 111 37 mortali

357 1743 85 39 ter
406 1743 85 39 non
454 1743 134 39 ponendo
552 1743 110 39 actum
625 1743 195 39 displicentie
783 1743 110 39 talis
856 1743 110 39 actus
917 1743 49 39 et

347 1774 86 31 non
396 1774 147 31 cessando
506 1774 74 31 ab
543 1774 98 31 actu
605 1774 98 31 tali
666 1774 123 31 citius
752 1774 86 31 quo
801 1774 135 31 poterit
887 1774 74 31 vere

351 1799 84 35 vel
399 1799 215 35 interpretatiue
578 1799 191 35 intelligitur
733 1799 131 35 nouiter
817 1799 143 35 consentire

354 1831 71 32 et
390 1831 82 32 hoc
437 1831 94 32 quia
495 1831 71 32 vt
531 1831 106 32 supra
601 1831 94 32 dixi
660 1831 129 32 pecepta
754 1831 141 32 negatiua
848 1831 118 32 obligant

356 1856 74 36 ad
393 1856 135 36 semper.
491 1856 61 36 ⁋
516 1856 74 36 In
552 1856 135 36 actibus
651 1856 111 36 autem
724 1856 111 36 bonis
798 1856 86 36 non
835 1856 123 36 continu-

364 1885 75 34 tis
407 1885 140 34 totaliter
515 1885 97 34 vadit
580 1885 75 34 ita
623 1885 86 34 quod
676 1885 75 34 ibi
719 1885 161 34 continuatio
849 1885 118 34 expleta
924 1885 43 34 di

363 1913 125 37 stracte
454 1913 102 37 parum
522 1913 80 37 aut
568 1913 102 37 nihil
636 1913 137 37 prodest.
738 1913 57 37 ⁋
761 1913 137 37 Iteratio
864 1913 102 37 autem
920 1913 46 37 vo

354 1944 144 36 luntaria
462 1944 96 36 boni
522 1944 108 36 actus
594 1944 72 36 ex
630 1944 156 36 charitate
749 1944 120 36 semper
833 1944 120 36 iuuat.
905 1944 60 36 Se-

358 1975 101 33 cundo
425 1975 101 33 tamen
493 1975 90 33 dico
549 1975 90 33 quod
606 1975 169 33 continuatio
741 1975 90 33 boni
797 1975 101 33 actus
865 1975 79 33 per
898 1975 68 33 tale

358 2001 115 36 tempus
438 2001 126 36 minimum
529 2001 126 36 ceteris
621 2001 126 36 paribus
713 2001 80 36 non
759 2001 103 36 auget
827 2001 126 36 gratiam
908 2001 57 36 nec

358 2029 120 37 meritum
446 2029 99 37 intem
511 2029 88 37 siue
566 2029 88 37 nisi
621 2029 120 37 accedat
708 2029 153 37 adiutorium
829 2029 120 37 diuinum
905 2029 55 37 vel

352 2057 101 33 aliud
419 2057 145 33 singulare
531 2057 67 33 et
564 2057 78 33 per
609 2057 89 33 ista
665 2057 101 33 satis
732 2057 101 33 esset
799 2057 145 33 obuiandum
899 2057 67 33 huic

354 2084 121 39 magistro
445 2084 71 39 qui
485 2084 111 39 nititur
566 2084 111 39 probare
647 2084 81 39 quod
697 2084 101 39 nullum
768 2084 71 39 sit
808 2084 111 39 meritum
879 2084 81 39 instam

362 2111 95 52 taneum
429 2111 67 52 sed
467 2111 86 52 omnem
525 2111 115 52 continuu
611 2111 57 52 et
639 2111 124 52 temporale
735 2111 57 52 et
763 2111 76 52 quod
811 2111 86 52 omnis
859 2111 105 52 continua

974 246 80 49 tio
1019 246 103 49 actus
1088 246 91 49 boni
1145 246 68 49 ex
1179 246 148 49 charitate
1293 246 148 49 procedens
1407 246 80 49 est
1452 246 125 49 nouiter
1532 246 57 49 me-

972 287 119 39 ritoria
1059 287 98 39 cuius
1124 287 141 39 oppositum
1233 287 76 39 est
1276 287 119 39 secunda
1363 287 152 39 conclusio.
1482 287 54 39 ⁋
1504 287 65 39 Ad
1526 287 65 39 pri-

968 318 84 34 mum
1016 318 120 34 igitur
1100 318 96 34 dico
1159 318 96 34 quod
1219 318 72 34 si
1255 318 96 34 homo
1315 318 167 34 deliberate
1446 318 144 34 eliceret
1542 318 48 34 a-

976 345 88 35 ctum
1031 345 99 35 bonum
1097 345 66 35 et
1130 345 99 35 infra
1196 345 132 35 terminum
1294 345 88 35 dati
1349 345 132 35 temponis
1448 345 132 35 dormiret
1536 345 55 35 non

970 374 135 34 noceret
1068 374 135 34 quantum
1166 374 73 34 ad
1202 374 135 34 meritum
1300 374 135 34 dummodo
1398 374 73 34 in
1435 374 98 34 fine
1484 374 110 34 eiusdem

973 403 136 31 temponis
1075 403 148 31 aditerato
1188 403 91 31 bene
1245 403 136 31 volendum
1347 403 80 31 vel
1393 403 91 31 bene
1450 403 125 31 agendum
1529 403 57 31 ita

973 431 100 40 vigil
1040 431 145 40 existeret
1151 431 100 40 sicut
1218 431 111 40 prius.
1296 431 134 40 Secundum
1396 431 78 40 non
1440 431 134 40 procedit
1529 431 56 40 con

975 460 92 35 tra
1027 460 79 35 me
1067 460 92 35 cum
1119 460 157 35 loquatur
1237 460 79 35 de
1276 460 144 35 tempore
1381 460 118 35 infra
1459 460 105 35 quod
1511 460 79 35 vnus

972 486 133 36 simplex
1069 486 97 36 sepe
1129 486 121 36 potest
1214 486 194 36 intermittere
1372 486 73 36 et
1408 486 145 36 resumere
1505 486 85 36 actum

971 518 114 30 suum.
1047 518 126 30 Tertiu
1136 518 114 30 satis
1212 518 89 30 est
1262 518 139 30 solutum
1363 518 126 30 prius.
1452 518 63 30 ⁋
1477 518 76 30 Ad
1502 518 89 30 quar-

978 548 80 31 tum
1023 548 148 31 consilium
1137 548 103 31 illud
1206 548 137 31 apostoli
1308 548 68 31 et
1343 548 183 31 auctoritates
1480 548 125 31 sanctorum

978 573 83 32 non
1026 573 155 32 recipiunt
1145 573 107 32 aliud
1217 573 119 32 paruum
1300 573 119 32 tempus
1383 573 83 32 sed
1431 573 119 32 magnam
1503 573 95 32 conti-

972 598 161 38 nuationem
1095 598 99 38 quia
1157 598 161 38 consilium
1281 598 87 38 est
1331 598 74 38 oe
1368 598 198 38 possibilibus
1516 598 87 38 fieri

982 631 69 31 et
1016 631 126 31 dimitti
1108 631 92 31 etc.
1165 631 57 31 ⁋
1188 631 92 31 Ideo
1245 631 92 31 dico
1303 631 69 31 de
1337 631 172 31 aristotele.
1475 631 69 31 Et
1509 631 80 31 per
1544 631 57 31 il-

974 656 86 35 lud
1023 656 110 35 patet
1096 656 73 35 ad
1133 656 61 35 5
1157 656 61 35 6
1182 656 73 35 et
1218 656 61 35 7
1243 656 86 35 et.
1292 656 86 35 10.
1340 656 61 35 ⁋
1365 656 73 35 Ad
1401 656 73 35 1i
1438 656 86 35 est
1475 656 122 35 dicendum

974 688 92 33 quod
1032 688 69 33 ex
1067 688 127 33 malitia
1159 688 161 33 voluntatis
1285 688 161 33 continuata
1412 688 127 33 precise
1504 688 81 33 per
1538 688 58 33 tem

988 716 79 32 us
1027 716 79 32 a.
1066 716 92 32 nec
1119 716 118 32 mille
1197 716 144 32 homines
1302 716 92 32 nec
1354 716 131 32 vnicum
1446 716 131 32 posset
1524 716 79 32 quis

983 744 139 34 occidere
1088 744 93 34 sine
1146 744 116 34 pluri.
1227 744 58 34 ⁋
1250 744 93 34 Ideo
1308 744 162 34 argumentum
1435 744 104 34 illud
1504 744 81 34 non
1539 744 58 34 pro

984 767 109 36 cedit
1057 767 158 36 oporteret
1178 767 97 36 enim
1238 767 85 36 non
1287 767 109 36 solum
1360 767 109 36 semel
1432 767 85 36 sed
1469 767 133 36 sepissime

979 799 113 33 actus
1055 799 113 33 malos
1130 799 176 33 interiores
1269 799 151 33 renouare
1382 799 151 33 antequam
1483 799 113 33 malitia

975 829 186 30 voluntatis
1121 829 120 30 circa
1201 829 93 30 tot
1254 829 146 30 homines
1360 829 173 30 completur
1493 829 80 30 et
1519 829 80 30 bene

983 858 92 32 volo
1040 858 92 32 quod
1097 858 149 32 repetitio
1212 858 161 32 voluntaria
1338 858 115 32 actuum
1419 858 172 32 consimilium
1545 858 46 32 ag

980 886 117 34 grauat
1062 886 152 34 demeritum
1179 886 187 34 frequentatum
1331 886 93 34 vnde
1389 886 93 34 iste
1448 886 105 34 actus
1506 886 82 34 solus

977 913 127 32 communis
1073 913 95 32 prius
1136 913 74 32 quo
1179 913 64 32 ex
1210 913 116 32 malitia
1295 913 106 32 vellet
1369 913 95 32 mille
1433 913 116 32 homines
1507 913 95 32 iniuste

982 945 143 33 occidere
1090 945 131 33 nunquam
1185 945 96 33 sine
1245 945 107 33 pluri
1316 945 107 33 circa
1388 945 107 33 eorum
1460 945 131 33 aliquem
1543 945 60 33 con

979 970 159 36 pleretur
1098 970 145 36 oportet
1203 970 106 36 enim
1270 970 132 36 addere
1362 970 119 36 actus
1441 970 119 36 alios
1507 970 93 36 malos

988 998 124 33 quibus
1074 998 74 33 de
1111 998 149 33 terminat
1223 998 111 33 primo
1297 998 149 33 occidere
1409 998 99 33 nunc
1471 998 111 33 istum
1533 998 74 33 tunc

982 1027 115 37 illum
1059 1027 77 37 et
1097 1027 89 37 ita
1148 1027 166 37 deinceps.
1276 1027 64 37 ⁋
1301 1027 77 37 Ad
1339 1027 77 37 12
1378 1027 89 37 per
1429 1027 115 37 idem.
1505 1027 64 37 ⁋
1531 1027 77 37 Ad
1556 1027 51 37 13

985 1057 131 31 negatur
1080 1057 191 31 consequentia
1235 1057 95 31 quia
1295 1057 107 31 citra
1367 1057 119 31 finem.
1450 1057 72 31 a.
1474 1057 119 31 temporis

985 1084 81 31 non
1032 1084 81 31 est
1078 1084 70 31 in
1113 1084 81 31 sua
1160 1084 151 31 potestate
1276 1084 128 31 nouiter
1368 1084 128 31 peccare
1450 1084 139 31 venialiter

988 1114 81 29 vel
1035 1114 173 29 mortaliter.
1173 1114 81 29 sed
1219 1114 173 29 continuatio
1357 1114 127 29 peccati
1449 1114 138 29 mortalis
1541 1114 58 29 vl-

980 1138 77 35 tra
1024 1138 111 35 tempus
1102 1138 66 35 a.
1135 1138 88 35 plus
1190 1138 133 35 aggrauat
1289 1138 88 35 quam
1345 1138 122 35 aliquod
1433 1138 133 35 veniale.
1533 1138 55 35 ⁋
1555 1138 66 35 Ad

979 1172 74 29 i4
1016 1172 136 29 negatur
1115 1172 199 29 consequentia
1276 1172 99 29 quia
1338 1172 149 29 ecclesia
1450 1172 87 29 non
1487 1172 112 29 puniret

976 1199 111 35 istam
1050 1199 123 35 breuem
1136 1199 222 35 continuationem
1321 1199 148 35 plusquam
1420 1199 173 35 instantaneam

987 1229 191 33 causationem
1140 1229 115 33 actus
1216 1229 102 33 mali
1280 1229 89 33 per
1331 1229 102 33 idem
1394 1229 127 33 patet.
1483 1229 76 33 Ad
1522 1229 76 33 13
1547 1229 51 33 et

988 1256 75 35 ad
1025 1256 100 35 alia
1087 1256 87 35 que
1137 1256 174 35 sequuntur.
1274 1256 62 35 ⁋
1299 1256 137 35 Octauum
1399 1256 125 35 dubium
1473 1256 125 35 principa

994 1289 65 30 e.
1027 1289 98 30 Utrum
1092 1289 119 30 aliquis
1178 1289 108 30 viator
1254 1289 108 30 possit
1330 1289 141 30 diligendo
1438 1289 87 30 deum
1493 1289 76 30 vel
1525 1289 76 30 alias

984 1314 96 29 bene
1044 1314 132 29 volendo
1140 1314 120 29 mereri
1225 1314 157 29 augmentum
1345 1314 120 29 gratie
1429 1314 72 29 in
1466 1314 108 29 primo
1538 1314 84 29 in¬

985 1342 93 34 stanti
1050 1342 56 34 in
1078 1342 65 34 quo
1115 1342 131 34 infunditur
1218 1342 93 34 gratia
1283 1342 84 34 sibir
1340 1342 56 34 et
1368 1342 103 34 videtur
1442 1342 75 34 quod
1489 1342 65 34 sic
1526 1342 65 34 qui
1554 1342 47 34 si-

987 1367 76 36 cut
1031 1367 108 36 arguit
1106 1367 76 36 ma.
1150 1367 98 36 qudam
1215 1367 76 36 pro
1258 1367 76 36 hac
1301 1367 163 36 conclusione
1431 1367 119 36 aliquis
1507 1367 87 36 viator

986 1401 113 32 potest
1065 1401 102 32 extra
1132 1401 158 32 charitatem
1257 1401 79 32 vel
1302 1401 124 32 gratiam
1392 1401 135 32 recipere
1482 1401 113 32 diligere

986 1429 93 30 deum
1045 1429 82 30 cum
1091 1429 82 30 cum
1138 1429 105 30 aliis
1208 1429 210 30 circunstantiis
1383 1429 105 30 bonis
1453 1429 70 30 ex
1487 1429 117 30 genere
1557 1429 47 30 et

987 1452 159 34 continuando
1115 1452 96 34 actum
1178 1452 96 34 illum
1242 1452 96 34 vsque
1306 1452 64 34 ad
1338 1452 180 34 certumltempus
1486 1452 106 34 potest
1561 1452 64 34 in

990 1482 87 34 illo
1044 1482 130 34 instanti
1142 1482 65 34 et
1174 1482 98 34 vltra
1239 1482 108 34 habere
1315 1482 98 34 actum
1380 1482 98 34 illum
1434 1482 163 34 circustantio-

985 1511 101 35 natum
1052 1511 79 35 cum
1097 1511 124 35 omnibus
1187 1511 203 35 circunstantius
1356 1511 158 35 requisitis
1480 1511 68 35 ad
1503 1511 101 35 meritum

987 1543 64 31 et
1019 1543 75 31 cum
1062 1543 107 31 gratia
1137 1543 75 31 sit
1180 1543 107 31 igitur
1255 1543 75 31 ita
1298 1543 64 31 in
1330 1543 86 31 illo
1383 1543 128 31 instanti
1479 1543 96 31 primo
1533 1543 64 31 tunc

988 1569 73 36 sic
1029 1569 94 36 talis
1092 1569 63 36 in
1124 1569 84 36 illo
1176 1569 126 36 instanti
1270 1569 94 36 primo
1333 1569 136 36 merebitur
1438 1569 73 36 per
1479 1569 94 36 actum
1532 1569 73 36 illum

986 1596 155 39 dilectionis
1110 1596 72 39 sed
1151 1596 72 39 non
1193 1596 103 39 potest
1265 1596 103 39 mereri
1337 1596 114 39 gratiam
1420 1596 103 39 primam
1493 1596 103 39 igitur
1555 1596 41 39 me

990 1626 107 34 rebitur
1068 1626 68 34 per
1107 1626 88 34 actum
1166 1626 88 34 istum
1224 1626 107 34 gratiam
1302 1626 97 34 primam
1370 1626 97 34 augeri
1438 1626 58 34 in
1468 1626 78 34 illo
1507 1626 97 34 instanti

987 1654 91 36 quia
1044 1654 68 36 no
1078 1654 125 36 differt
1169 1654 91 36 deus
1226 1654 160 36 creationem
1351 1654 91 36 suam
1408 1654 68 36 et
1442 1654 91 36 hanc
1488 1654 114 36 rationem

982 1685 76 34 sic
1026 1685 142 34 intelligo
1135 1685 66 34 et
1168 1685 87 34 tunc
1222 1685 76 34 est
1266 1685 87 34 bona
1321 1685 109 34 aliter
1397 1685 76 34 non
1441 1685 142 34 concludit
1539 1685 55 34 vi-

986 1712 119 33 delicet
1073 1712 86 33 quod
1127 1712 65 33 in
1159 1712 86 33 isto
1213 1712 97 33 sensu
1278 1712 65 33 in
1310 1712 76 33 quo
1354 1712 108 33 habuit
1429 1712 119 33 gratiam
1516 1712 76 33 sic
1548 1712 54 33 ha-

989 1739 88 35 beat
1044 1739 66 35 se
1077 1739 132 35 voluntas
1176 1739 99 35 circa
1242 1739 132 35 obiectum
1340 1739 110 35 istius
1417 1739 99 35 actus
1483 1739 88 35 quod
1527 1739 77 35 istum

988 1768 141 32 eliceret
1094 1768 70 32 si
1129 1768 106 32 alias
1200 1768 82 32 non
1247 1768 129 32 haberet
1341 1768 70 32 si
1376 1768 94 32 enim
1435 1768 164 32 distractus
1552 1768 47 32 ha

985 1800 91 33 beat
1042 1800 103 33 illum
1110 1800 80 33 ita
1156 1800 91 33 quod
1213 1800 91 33 eius
1270 1800 126 33 habitio
1362 1800 80 33 non
1408 1800 91 33 tunc
1465 1800 80 33 sit
1511 1800 91 33 sibi
1556 1800 46 33 im

986 1831 153 34 putabilis
1104 1831 129 34 nouiter
1198 1831 82 34 non
1245 1831 129 34 oportet
1339 1831 94 34 quod
1397 1831 94 34 tunc
1456 1831 82 34 sit
1491 1831 106 34 nouiter

989 1857 160 34 meritorius
1114 1857 103 34 actus
1183 1857 103 34 iste.
1251 1857 57 34 ⁋
1274 1857 126 34 Secundo
1366 1857 80 34 sic
1411 1857 69 34 si
1446 1857 137 34 Christus
1537 1857 57 34 me-

990 1883 95 36 ruit
1050 1883 71 36 in
1085 1883 107 36 primo
1156 1883 143 36 instanti
1263 1883 119 36 quedam
1347 1883 95 36 bona
1406 1883 95 36 sibi
1465 1883 95 36 dari
1513 1883 83 36 licet

987 1916 88 31 non
1038 1916 138 31 gratiam
1138 1916 151 31 secundum
1251 1916 113 31 omens
1327 1916 113 31 quasi
1402 1916 75 31 si
1440 1916 101 31 ipse
1503 1916 88 31 non
1540 1916 63 31 re-

987 1938 153 38 cepisset
1102 1938 140 38 gratiam
1204 1938 127 38 summam
1293 1938 115 38 cuius
1369 1938 102 38 fuit
1433 1938 115 38 capax
1509 1938 76 38 in
1534 1938 64 38 pri

993 1973 67 37 mo
1026 1973 133 37 instanti
1126 1973 133 37 ostensis
1226 1973 89 37 sibi
1281 1973 133 37 obiectis
1381 1973 189 37 diligibilibus
1525 1973 78 37 sicut

986 1999 117 32 fuerunt
1072 1999 75 32 iam
1114 1999 64 32 et
1146 1999 96 32 datis
1210 1999 85 32 sibi
1264 1999 160 32 naturalibus
1392 1999 75 32 ita
1434 1999 139 32 perfectis
1530 1999 75 32 sicut

991 2026 77 38 am
1030 2026 128 38 habuit
1119 2026 141 38 defacto
1221 2026 166 38 eliciendo
1349 2026 115 38 actus
1426 2026 77 38 in
1464 2026 102 38 casu
1515 2026 77 38 dato

994 2059 98 34 quos
1055 2059 159 34 eliciebat
1178 2059 74 34 in
1214 2059 110 34 primo
1288 2059 147 34 instanti
1398 2059 86 34 vel
1435 2059 159 34 remissiones

988 2085 83 38 per
1036 2085 107 38 illos
1107 2085 155 38 meruisset
1226 2085 155 38 augmentum
1346 2085 119 38 gratie
1429 2085 83 38 sue
1477 2085 107 38 sicut
1536 2085 60 38 vi-

981 2110 96 54 detur
1045 2110 107 54 igitur
1120 2110 85 54 alie
1173 2110 128 54 creature
1269 2110 128 54 poterunt
1365 2110 64 54 in
1397 2110 85 54 casu
1440 2110 160 54 proportionali
