1756 2500
327 256 69 53 in
361 256 104 53 primo
430 256 138 53 instanti
534 256 138 53 secundum
637 256 92 53 quod
695 256 104 53 tanta
764 256 81 53 nec
810 256 127 53 poterit
890 256 46 53 ha

331 305 94 33 bere
390 305 106 33 totam
460 305 188 33 causalitatem
613 305 94 33 suam
672 305 141 33 respectu
777 305 117 33 illius
848 305 82 33 actus

327 333 62 34 it
358 333 51 34 a
378 333 82 34 quod
429 333 103 34 possit
501 333 82 34 tota
553 333 62 34 vt
584 333 92 34 tanta
645 333 72 34 vti
686 333 72 34 dum
727 333 72 34 sic
769 333 123 34 creatur.
861 333 72 34 Sic
892 333 41 34 re

326 364 136 34 spondet
425 364 99 34 iste
487 364 87 34 ma.
536 364 198 34 consequenter
697 364 149 34 secundum
808 364 99 34 duas
858 364 74 34 vias

328 387 109 39 quarum
405 387 99 39 tamen
470 387 109 39 primam
547 387 88 39 inid
602 387 55 39 1
624 387 66 39 q.
656 387 99 39 huius
722 387 99 39 etiam
777 387 164 39 multiplicitur

326 420 147 30 improbaui
439 420 90 30 ideo
495 420 124 30 secunda
585 420 90 30 eius
642 420 102 30 ratio
709 420 102 30 magis
777 420 102 30 valet
845 420 68 30 et
867 420 68 30 quod

324 442 98 38 dicit
389 442 87 38 quod
443 442 65 38 in
476 442 141 38 charitate
584 442 76 38 sit
628 442 108 38 tantum
703 442 87 38 vnus
758 442 108 38 gradus
823 442 108 38 secundum

329 472 81 35 rem
376 472 69 35 et
410 472 104 35 multi
479 472 138 35 secundum
583 472 138 35 rationem
687 472 127 35 videtur
779 472 92 35 esse
826 472 115 35 damnatum

329 500 57 37 in
358 500 67 37 suo
396 500 96 37 simili
463 500 67 37 per
501 500 124 37 articulum
597 500 134 37 parisieni.
702 500 48 37 1
721 500 57 37 q.
750 500 86 37 huius
807 500 105 37 secundi
874 500 67 37 libri

333 526 127 37 positis
426 526 115 37 contra
506 526 184 37 responsionem
656 526 127 37 similem
748 526 69 37 de
771 526 161 37 distinctione

328 559 100 37 secum
394 559 133 37 rationem
494 559 122 37 graduum
583 559 155 37 charitatis
704 559 100 37 etiam
771 559 89 37 quod
826 559 100 37 sicut
882 559 55 37 gra

327 587 82 30 dus
374 587 141 30 realiter
480 587 152 30 adinuicem
597 587 164 30 distingui.
726 587 59 30 1
749 587 70 30 q.
785 587 129 30 probaui
867 587 70 30 ideo

326 610 76 37 hec
370 610 141 37 responsio
478 610 163 37 dimittatur.
608 610 54 37 â‹
630 610 76 37 Set
674 610 109 37 contra
750 610 87 37 ista
804 610 98 37 adhuc
858 610 87 37 insta-

330 638 84 38 tur
378 638 72 38 si
414 638 120 38 gratia
497 638 108 38 prima
569 638 144 38 apposita
677 638 84 38 vel
725 638 96 38 data
785 638 120 38 omnino
856 638 84 38 gratu

325 664 93 43 fine
383 664 128 43 meritis
476 664 70 43 in
511 664 105 43 tanto
581 664 81 43 vel
627 664 105 43 tanto
697 664 105 43 gradu
767 664 81 43 cum
813 664 93 43 actu
860 664 81 43 istis

337 696 200 36 circunstantiis
504 696 233 36 circunstantionato
704 696 111 36 potuit
781 696 111 36 facere
859 696 67 36 ad
881 696 56 36 tam

334 725 84 34 tum
382 725 157 34 augmentum
503 725 121 34 gratie
587 725 121 34 gratis
672 725 96 34 date
732 725 96 34 tunc
792 725 109 34 primo
865 725 72 34 et
889 725 48 34 si

328 751 66 35 ne
361 751 121 35 meritis
449 751 110 35 infuse
525 751 110 35 igitur
602 751 99 35 maior
668 751 110 35 gratia
745 751 99 35 dupla
810 751 77 35 vel
843 751 88 35 triple

330 780 67 33 cum
369 780 86 33 eodem
426 780 77 33 actu
474 780 115 33 praecise
561 780 106 33 aliunde
638 780 77 33 eque
685 780 77 33 bene
733 780 67 33 per
772 780 86 33 omnia
820 780 115 33 circunstam

333 810 108 35 tionato
412 810 128 35 potuisset
510 810 59 35 in
539 810 79 35 plus
588 810 59 35 de
618 810 79 35 lege
667 810 108 35 communi
746 810 59 35 et
775 810 59 35 si
805 810 69 35 hoc
844 810 79 35 tunc
893 810 69 35 per

326 835 123 40 gratiam
415 835 145 40 appositam
527 835 67 40 ex
560 835 67 40 vi
593 835 111 40 meriti
671 835 123 40 fuisset
761 835 100 40 actus
828 835 111 40 melior
894 835 45 40 in

333 865 121 36 ratione
421 865 110 36 meriti
497 865 66 36 et
530 865 77 36 ita
574 865 132 36 sequitur
673 865 99 36 mutua
739 865 153 36 melioratio
859 865 88 36 fine
903 865 44 36 fi

337 890 53 39 ne
364 890 141 39 consequentia
478 890 79 39 prima
531 890 79 39 patet
583 890 70 39 quia
627 890 106 39 alioquin
707 890 79 39 actus
759 890 88 39 melius
812 890 132 39 circunstantio

337 914 103 42 natus
405 914 69 42 et
439 914 103 42 minus
508 914 91 42 bene
565 914 251 42 circunstantionatus
782 914 149 42 tantundem
885 914 57 42 seu

333 953 108 31 equale
409 953 162 31 appositioni
538 953 75 31 per
581 953 86 31 viam
635 953 108 31 meriti
711 953 65 31 de
743 953 108 31 gratia
808 953 129 31 meruisset.

347 976 46 38 â‹
365 976 74 38 Ista
411 976 147 38 consequentia
531 976 83 38 patet
586 976 55 38 ex
614 976 64 38 hoc
651 976 92 38 duplex
715 976 92 38 gratia
779 976 64 38 est
816 976 92 38 melior
871 976 74 38 circum

327 1004 150 38 stationata
445 1004 129 38 respectu
542 1004 118 38 eiusdem
628 1004 97 38 actus
692 1004 107 38 omnino
767 1004 86 38 quam
821 1004 107 38 gratia
885 1004 54 38 sub

328 1031 95 40 dupla
391 1031 147 40 consequens
506 1031 95 40 tamen
569 1031 74 40 est
611 1031 179 40 inconveniens.
758 1031 105 40 Igitur
832 1031 74 40 hic
863 1031 84 40 respon

333 1062 72 32 det
374 1062 72 32 ma.
415 1062 72 32 qui
457 1062 93 32 prius
519 1062 114 32 negando
601 1062 93 32 istam
663 1062 176 32 consequentiam
808 1062 93 32 tanta
859 1062 83 32 gratia

324 1089 102 36 facit
392 1089 68 36 ad
426 1089 113 36 tantum
505 1089 147 36 augmentum
618 1089 113 36 gratie
697 1089 91 36 ergo
754 1089 125 36 ceteris
833 1089 102 36 paribus

327 1119 71 35 et
363 1119 130 35 manente
457 1119 106 35 eodem
528 1119 94 35 actu
586 1119 106 35 maior
657 1119 130 35 faceret
751 1119 71 35 ad
787 1119 106 35 maius
846 1119 94 35 augmen

328 1146 89 34 tum.
384 1146 67 34 Ad
417 1146 167 34 probationem
551 1146 100 34 dicit
618 1146 123 34 concedo
707 1146 178 34 conclusionem
852 1146 67 34 ad
874 1146 67 34 quan

323 1176 153 42 deducitur
441 1176 82 42 non
488 1176 94 42 enim
547 1176 106 42 video
617 1176 118 42 inquit
700 1176 94 42 quin
759 1176 71 42 si
794 1176 82 42 duo
829 1176 118 42 habentes

329 1203 129 37 gratiam
423 1203 153 37 inequalem
541 1203 141 37 fecerint
646 1203 106 37 actus
717 1203 70 37 in
752 1203 129 37 omnibus
834 1203 106 37 equales

334 1236 54 31 e
356 1236 129 31 qualiter
453 1236 151 31 merebuntur
571 1236 97 31 neque
636 1236 129 31 sequitur
732 1236 108 31 habens
808 1236 118 31 maiorem
883 1236 54 31 gra

332 1261 88 33 tiam
387 1261 77 33 est
431 1261 99 33 magis
497 1261 132 33 acceptus
596 1261 77 33 deo
640 1261 66 33 ex
672 1261 110 33 gratia
749 1261 77 33 sua
793 1261 110 33 igitur
859 1261 88 33 opera-

331 1289 76 35 tio
375 1289 76 35 sua
418 1289 120 35 equalis
505 1289 131 35 opationi
603 1289 131 35 alterius
701 1289 76 35 est
745 1289 87 35 plus
799 1289 120 35 accepta
876 1289 65 35 alio

333 1317 84 33 quin
385 1317 63 33 in
416 1317 84 33 casu
468 1317 104 33 habens
541 1317 115 33 maiorem
625 1317 115 33 gratiam
708 1317 63 33 et
740 1317 104 33 habens
813 1317 94 33 actum
865 1317 73 33 remis

330 1340 100 39 siorem
400 1340 120 39 alicuius
490 1340 110 39 generis
570 1340 80 39 plus
620 1340 110 39 meretur
699 1340 80 39 quam
749 1340 90 39 alius
809 1340 110 39 faciens
889 1340 70 39 inÂ¬

339 1370 123 34 tensionem
433 1370 104 34 ceteris
509 1370 104 34 paribus
584 1370 132 34 consequens
688 1370 66 34 est
726 1370 94 34 falsum
792 1370 57 34 vt
820 1370 113 34 videtur.
896 1370 47 34 Con

336 1395 71 39 tra
376 1395 91 39 tamen
437 1395 91 39 istum
497 1395 71 39 ma.
538 1395 101 39 posset
608 1395 91 39 argui
669 1395 81 39 quia
719 1395 91 39 mirum
780 1395 111 39 videtur
860 1395 81 39 quod
901 1395 40 39 ex

339 1427 75 34 quo
382 1427 129 34 concedit
479 1427 97 34 actum
544 1427 108 34 eundem
619 1427 75 34 vel
662 1427 118 34 equalem
748 1427 108 34 melius
813 1427 129 34 circunstam

337 1456 136 33 tionatum
439 1456 102 33 aliis
507 1456 204 33 circunstantiis
677 1456 91 33 esse
734 1456 136 33 melionem
836 1456 102 33 quare
892 1456 57 33 hoc

329 1484 149 33 negabitur
443 1484 115 33 contra
524 1484 138 33 doctores
627 1484 103 33 alios
696 1484 69 33 de
730 1484 195 33 circunstantia
880 1484 57 33 cha

334 1512 121 31 ritatis
422 1512 88 31 quae
477 1512 132 31 causetur
576 1512 99 31 quasi
642 1512 187 31 circunstantia
795 1512 110 31 optima
861 1512 77 31 actus

341 1539 86 34 boni.
399 1539 77 34 Item
447 1539 77 34 iste
495 1539 86 34 actus
552 1539 115 34 praecise
638 1539 67 34 per
677 1539 105 34 gratiam
753 1539 144 34 aduenientem
868 1539 57 34 in
888 1539 57 34 tan-

330 1567 71 34 to
366 1567 106 34 gradu
436 1567 82 34 fit
483 1567 165 34 meritorius
613 1567 118 34 igitur
696 1567 71 34 si
731 1567 106 34 maior
802 1567 118 34 gratia
872 1567 71 34 ades

336 1598 77 31 set
380 1598 99 31 magis
446 1598 99 31 esset
511 1598 153 31 meritorius
632 1598 132 31 probatur
731 1598 77 31 vel
775 1598 153 31 intelligit
884 1598 55 31 ma.

337 1628 81 30 iste
387 1628 101 30 dictum
458 1628 81 30 suum
509 1628 61 30 de
539 1628 91 30 actum
600 1628 81 30 quem
650 1628 121 30 charitas
741 1628 131 30 coefficit
842 1628 71 30 vel
882 1628 81 30 quod

343 1651 76 33 non
387 1651 142 33 coefficit
496 1651 76 33 sed
539 1651 76 33 cui
583 1651 153 33 superuenit
703 1651 65 33 et
736 1651 109 33 reddit
812 1651 87 33 ipse
856 1651 87 33 merito

335 1683 85 30 rinm
388 1683 74 30 qui
431 1683 95 30 alias
495 1683 74 30 non
537 1683 95 30 esset
601 1683 149 30 meritorius
717 1683 95 30 sicut
781 1683 64 30 in
813 1683 85 30 casu
866 1683 74 30 sui
898 1683 42 30 an

337 1705 127 38 gumenti
429 1705 104 38 primi
498 1705 81 38 pro
544 1705 173 38 conclusione
682 1705 173 38 affirmatiua
820 1705 104 38 huius
877 1705 69 38 octa

340 1735 65 36 ui
373 1735 98 36 dubii
438 1735 174 36 principalis.
580 1735 65 36 Si
612 1735 98 36 primo
678 1735 87 36 modo
732 1735 87 36 tunc
787 1735 76 36 non
830 1735 76 36 est
863 1735 76 36 possi

343 1764 81 34 bile
393 1764 81 34 nisi
444 1764 71 34 deo
485 1764 142 34 impediente
596 1764 81 34 quod
647 1764 91 34 omnia
707 1764 81 34 alia
758 1764 81 34 sint
808 1764 91 34 paria
859 1764 81 34 preter

339 1795 159 30 charitates
463 1795 68 30 et
497 1795 91 30 quod
554 1795 102 30 tamen
622 1795 102 30 actus
690 1795 79 30 sit
736 1795 125 30 equalis
827 1795 68 30 ex
849 1795 91 30 maiori

344 1821 138 33 charitate
450 1821 148 33 proueniens
567 1821 63 33 et
598 1821 74 33 qui
641 1821 63 33 ex
672 1821 106 33 minori
747 1821 63 33 si
778 1821 127 33 loquitur
874 1821 63 33 in
895 1821 42 33 se

344 1849 98 33 cundo
409 1849 87 33 casu
464 1849 87 33 tunc
518 1849 142 33 conclusio
627 1849 65 33 ad
660 1849 87 33 quam
714 1849 120 33 deducit
801 1849 76 33 non
845 1849 98 33 esset
899 1849 44 33 in

345 1877 151 33 conueniens
464 1877 87 33 quia
518 1877 65 33 si
551 1877 76 33 per
594 1877 119 33 gratiam
680 1877 195 33 superuenientem
843 1877 97 33 actui
897 1877 43 33 et

341 1905 79 33 non
386 1905 170 33 efficientem
522 1905 102 33 ipsum
590 1905 136 33 redditur
692 1905 102 33 actus
760 1905 159 33 meritorius
873 1905 68 33 vti-

336 1930 84 37 que
384 1930 84 37 per
432 1930 132 37 maionem
528 1930 132 37 gratiam
624 1930 216 37 superuenientem
803 1930 144 37 redditur
899 1930 48 37 ma

339 1960 81 35 gis
386 1960 174 35 meritorius.
525 1960 139 35 Probatur
629 1960 139 35 sequitur
733 1960 93 35 quod
791 1960 104 35 valde
849 1960 93 35 paruus

345 1990 117 33 gradus
427 1990 128 33 conatus
521 1990 82 33 vel
567 1990 175 33 cognitionis
707 1990 105 33 magis
777 1990 164 33 promoueret
894 1990 47 33 si

337 2018 65 32 bi
370 2018 119 32 ratione
456 2018 108 32 meriti
531 2018 162 32 dilectionem
661 2018 75 32 dei
704 2018 75 32 vel
747 2018 119 32 proximi
833 2018 86 32 quam
876 2018 65 32 tota

340 2044 125 36 charitas
434 2044 73 36 seu
475 2044 105 36 gratia
549 2044 84 36 quam
601 2044 84 36 deus
653 2044 105 36 posset
726 2044 115 36 causare
810 2044 63 36 in
841 2044 84 36 tali
894 2044 73 36 per

338 2073 97 32 sona
399 2073 110 32 vltra
472 2073 134 32 gratiam
569 2073 183 32 baptismalem
716 2073 171 32 consequens
850 2073 85 32 est
898 2073 73 32 in

334 2101 168 48 conueaiens
466 2101 72 48 et
502 2101 192 48 consequentia
658 2101 108 48 patet
730 2101 144 48 cuilibet
826 2101 120 48 aduertem

958 256 82 49 ti.
1005 256 59 49 â‹
1029 256 94 49 Item
1087 256 141 49 charitas
1193 256 70 49 in
1228 256 94 49 tali
1287 256 94 49 casu
1345 256 70 49 ex
1380 256 82 49 quo
1427 256 82 49 non
1462 256 106 49 princi-

953 302 100 38 ptat
1016 302 113 38 actum
1091 302 113 38 bonum
1166 302 88 38 non
1216 302 138 38 videtur
1317 302 138 38 reddere
1417 302 113 38 illum
1479 302 88 38 actum

952 333 148 33 acceptum
1062 333 86 33 deo
1112 333 86 33 seu
1161 333 172 33 meritorium
1296 333 98 33 nisi
1358 333 86 33 pro
1407 333 123 33 quanto
1481 333 86 33 vltra

962 356 80 40 hoc
1007 356 92 40 quod
1065 356 103 40 talis
1133 356 103 40 actus
1202 356 80 40 est
1248 356 69 40 ex
1282 356 80 40 suo
1328 356 115 40 genere
1409 356 149 40 moraliter
1512 356 57 40 bo-

956 389 95 31 nus
1011 389 136 31 reddit
1106 389 163 31 personam
1228 389 122 31 talem
1309 389 122 31 bonam
1391 389 122 31 caram
1472 389 81 31 et
1499 389 68 31 deo

959 417 159 32 acceptam.
1081 417 61 32 â‹
1106 417 98 32 Unde
1167 417 135 32 constat
1265 417 98 32 quod
1326 417 122 32 homini
1412 417 110 32 satis
1473 417 98 32 placet

953 444 101 32 opus
1016 444 138 32 aliquod
1117 444 75 32 in
1154 444 138 32 persona
1255 444 101 32 sibi
1318 444 113 32 chara
1393 444 101 32 quod
1456 444 75 32 in
1481 444 88 32 perso

961 470 69 36 na
995 470 92 36 alia
1053 470 69 36 no
1087 470 138 36 placeret
1191 470 69 36 et
1225 470 92 36 ideo
1283 470 138 36 respexit
1386 470 92 36 deus
1444 470 69 36 ad
1478 470 92 36 abel
1524 470 46 36 et

955 497 72 39 et
991 497 72 39 ad
1027 497 120 39 munera
1111 497 96 39 eius
1171 497 72 39 et
1207 497 96 39 ideo
1267 497 96 39 quia
1327 497 96 39 plus
1387 497 120 39 placet
1471 497 84 39 deo
1507 497 48 39 op

958 527 85 39 quod
1012 527 128 39 procedit
1108 527 53 39 a
1129 527 117 39 persona
1215 527 128 39 placente
1311 527 117 39 videtur
1396 527 85 39 quod
1450 527 64 39 si
1482 527 53 39 a
1492 527 75 39 perso

961 562 76 31 na
999 562 101 31 sibi
1063 562 114 31 magis
1139 562 114 31 chara
1215 562 177 31 procederet
1354 562 101 31 plus
1417 562 152 31 placeret
1518 562 51 31 po

959 586 102 28 namus
1027 586 90 28 quod
1083 586 124 28 vtraque
1173 586 90 28 agat
1230 586 136 28 secundum
1332 586 124 28 vltimum
1422 586 124 28 conatum
1501 586 68 28 suum

964 613 114 36 actum
1040 613 114 36 talem
1116 613 101 36 quem
1179 613 88 36 non
1230 613 177 36 coefficiat
1369 613 164 36 charitas.
1495 613 63 36 â‹
1508 613 63 36 Ali

964 642 84 34 ter
1012 642 120 34 igitur
1096 642 156 34 respondeo
1216 642 72 34 ad
1252 642 168 34 argumentum
1385 642 96 34 quod
1445 642 108 34 prima
1505 642 60 34 con

966 668 148 31 equentia
1077 668 86 31 est
1126 668 99 31 bona
1188 668 86 31 sed
1237 668 136 31 secunda
1336 668 86 31 non
1386 668 111 31 valet
1460 668 74 31 et
1485 668 86 31 causa

969 699 121 34 reddita
1057 699 77 34 est
1101 699 99 34 libro
1166 699 99 34 primo
1232 699 66 34 et
1265 699 77 34 hec
1309 699 88 34 sint
1364 699 99 34 dicta
1429 699 66 34 de
1462 699 88 34 actu
1517 699 77 34 qui

953 724 89 32 non
1004 724 153 32 procedit
1119 724 166 32 effectiue
1247 724 64 32 a
1273 724 166 32 charitate
1400 724 89 32 sed
1451 724 89 32 qui
1490 724 89 32 solum

965 755 68 35 ex
999 755 171 35 assisientia
1135 755 159 35 charitatis
1261 755 137 35 redditur
1363 755 159 35 meritorius
1488 755 68 35 vt
1511 755 57 35 pri

960 781 71 35 us
996 781 107 35 dixi.
1067 781 59 35 â‹
1091 781 83 35 Sed
1138 781 71 35 de
1174 781 95 35 actu
1233 781 83 35 qui
1281 781 59 35 a
1305 781 154 35 charitate
1424 781 143 35 procedit
1519 781 59 35 con

963 810 102 31 cedo
1027 810 89 31 cum
1078 810 152 31 magistro
1192 810 127 31 priori
1281 810 102 31 quod
1344 810 89 31 non
1395 810 152 31 sequitur
1496 810 89 31 magis

954 839 138 37 charus
1051 839 124 37 habet
1133 839 124 37 actum
1216 839 151 37 equalem
1326 839 193 37 meritorium
1477 839 96 37 cum
1518 839 55 37 mi

959 865 93 33 nus
1012 865 120 33 charo
1092 865 133 33 igitur
1185 865 120 33 magis
1265 865 133 33 charus
1359 865 120 33 magis
1439 865 107 33 illo
1492 865 80 33 mere

959 893 83 35 tur
1007 893 95 35 quia
1066 893 71 35 si
1101 893 107 35 omnia
1172 893 118 35 essent
1255 893 107 35 paria
1326 893 154 35 vtrobique
1433 893 142 35 procederet

960 925 90 31 quod
1016 925 102 31 actus
1084 925 158 31 proueniens
1208 925 57 31 a
1231 925 113 31 maiori
1310 925 147 31 charitate
1423 925 102 31 esset
1480 925 90 31 inten-

966 953 88 32 sior
1021 953 110 32 igitur
1098 953 66 32 si
1131 953 121 32 precise
1219 953 77 32 sit
1263 953 121 32 equalis
1351 953 99 32 actus
1417 953 88 32 tunc
1461 953 110 32 procedit

957 980 63 35 a
983 980 125 35 maiori
1070 980 125 35 conatu
1158 980 88 35 vel
1208 980 75 35 ab
1246 980 125 35 aliqua
1334 980 100 35 alia
1384 980 188 35 circunstantia

963 1007 111 34 meliori
1044 1007 61 34 in
1074 1007 81 34 illo
1125 1007 81 34 quam
1175 1007 61 34 in
1205 1007 81 34 isto
1256 1007 61 34 et
1286 1007 101 34 posset
1357 1007 141 34 contingere
1468 1007 81 34 quod
1508 1007 61 34 plus

958 1034 162 31 acceptat
1079 1034 108 31 deus
1146 1034 202 31 maioritatem
1308 1034 148 31 conatus
1415 1034 162 31 respectu
1523 1034 54 31 hu

957 1062 88 34 ius
1008 1062 113 34 actus
1083 1062 138 34 equalis
1184 1062 113 34 super
1259 1062 138 34 conatum
1359 1062 113 34 magis
1435 1062 113 34 chari
1498 1062 75 34 quam

963 1089 135 36 econtra
1061 1089 147 36 excessum
1172 1089 172 36 charitatis
1307 1089 111 36 magis
1380 1089 111 36 chari
1454 1089 111 36 super
1516 1089 61 36 cha

964 1121 142 28 ritatem
1067 1121 116 28 minus
1145 1121 116 28 chari
1222 1121 155 28 respectu
1339 1121 142 28 eiusdem
1442 1121 90 28 vel
1481 1121 90 28 equa-

959 1146 74 36 lis
1002 1146 96 36 actus
1066 1146 64 36 vt
1098 1146 96 36 prius
1161 1146 138 36 seriosius
1268 1146 138 36 declaraui
1374 1146 64 36 et
1406 1146 74 36 ita
1448 1146 106 36 potest
1512 1146 64 36 con-

962 1177 129 30 tingere
1056 1177 94 30 quod
1114 1177 105 30 actus
1185 1177 105 30 magis
1255 1177 105 30 chari
1325 1177 129 30 equalis
1419 1177 82 30 sit
1466 1177 105 30 magis
1524 1177 47 30 me

961 1206 134 33 ritorius
1061 1206 67 33 et
1095 1206 112 33 potest
1173 1206 157 33 contingere
1296 1206 89 33 quod
1352 1206 89 33 eque
1408 1206 134 33 secundum
1509 1206 89 33 quod

962 1236 158 28 excessus
1080 1236 144 28 conatus
1185 1236 118 28 magis
1264 1236 118 28 chari
1343 1236 118 28 super
1421 1236 144 28 conatum
1513 1236 66 28 al-

967 1260 126 34 terius
1056 1260 126 34 potest
1144 1260 202 34 preponderare
1308 1260 76 34 in
1346 1260 177 34 acceptione
1472 1260 101 34 diuina

960 1291 156 33 respectu
1077 1291 117 33 huius
1155 1291 117 33 actus
1233 1291 156 33 excessus
1351 1291 182 33 charitatis
1481 1291 91 33 super

960 1320 172 31 charitatem
1095 1320 98 31 quam
1157 1320 148 31 excessus
1267 1320 135 31 conatus
1366 1320 111 31 super
1440 1320 135 31 conatum
1526 1320 49 31 et

959 1346 117 32 etiam
1037 1346 104 32 quod
1102 1346 91 32 non
1153 1346 155 32 oporteat
1270 1346 143 32 equalem
1374 1346 117 32 actum
1451 1346 117 32 magis
1516 1346 65 32 ea-

958 1370 89 36 rum
1009 1370 102 36 esse
1073 1370 115 36 magis
1149 1370 178 36 meritorium
1289 1370 153 36 loquendo
1404 1370 76 36 de
1442 1370 102 36 actu
1493 1370 76 36 quem

959 1402 220 33 comprincipiat
1140 1402 104 33 ipsa
1205 1402 155 33 charitas
1322 1402 130 33 actiue
1413 1402 104 33 bene
1464 1402 104 33 suadet

961 1428 92 33 ma.
1013 1428 92 33 qui
1066 1428 118 33 prius
1144 1428 92 33 sic
1196 1428 105 33 quia
1262 1428 157 33 secundum
1380 1428 131 33 beatum
1458 1428 118 33 gregori

961 1458 78 30 um
1000 1458 78 30 in
1039 1458 130 30 omelia
1130 1458 78 30 ve
1169 1458 130 30 confes
1260 1458 91 30 cum
1312 1458 156 30 augentur
1429 1458 104 30 dona
1481 1458 78 30 etc.

962 1483 84 35 Et
1004 1483 140 35 seruum
1102 1483 126 35 bonum
1186 1483 98 35 pro
1242 1483 182 35 apportato
1381 1483 126 35 lucro
1451 1483 126 35 remune-

961 1514 91 34 rat
1013 1514 130 34 seruum
1104 1514 104 34 vero
1169 1514 65 34 a
1195 1514 104 34 bono
1260 1514 117 34 opere
1338 1514 169 34 torpentem
1455 1514 117 34 dampnat

973 1542 60 34 â‹
997 1542 72 34 Ex
1033 1542 96 34 isto
1092 1542 84 34 sic
1140 1542 143 34 arguitur
1248 1542 96 34 plus
1307 1542 119 34 exigit
1391 1542 96 34 deus
1451 1542 72 34 ab
1486 1542 72 34 eo
1510 1542 60 34 cui

968 1572 99 33 plus
1029 1572 111 33 dedit
1103 1572 74 33 et
1140 1572 99 33 plus
1202 1572 111 33 debet
1276 1572 86 33 qui
1325 1572 99 33 plus
1387 1572 136 33 accepit
1473 1572 99 33 igitur

968 1595 78 38 non
1013 1595 157 38 satiffacit
1136 1595 67 38 si
1170 1595 123 38 precise
1259 1595 112 38 reddat
1338 1595 112 38 equale
1416 1595 78 38 cum
1461 1595 90 38 illo
1506 1595 67 38 qui-

961 1626 117 32 minus
1039 1626 143 32 accepit
1144 1626 78 32 et
1183 1626 91 32 per
1235 1626 183 32 consequens
1378 1626 91 32 non
1431 1626 117 32 solum
1509 1626 91 32 non

969 1655 94 28 est
1022 1655 107 28 plus
1089 1655 214 28 remunerandus
1263 1655 94 28 ymo
1317 1655 147 28 videtur
1410 1655 161 28 vituperan-

959 1682 87 32 dus
1008 1682 75 32 de
1046 1682 186 32 negligentia
1195 1682 124 32 posset
1281 1682 112 32 tamen
1356 1682 174 32 contingere
1480 1682 87 32 casus

971 1711 65 34 vt
1004 1711 130 34 praedixi
1102 1711 87 34 quod
1156 1711 65 34 ex
1189 1711 109 34 equali
1265 1711 87 34 actu
1319 1711 98 34 magis
1384 1711 141 34 mereretur
1493 1711 65 34 si
1515 1711 54 34 ha-

966 1734 116 38 beret
1044 1734 116 38 minus
1121 1734 129 38 claram
1211 1734 194 38 cognitionem
1366 1734 103 38 quam
1431 1734 116 38 minus
1496 1734 77 38 cha-

962 1762 88 41 rus
1012 1762 138 41 propter
1112 1762 100 41 quod
1174 1762 113 41 forte
1249 1762 88 41 non
1299 1762 150 41 obstante
1412 1762 138 41 excessu
1499 1762 75 41 cha-

962 1793 131 35 ritatis
1057 1793 83 35 sue
1105 1793 107 35 super
1176 1793 166 35 charitatem
1307 1793 143 35 alterius
1414 1793 95 35 nisi
1473 1793 95 35 plus
1520 1793 48 35 co

961 1824 130 32 naretur
1056 1824 106 32 agere
1126 1824 94 32 bene
1185 1824 94 32 quam
1244 1824 106 32 alter
1315 1824 106 32 facit
1386 1824 83 32 non
1433 1824 130 32 haberet
1516 1824 47 32 a-

966 1849 93 35 ctum
1025 1849 175 35 dilectionis
1164 1849 93 35 eque
1223 1849 140 35 intensum
1327 1849 105 35 sicut
1397 1849 93 35 ille
1456 1849 70 35 et
1490 1849 82 35 ita
1525 1849 47 35 ni

957 1878 98 38 sus
1013 1878 112 38 suus
1083 1878 251 38 preponderaret.
1292 1878 70 38 â‹
1320 1878 126 38 Nonum
1404 1878 140 38 dubium
1487 1878 98 38 prin-

971 1907 123 31 cipale
1057 1907 123 31 posset
1142 1907 98 31 esse
1204 1907 123 31 contra
1289 1907 196 31 conclusionem
1436 1907 135 31 principa-

967 1934 87 32 lem
1016 1934 186 32 precedentis
1165 1934 111 32 dubii
1239 1934 99 32 quia
1301 1934 74 32 si
1338 1934 136 32 aliquis
1437 1934 124 32 posset
1511 1934 62 32 me-

966 1965 108 27 reri
1033 1965 175 27 augmentum
1167 1965 135 27 gratie
1262 1965 161 27 potentie
1383 1965 94 27 sue
1436 1965 94 27 cum
1477 1965 94 27 primo

965 1992 172 30 infunditur
1100 1992 98 30 tunc
1161 1992 135 30 aliquis
1260 1992 123 30 viator
1346 1992 123 30 posset
1432 1992 123 30 augere
1506 1992 61 30 me-

967 2018 101 36 ritum
1034 2018 89 36 suum
1090 2018 67 36 in
1123 2018 78 36 hoc
1168 2018 134 36 instanti
1268 2018 78 36 per
1313 2018 89 36 unum
1369 2018 89 36 tale
1425 2018 101 36 velle
1481 2018 89 36 merito

969 2048 80 35 rium
1019 2048 80 35 volo
1069 2048 111 35 diligen
1150 2048 80 35 deum
1200 2048 80 35 post
1250 2048 70 35 hoc
1291 2048 121 35 instans.
1381 2048 50 35 â‹
1401 2048 111 35 alsitas
1471 2048 101 35 probatur

971 2075 69 35 qui
1010 2075 59 35 in
1040 2075 88 35 nullo
1099 2075 88 35 certo
1158 2075 108 35 augeret
1237 2075 79 35 quia
1286 2075 69 35 non
1325 2075 79 35 plus
1374 2075 88 35 esset
1433 2075 79 35 ista
1473 2075 88 35 volitio

968 2102 121 51 respectu
1059 2102 91 51 vnius
1119 2102 121 51 temponis
1210 2102 131 51 sequentis
1311 2102 81 51 quam
1361 2102 121 51 respectu
1442 2102 121 51 cuiuslibet
