1783 2500
178 214 138 53 secundum
281 214 115 53 duplum
362 214 127 53 triplum
454 214 92 53 etc.
511 214 69 53 in
546 214 161 53 visionibus
672 214 92 53 quod
718 214 69 53 tan-

181 262 86 32 dem
230 262 74 32 et
267 262 123 32 tandem
353 262 135 32 dabitur
451 262 111 32 visio
525 262 135 32 equalis
611 262 172 32 perfectionis

180 293 90 32 vel
231 293 141 32 maioris
334 293 90 32 cum
385 293 141 32 visione
488 293 90 32 dei
539 293 103 32 data
603 293 64 32 ⁋
616 293 167 32 Respondetur

186 318 122 34 igitur
271 318 73 34 ad
308 318 122 34 primum
393 318 171 34 argumentum
527 318 110 34 iuxta
600 318 171 34 solutionem
722 318 61 34 da-

187 350 88 33 tam
238 350 75 33 ad
275 350 125 33 primum
363 350 125 33 dubium
451 350 113 33 prime
526 350 175 33 questionis
664 350 100 33 quod
714 350 75 33 que-

184 373 105 34 libet
254 373 140 34 creatura
359 373 163 34 rationalis
487 373 81 34 est
533 373 174 34 capacitatis
661 373 105 34 finite-

190 402 62 37 ⁋
214 402 99 37 Ideo
277 402 112 37 datur
351 402 137 37 maximus
451 402 124 37 gradus
537 402 149 37 visionis
649 402 112 37 cuius
711 402 75 37 ani-

181 434 70 30 ma
216 434 106 30 petri
287 434 82 30 est
334 434 106 30 capax
404 434 82 30 sit
451 434 117 30 gratia
533 434 129 30 exempli
627 434 106 30 talis
697 434 70 30 vt
721 434 70 30 mil-

185 456 73 37 le
221 456 97 37 tunc
282 456 121 37 nullum
367 456 145 37 obiectum
476 456 194 37 quantecunque
621 456 170 37 perfectionis

182 488 110 34 etiam
255 488 183 34 naturaliter
401 488 110 34 agens
474 488 122 34 potest
560 488 158 34 producere
669 488 122 34 visionem

185 519 84 34 sue
233 519 131 34 speciei
328 519 72 34 in
364 519 107 34 eadem
436 519 107 34 anima
507 519 191 34 perfectiorem
663 519 84 34 seu
698 519 96 34 melio-

187 547 82 32 rem
234 547 93 32 quam
292 547 105 32 visio
362 547 105 32 mille
432 547 128 32 graduum
525 547 70 32 in
560 547 105 32 eadem
630 547 116 32 specie
711 547 70 32 et
735 547 58 32 cum

187 574 97 30 deus
248 574 109 30 etiam
321 574 122 30 libere
406 574 122 30 possit
491 574 158 30 producere
613 574 146 30 visionem
710 574 85 30 mille

186 604 136 32 graduum
285 604 74 32 in
322 604 111 32 eadem
396 604 111 32 anima
470 604 111 32 patet
545 604 99 32 quod
606 604 111 32 nulla
668 604 124 32 creatura

185 630 93 32 data
243 630 81 32 vel
290 630 127 32 dabilis
382 630 116 32 potest
464 630 151 32 producere
579 630 174 32 naturaliter
707 630 81 32 visio

183 660 86 32 nem
232 660 196 32 perfectionem
391 660 86 32 quo
440 660 73 32 ad
477 660 122 32 gradum
562 660 98 32 quam
624 660 98 32 deus
685 660 86 32 sed
722 660 73 32 mil-

182 687 76 31 le
220 687 127 31 gradus
310 687 204 31 indiuiduales
475 687 153 31 secundum
589 687 191 31 intensionem
742 687 76 31 in

178 713 116 35 specie
260 713 151 35 nobiliori
376 713 70 35 et
411 713 139 35 respectu
515 713 128 35 obiecti
608 713 163 35 nobilioris
724 713 70 35 sunt

184 745 173 32 nobiliores
319 745 86 32 seu
369 745 173 32 perfectius
504 745 173 32 indiuiduum
628 745 160 32 constituen-

184 770 76 35 tes
227 770 86 35 quam
281 770 119 35 totidem
368 770 119 35 speciei
454 770 184 35 innobilioris.
605 770 97 35 visio
670 770 108 35 igitur
735 770 54 35 mil

181 800 72 35 le
217 800 132 35 graduum
313 800 144 35 respectu
420 800 84 35 dei
468 800 84 35 est
516 800 167 35 perfectior
647 800 96 35 quam
695 800 96 35 queuis

183 829 100 32 alia
246 829 138 32 totidem
346 829 138 32 graduum
446 829 150 32 respectu
559 829 150 32 alterius
659 829 125 32 obiecti.

195 857 56 35 ⁋
217 857 167 35 Correlarium
350 857 122 35 ceteris
439 857 122 35 paribus
528 857 67 35 ex
562 857 100 35 parte
628 857 167 35 intellectus
751 857 44 35 et

189 886 200 34 certitudinis
351 886 87 34 vel
401 886 162 34 euidentie
526 886 125 34 actuum
613 886 75 34 et
638 886 150 34 obiectorum

184 914 193 34 perceptorum.
341 914 84 34 non
389 914 133 34 oportet
485 914 96 34 quod
546 914 109 34 actus
618 914 72 34 in
654 914 109 34 eadem
715 914 72 34 pro.

182 942 148 37 portione
292 942 74 37 se
329 942 148 37 excedant
440 942 74 37 in
477 942 86 37 qua
526 942 135 37 obiecta
624 942 86 37 quo
673 942 74 37 ad
698 942 86 37 perfe

187 972 136 33 ctionem
285 972 173 33 specificam
421 972 99 33 quia
483 972 99 33 tunc
544 972 111 33 visio
618 972 111 33 mille
680 972 111 33 graduum

185 1000 142 34 respectu
291 1000 83 34 dei
339 1000 106 34 esset
409 1000 71 34 in
445 1000 153 34 infinitum
563 1000 165 34 perfectior
681 1000 106 34 visione

182 1027 111 31 mille
256 1027 136 31 graduum
355 1027 149 31 respectu
466 1027 186 31 cuiuscunque
615 1027 136 31 obiecti
701 1027 87 31 crea-

185 1054 73 38 ti
221 1054 109 38 cuius
294 1054 158 38 oppositum
415 1054 109 38 patet
488 1054 73 38 ex
524 1054 85 38 iam
573 1054 133 38 dictis.
670 1054 61 38 ⁋
694 1054 97 38 Item
743 1054 48 38 si

180 1083 81 33 cut
227 1083 104 33 patet
296 1083 69 33 ex
330 1083 115 33 dictis
411 1083 104 33 visio
480 1083 104 33 anime
550 1083 138 33 respectu
654 1083 81 33 dei
700 1083 81 33 que
734 1083 58 33 est

184 1113 107 32 mille
255 1113 130 32 graduum
350 1113 83 32 est
398 1113 119 32 finite
481 1113 190 32 perfectionis
635 1113 142 32 secundum
730 1113 59 32 spe

179 1141 90 30 ciem
235 1141 68 30 eo
269 1141 90 30 quod
325 1141 146 30 capacitas
438 1141 90 30 eius
494 1141 79 30 sit
539 1141 113 30 finita
618 1141 68 30 et
652 1141 101 30 etiam
708 1141 79 30 visio

180 1168 165 33 albedinis
308 1168 140 33 totidem
409 1168 140 33 graduum
511 1168 89 33 est
562 1168 127 33 finite
638 1168 153 33 perfectio-

174 1198 85 34 nis
222 1198 145 34 secundum
331 1198 97 34 suam
391 1198 145 34 speciem.
500 1198 121 34 igitur
585 1198 72 34 si
621 1198 157 34 proportio
730 1198 60 34 vi-

175 1224 121 34 sionum
260 1224 85 34 quo
308 1224 73 34 ad
345 1224 194 34 perfectionem
503 1224 170 34 specificam
636 1224 109 34 esset
697 1224 85 34 secun

178 1253 87 36 dum
227 1253 200 36 proportionem
390 1253 175 36 obiectorum
527 1253 87 36 ita
577 1253 100 36 quod
639 1253 137 36 obiecto
739 1253 75 36 in

175 1280 108 29 duplo
247 1280 155 29 nobiliori
366 1280 215 29 corresponderet
546 1280 108 29 visio
618 1280 72 29 in
653 1280 108 29 duplo
713 1280 72 29 per-

179 1307 189 35 fectioritunc
333 1307 83 35 cum
380 1307 71 35 in
415 1307 153 35 infinitum
533 1307 118 35 possit
616 1307 130 35 procedi
710 1307 71 35 in
734 1307 59 35 ob-

180 1338 101 36 lecto
247 1338 135 36 creabili
348 1338 79 36 sic
393 1338 90 36 quod
450 1338 101 36 detur
517 1338 124 36 aliquod
607 1338 101 36 duple
663 1338 124 36 perfectio

178 1365 76 34 nis
221 1365 65 34 ad
254 1365 140 34 albedinem
362 1365 65 34 et
394 1365 119 34 aliquod
480 1365 108 34 triple
556 1365 65 34 et
588 1365 76 34 sic
631 1365 86 34 sine
685 1365 97 34 statu
739 1365 54 34 se-

181 1397 108 28 quitur
257 1397 86 28 quod
310 1397 75 28 sit
353 1397 97 28 danda
418 1397 108 28 aliqua
493 1397 97 28 visio
558 1397 97 28 anime
623 1397 129 28 respectu
709 1397 75 28 crea-

179 1425 90 32 ture
235 1425 79 32 que
280 1425 79 32 sit
325 1425 180 32 perfectioris
471 1425 123 32 speciei
560 1425 90 32 quam
617 1425 101 32 visio
673 1425 112 32 respectu

178 1453 93 34 dei.
237 1453 105 34 Etiam
307 1453 70 34 si
342 1453 93 34 deus
400 1453 93 34 mere
459 1453 175 34 naturaliter
599 1453 140 34 causaret
693 1453 93 34 visio-

182 1475 85 36 nem
231 1475 73 36 in
267 1475 110 36 anima
340 1475 110 36 adhuc
413 1475 110 36 esset
486 1475 122 36 finita
571 1475 85 36 quo
620 1475 73 36 ad
644 1475 134 36 perfectio

180 1510 84 33 nem
228 1510 167 33 specificam
359 1510 132 33 propter
455 1510 155 33 finitatem
575 1510 179 33 capacitatis
706 1510 72 33 ani-

181 1537 144 32 merpatet
289 1537 120 32 igitur
373 1537 96 32 quod
433 1537 108 32 visio
506 1537 108 32 mille
578 1537 132 32 graduum
662 1537 120 32 respectu

176 1564 81 36 dei
223 1564 81 36 est
269 1564 163 36 perfectior
397 1564 70 36 et
432 1564 139 36 nobilior
536 1564 174 36 perfectione
664 1564 116 36 intrinse

186 1593 66 35 ca
219 1593 77 35 sue
263 1593 121 35 speciei
351 1593 88 35 quam
406 1593 110 35 aliqua
483 1593 132 35 visionum
583 1593 88 35 mere
627 1593 154 35 naturalituer

180 1624 185 27 causabilium
327 1624 148 27 respectu
438 1624 148 27 obiector
549 1624 197 27 quorumcunque
697 1624 86 27 crea-

185 1648 109 35 torum
257 1648 85 35 vel
306 1648 181 35 creabilium.
451 1648 60 35 ⁋
475 1648 97 35 Unde
535 1648 145 35 dicendum
644 1648 85 35 est
692 1648 97 35 quod
741 1648 48 35 to

179 1678 75 30 ta
217 1678 150 30 latitudo
330 1678 163 30 specierum
455 1678 150 30 visionis
568 1678 188 30 possibilium
706 1678 75 30 equa

183 1705 93 33 lium
242 1705 117 33 semper
323 1705 128 33 graduum
417 1705 140 33 cuilibet
521 1705 70 33 in
556 1705 82 33 sua
603 1705 117 33 specie
685 1705 82 33 est
720 1705 58 33 sen

178 1733 84 33 per
226 1733 121 33 finita
311 1733 84 33 ita
359 1733 96 33 quod
419 1733 121 33 summum
504 1733 121 33 gradum
588 1733 109 33 tenet
660 1733 109 33 visio
721 1733 60 33 ob-

179 1762 100 32 iecti
245 1762 133 32 infiniti
345 1762 67 32 et
379 1762 67 32 si
412 1762 166 32 naturaliter
545 1762 155 32 causaretur
667 1762 67 32 ab
700 1762 67 32 eo
734 1762 67 32 ad

183 1789 81 37 huc
230 1789 104 37 esset
299 1789 116 37 finita
380 1789 104 37 visio
450 1789 139 37 secundum
554 1789 139 37 speciem:
659 1789 93 37 quia
705 1789 81 37 crea-

180 1817 96 34 tura
240 1817 168 34 rationalis
372 1817 84 34 non
420 1817 84 34 est
468 1817 132 34 mobilis
563 1817 132 34 visione
647 1817 132 34 perfectio

178 1848 74 32 ri
215 1848 147 32 secundum
325 1848 135 32 speciem
423 1848 74 32 et
460 1848 86 32 sub
509 1848 98 32 isto
570 1848 110 32 gradu
644 1848 135 32 supremo
730 1848 49 32 om

184 1876 80 35 nes
229 1876 137 35 visiones
332 1876 137 35 casbiles
434 1876 57 35 a
457 1876 148 35 creaturis
571 1876 182 35 continentur.
719 1876 57 35 ⁋
731 1876 34 35 E

183 1905 103 29 eodem
251 1905 103 29 etiam
320 1905 138 29 sequitur
423 1905 92 29 quod
481 1905 126 29 totalis
573 1905 138 29 latitudo
664 1905 115 29 specifi-

179 1933 70 31 ca
214 1933 139 31 visionum
319 1933 81 31 quo
365 1933 70 31 ad
400 1933 116 31 sensum
481 1933 81 31 est
528 1933 128 31 finita.
620 1933 58 31 ⁋
644 1933 70 31 Et
679 1933 93 31 ideo
725 1933 58 31 non

174 1959 87 35 sic
223 1959 87 35 vna
273 1959 136 35 excedit
372 1959 112 35 aliam
446 1959 112 35 sicut
521 1959 149 35 obiectum
632 1959 112 35 vnius
694 1959 87 35 obie-

178 1991 103 33 ctum
242 1991 167 33 alterius.
371 1991 64 33 ⁋
397 1991 90 33 Nec
448 1991 116 33 debet
526 1991 90 33 hoc
577 1991 154 33 mirabile
680 1991 103 33 videri

181 2016 91 34 cum
233 2016 118 34 omnes
312 2016 157 34 visiones
429 2016 196 34 naturaliter
586 2016 183 34 possibiles
717 2016 65 34 ita

175 2044 105 35 sint
241 2044 211 35 propinquarum
412 2044 171 35 specierum
544 2044 79 35 vt
583 2044 132 35 quiqui
662 2044 119 35 credant

173 2074 69 46 et
207 2074 126 46 teneant
299 2074 92 46 quod
356 2074 103 46 omnes
425 2074 138 46 visiones
528 2074 160 46 possibiles
654 2074 115 46 haberi
723 2074 57 46 re

805 218 120 55 spectu
889 218 192 55 quorumcumque
1045 218 168 55 obiectorum
1177 218 108 55 etiam
1249 218 84 55 dei
1297 218 84 55 sit
1333 218 72 55 eiui

813 269 83 31 dem
861 269 131 31 speciei
956 269 214 31 specialissime.
1134 269 59 31 ⁋
1158 269 143 31 Sciendum
1265 269 107 31 circa
1325 269 83 31 dicia

815 294 89 31 quod
870 294 67 31 si
904 294 122 31 obiecta
993 294 89 31 mere
1048 294 167 31 naturaliter
1182 294 167 31 producerent
1315 294 89 31 suas
1360 294 44 31 vi

809 323 123 32 siones
895 323 74 32 in
932 323 148 32 creatura
1042 323 160 32 rationali
1165 323 209 32 comprehensiue
1325 323 86 32 viden

803 352 76 30 ti
841 352 165 30 quodlibet
968 352 89 30 per
1019 352 102 30 suam
1083 352 152 30 visionem
1197 352 102 30 tunc
1261 352 114 30 eadem
1324 352 89 30 esset

807 380 168 34 proportio
936 380 155 34 visionum
1052 380 77 34 et
1091 380 181 34 obiectorum
1233 380 77 34 et
1272 380 103 34 tunc
1324 380 90 34 visio

808 409 85 31 dei
856 409 109 31 esset
929 409 182 31 simpliciter
1075 409 146 31 infinita
1185 409 85 31 tam
1234 409 85 31 quo
1282 409 73 31 ad
1307 409 109 31 speciem

816 434 90 35 quam
872 434 79 35 quo
917 434 68 35 ad
951 434 113 35 gradum
1030 434 79 35 sed
1075 434 79 35 ita
1120 434 79 35 non
1165 434 79 35 fit
1210 434 124 35 propter
1289 434 124 35 finitatem

813 467 181 29 capacitatis
958 467 121 29 anime.
1042 467 60 29 ⁋
1066 467 72 29 Et
1102 467 96 29 ideo
1163 467 109 29 visio
1235 467 96 29 quam
1295 467 109 29 habet
1356 467 60 29 eti

813 492 74 36 am
850 492 148 36 respectu
960 492 86 36 dei
1010 492 86 36 est
1059 492 123 36 finita
1145 492 86 36 quo
1194 492 74 36 ad
1231 492 123 36 gradum
1305 492 111 36 indivi-

813 521 125 31 dualem
900 521 75 31 et
937 521 87 31 quo
987 521 75 31 ad
1025 521 200 31 perfectionem
1187 521 150 31 speciei.
1300 521 62 31 ⁋
1325 521 75 31 Et
1350 521 62 31 li-

805 549 97 37 cet
861 549 167 37 secundum
986 549 125 37 legem
1069 549 181 37 ordinatam
1208 549 125 37 nulla
1278 549 139 37 creatura

809 578 133 34 possit
902 578 146 34 causare
1008 578 160 34 visionem
1128 578 93 34 tam
1181 578 173 34 perfectam
1315 578 80 34 in
1341 578 80 34 spe-

815 609 82 28 cie
862 609 105 28 tamen
932 609 140 28 absolute
1037 609 152 28 possibile
1154 609 105 28 foret
1224 609 93 28 quod
1283 609 93 28 deus
1329 609 82 28 daret

813 634 150 33 creature
925 634 175 33 potestatem
1062 634 137 33 creandi
1162 634 112 33 talem
1236 634 137 33 speciem
1324 634 87 33 visio

810 666 78 29 nis
855 666 145 29 effectiue
966 666 168 29 impossibile
1100 666 101 29 tamen
1167 666 78 29 est
1212 666 168 29 simpliciter
1346 666 89 29 quod

803 694 128 31 aliqua
893 694 154 31 creatura
1008 694 128 31 causet
1098 694 115 31 talem
1175 694 154 31 visionem
1290 694 102 31 mere
1341 694 64 31 na-

807 721 150 33 turaliter
923 721 150 33 obiectiue
1038 721 92 33 quia
1096 721 104 33 talis
1165 721 104 33 visio
1234 721 81 33 est
1280 721 104 33 visio
1338 721 69 33 obie

807 750 81 33 cti
854 750 127 33 immensi
946 750 115 33 igitur
1026 750 69 33 si
1061 750 104 33 esset
1130 750 127 33 causata
1222 750 58 33 a
1245 750 138 33 creatura
1337 750 69 33 obie

813 780 107 29 ctiue
884 780 95 29 mere
944 780 178 29 naturaliter
1086 780 83 29 cum
1133 780 107 29 nulla
1204 780 107 29 visio
1276 780 83 29 sit
1311 780 95 29 natura

810 803 102 38 liter
877 803 90 38 mere
934 803 102 38 visio
1002 803 135 38 alicuius
1103 803 90 38 nisi
1160 803 113 38 illius
1239 803 56 38 a
1261 803 79 38 quo
1306 803 79 38 est
1340 803 68 38 obie

808 834 100 27 ctiue
875 834 167 27 naturaliter
1009 834 123 27 causata
1098 834 134 27 sequitur
1198 834 89 27 quod
1254 834 89 27 ipsa
1310 834 89 27 erit
1354 834 56 27 vi-

811 856 82 41 sio
858 856 140 41 creature
963 856 129 41 tanquam
1057 856 129 41 obiecti
1150 856 129 41 immensi
1244 856 93 41 quod
1302 856 82 41 est
1337 856 82 41 impos

809 888 120 38 sibile.
896 888 54 38 ⁋
918 888 109 38 Contra
994 888 98 38 dicta
1059 888 98 38 sint.
1124 888 65 38 a.
1157 888 76 38 et.
1200 888 65 38 b.
1233 888 120 38 equalia
1320 888 76 38 per
1353 888 54 38 om-

809 917 87 34 nia
858 917 99 34 tunc
920 917 161 34 distincte
1045 917 75 34 et
1082 917 99 34 eque
1144 917 199 34 apprehensiue
1293 917 124 34 cognosce

808 947 69 33 re
842 947 69 33 a.
877 947 81 33 et.
923 947 69 33 b.
957 947 92 33 sunt
1015 947 104 33 duple
1084 947 184 33 perfectionis
1233 947 69 33 in
1268 947 173 33 cognoscendo

811 976 69 34 ad
846 976 161 34 cognoscere
973 976 127 34 precise
1065 976 69 34 a.
1099 976 115 34 igitur
1180 976 92 34 pari
1237 976 127 34 ratione
1329 976 81 34 sic
1364 976 46 34 co

802 1003 163 34 gnoscere
924 1003 149 34 aliquod
1033 1003 163 34 obiectum
1155 1003 122 34 duple
1222 1003 190 34 perfectionis

811 1034 71 31 ad
847 1034 71 31 a.
882 1034 83 31 est
930 1034 107 31 duple
1001 1034 189 31 perfectionis
1155 1034 71 31 in
1190 1034 178 31 cognoscendo
1332 1034 71 31 et
1356 1034 59 31 sic

805 1062 143 31 arguitur
913 1062 72 31 de
948 1062 119 31 triplo
1032 1062 96 31 etc.
1092 1062 119 31 igitur
1175 1062 107 31 clara
1247 1062 84 31 dei
1295 1062 107 31 visio
1354 1062 60 31 cum

812 1087 76 35 sit
855 1087 119 35 obiecti
942 1087 130 35 infiniti
1039 1087 76 35 est
1083 1087 65 35 in
1115 1087 141 35 infinitum
1223 1087 151 35 perfectior
1331 1087 76 35 visio

805 1114 96 40 quam
865 1114 180 40 cuiuscunque
1009 1114 144 40 alterius
1118 1114 144 40 obiecti.
1226 1114 60 40 ⁋
1250 1114 144 40 Preterea
1346 1114 60 40 com

809 1146 94 34 tra
862 1146 135 34 formam
957 1146 162 34 arguendi
1078 1146 108 34 vnam
1145 1146 121 34 prius
1226 1146 148 34 positam
1321 1146 94 34 angu-

812 1175 81 27 lus
859 1175 185 27 contingentie
1009 1175 81 27 est
1055 1175 116 27 finite
1136 1175 127 27 acutiei
1229 1175 69 27 eo
1264 1175 93 27 quod
1321 1175 81 27 per
1356 1175 58 27 ma-

800 1201 172 38 iorationem
935 1201 135 38 circuli
1034 1201 86 38 fit
1083 1201 135 38 acutior
1181 1201 74 38 et
1218 1201 111 38 tamen
1292 1201 86 38 non
1329 1201 86 38 sequi

803 1229 85 31 tur
852 1229 134 31 angulus
949 1229 183 31 rectilineus
1096 1229 122 31 potest
1181 1229 110 31 fieri
1254 1229 73 31 in
1291 1229 110 31 duplo
1352 1229 61 31 acu

808 1256 86 37 tior
862 1256 65 37 et
894 1256 65 37 in
927 1256 108 37 triplo
1002 1256 65 37 et
1034 1256 75 37 sic
1077 1256 65 37 in
1110 1256 140 37 infinitum
1217 1256 108 37 igitur
1293 1256 108 37 potest
1357 1256 54 37 fie

809 1289 70 34 ri
844 1289 128 34 acutior
938 1289 117 34 angulo
1020 1289 175 34 contigentie
1160 1289 93 34 pari
1218 1289 128 34 ratione
1312 1289 82 34 non
1347 1289 58 34 va-

803 1311 85 40 let
851 1311 109 40 forma
924 1311 145 40 arguendi
1032 1311 109 40 prius
1105 1311 109 40 facta
1177 1311 193 40 consimiliter
1335 1311 72 40 de
1359 1311 48 40 vi

808 1339 154 33 sionibus.
927 1339 59 33 ⁋
950 1339 178 33 Respondetur
1092 1339 71 33 ad
1128 1339 118 33 primum
1211 1339 130 33 dicendo
1305 1339 95 33 quod
1353 1339 59 33 con

800 1370 123 33 paratio
889 1370 134 33 predicta
989 1370 111 33 potest
1067 1370 145 33 intelligi
1179 1370 78 33 vel
1223 1370 67 33 oe
1257 1370 156 33 visionibus
1368 1370 45 33 me

800 1402 75 34 re
838 1402 188 34 naturaliter
988 1402 200 34 causabilibus
1151 1402 75 34 ab
1189 1402 150 34 obiectis
1301 1402 100 34 suis
1351 1402 63 34 vel

800 1427 238 35 supernaturaliter
1002 1427 83 35 vel
1050 1427 59 35 a
1073 1427 95 35 solo
1133 1427 83 35 deo
1180 1427 83 35 vel
1228 1427 119 35 aliter
1299 1427 107 35 concau-

793 1455 101 33 sante
860 1455 89 33 quam
916 1455 157 33 communiter
1039 1455 179 33 causabilibus
1184 1455 67 33 in
1218 1455 157 33 potentiis.
1330 1455 78 33 Primo

796 1482 99 35 modo
857 1482 74 35 ad
895 1482 210 35 comprehensiue
1068 1482 148 35 videndum
1179 1482 87 35 duo
1228 1482 136 35 obiecta
1315 1482 99 35 disti-

802 1511 74 31 cte
845 1511 74 31 non
887 1511 127 31 sufficit
982 1511 84 31 quod
1035 1511 95 31 visio
1098 1511 148 31 superioris
1214 1511 74 31 sit
1257 1511 116 31 causata
1341 1511 63 31 in
1362 1511 53 31 sua

806 1540 106 35 specie
881 1540 75 35 seu
923 1540 75 35 tot
966 1540 117 35 graduum
1051 1540 75 35 sue
1094 1540 117 35 speciei
1179 1540 96 35 sicut
1243 1540 128 35 inferior
1339 1540 64 35 in
1360 1540 53 35 sua

803 1570 102 37 quia
867 1570 77 37 si
906 1570 115 37 anima
982 1570 141 37 videret
1085 1570 217 37 comprehensiue
1264 1570 141 37 seipsam
1353 1570 64 37 vi-

807 1594 109 33 sione
880 1594 109 33 decem
953 1594 134 33 graduum
1050 1594 85 33 non
1098 1594 109 33 tamen
1171 1594 134 33 videret
1268 1594 97 33 deum
1317 1594 97 33 compre

805 1623 138 34 hensiue
905 1623 138 34 visione
1005 1623 113 34 decem
1080 1623 138 34 graduum
1180 1623 88 34 sue
1230 1623 138 34 speciei
1330 1623 88 34 ymo
1367 1623 50 34 re

805 1653 149 32 quiretur
916 1653 112 32 visio
991 1653 137 32 graduum
1090 1653 186 32 infinitorum
1239 1653 87 32 vel
1276 1653 137 32 intensiue

803 1679 116 35 imensa
885 1679 81 35 sed
931 1679 105 35 talis
1001 1679 81 35 est
1048 1679 140 35 creature
1152 1679 198 35 impossibilis.
1315 1679 58 35 ⁋
1338 1679 70 35 Et
1361 1679 47 35 ex

800 1708 91 36 hoc
852 1708 117 36 patet
930 1708 143 36 solutio
1033 1708 168 36 argumenti
1163 1708 104 36 quia
1228 1708 104 36 bene
1279 1708 130 36 procedit

805 1741 139 32 quando
902 1741 180 32 quodlibet
1041 1741 166 32 obiectum
1166 1741 152 32 haberet
1263 1741 152 32 potentiam

805 1764 95 33 sibi
864 1764 107 33 summe
936 1764 225 33 proportionatam.
1125 1764 59 33 ⁋
1149 1764 95 33 Unde
1208 1764 83 33 non
1256 1764 83 33 est
1303 1764 107 33 mirum
1363 1764 47 33 si

807 1797 139 30 duplata
909 1797 127 30 tantum
997 1797 127 30 altera
1086 1797 114 30 causa
1162 1797 139 30 noticie
1263 1797 89 30 non
1301 1797 101 30 duple-

801 1823 88 30 tur
852 1823 139 30 noticia
953 1823 88 30 sed
1004 1823 76 30 si
1041 1823 152 30 dupletur
1155 1823 152 30 procedit
1269 1823 101 30 bene
1320 1823 88 30 argu-

798 1850 131 32 mentum
890 1850 79 32 et
929 1850 118 32 eodum
1008 1850 105 32 modo
1074 1850 144 32 dicitur
1179 1850 79 32 si
1205 1850 210 32 supernaturali-

808 1882 76 33 ter
852 1882 141 33 causentur
960 1882 98 33 tales
1026 1882 141 33 visiones.
1134 1882 54 33 ⁋
1156 1882 65 33 Et
1189 1882 65 33 si
1221 1882 130 33 arguatur
1319 1882 65 33 ex
1352 1882 76 33 quo

806 1909 92 32 clara
867 1909 72 32 dei
908 1909 92 32 visio
970 1909 72 32 est
1011 1909 103 32 finite
1083 1909 144 32 nobilioris
1196 1909 113 32 speciei
1278 1909 92 32 etiam
1339 1909 62 32 si
1360 1909 51 32 est

803 1938 157 28 naturaliter
928 1938 115 28 causata
1012 1938 52 28 a
1033 1938 73 28 deo
1075 1938 84 28 quam
1128 1938 73 28 sit
1170 1938 94 28 visio
1233 1938 157 28 naturaliter
1348 1938 63 28 cau-

798 1964 120 33 sabilis
886 1964 66 33 in
918 1964 153 33 intellectu
1039 1964 109 33 creato
1115 1964 66 33 ab
1148 1964 120 33 aliquam
1236 1964 131 33 creatura
1334 1964 66 33 et
1356 1964 55 33 hoc

797 1996 151 33 absolute
910 1996 75 33 in
948 1996 125 33 genere
1036 1996 176 33 qualitatis
1174 1996 88 33 cum
1224 1996 125 33 igitur
1299 1996 113 33 quamli-

796 2020 88 30 bet
847 2020 164 30 creaturam
973 2020 126 30 potest
1061 2020 101 30 deus
1124 2020 139 30 causare
1225 2020 76 30 in
1263 2020 113 30 duplo
1326 2020 88 30 perfe

807 2051 116 34 ctionem
891 2051 126 34 secundum
985 2051 116 34 speciem
1069 2051 63 34 et
1101 2051 63 34 in
1132 2051 105 34 triplo
1206 2051 84 34 etc.
1258 2051 126 34 sequitur
1342 2051 63 34 quod

804 2078 101 49 deus
867 2078 126 49 possit
955 2078 138 49 causare
1056 2078 75 49 in
1094 2078 176 49 intellectu
1232 2078 101 49 vnam
1282 2078 126 49 visionem

1252 2102 66 50 c.
1274 2102 44 50 ia
