1747 2500
705 131 153 103 â‹
767 131 275 103 Seita
919 131 153 103 Me.

472 222 118 85 tam
540 222 185 85 autoris
674 222 168 85 nulqua
792 222 101 85 me
843 222 185 85 legisse
977 222 168 85 memini
1095 222 168 85 aliqua
1213 222 152 85 tamen
1314 222 135 85 quae

496 289 109 64 per
558 289 124 64 eius
635 289 93 64 oe
682 289 171 64 aliorum
806 289 202 64 monimenta
961 289 233 64 innotescunt
1147 289 186 64 scribere
1271 289 140 64 enitar.

536 331 85 70 fa
578 331 85 70 ex
621 331 142 70 insula
720 331 185 70 britamnia
862 331 85 70 ea
905 331 85 70 in
948 331 128 70 parte
1033 331 114 70 quam
1104 331 128 70 angli
1189 331 142 70 colunt
1274 331 142 70 oriundus

549 383 219 66 cognomento
721 383 156 66 goddam
831 383 141 66 alias
924 383 156 66 voddam
1034 383 234 66 professione
1206 383 203 66 minoritanus

523 430 190 57 oniensis
666 430 222 57 achademiae
840 430 127 57 quae
920 430 95 57 ea
967 430 95 57 in
1015 430 206 57 tepestate
1173 430 143 57 viros
1252 430 159 57 celebres

498 474 158 61 emisit
609 474 158 61 doctor
719 474 79 61 l
751 474 174 61 ondonis
878 474 174 61 aglorum
1004 474 142 61 regia
1099 474 158 61 Dronis
1210 474 126 61 deld
1289 474 95 61 or
1320 474 95 61 Dici

429 521 126 53 atus
508 521 158 53 quibus
619 521 95 53 in
666 521 142 53 locis
761 521 126 53 duas
840 521 253 53 sententiarum
1045 521 189 53 lecturas
1187 521 174 53 peregit
1297 521 111 53 Olcam

156 550 189 50 Cato

345 557 114 66 inis
416 557 271 66 contemporaneus.
645 557 171 66 vtrumque
773 557 86 66 in
816 557 157 66 scholis
930 557 229 66 respondentem
1116 557 171 66 audiuit.
1245 557 171 66 materias
1359 557 57 66 po

210 602 161 65 sitiuas
327 602 73 65 o
356 602 161 65 faciles
473 602 102 65 nec
531 602 102 65 non
590 602 248 65 praecedentium
794 602 131 65 necus
882 602 204 65 intricatos
1042 602 102 65 dne
1101 602 175 65 inutiles
1217 602 190 65 aspernatus:

202 645 199 64 theoricas
355 645 199 64 theologas
508 645 107 64 per
569 645 168 64 tractat
691 645 245 64 interserendo
890 645 184 64 secundum
1028 645 214 64 sententiae
1181 645 229 64 oportunitatem

208 693 221 58 philosophiam
388 693 152 58 moralem
499 693 69 58 o
526 693 180 58 naturalem
665 693 138 58 vtilem
762 693 152 58 acriter
872 693 180 58 perspicue
1011 693 194 58 sunccinele
1163 693 111 58 onte
1232 693 138 58 solide
1315 693 97 58 omnia

207 745 213 62 prosequens
374 745 213 62 sententias
542 745 91 62 ab
588 745 91 62 eo
634 745 183 62 scriptas
771 745 168 62 nullibi
893 745 183 62 orfendi:
1030 745 137 62 earum
1121 745 152 62 succum
1228 745 91 62 de
1259 745 152 62 medullam

203 783 195 68 Hsenticus
353 783 120 68 oyta
428 783 75 68 a
458 783 150 68 centum
562 783 105 68 one
622 783 165 68 viginti
742 783 135 68 annis
832 783 195 68 abhincerx
982 783 150 68 tracit
1087 783 120 68 quem
1161 783 210 68 sententias
1326 783 90 68 Ad
1356 783 45 68 a

209 829 210 59 appellamus
374 829 105 59 eum
434 829 105 59 non
494 829 165 59 numquam
615 829 225 59 abbreuiauit
795 829 90 59 vt
840 829 90 59 in
885 829 150 59 quarto
990 829 75 59 n
1020 829 165 59 materia
1141 829 90 59 de
1186 829 210 59 quantitate
1336 829 75 59 vi-

211 872 119 74 dere
285 872 104 74 est
345 872 89 74 in
389 872 163 74 omnibus
507 872 193 74 librariis
656 872 74 74 o
685 872 89 74 in
730 872 237 74 caracteribus
922 872 163 74 optimis
1041 872 119 74 Adam
1115 872 193 74 inueninus
1263 872 119 74 quod
1322 872 89 74 viro

207 919 116 67 exat
279 919 145 67 magnae
380 919 130 67 laudi
467 919 87 67 si
510 919 116 67 eius
582 919 145 67 librum
683 919 217 67 habuissemus
857 919 159 67 lubenti
972 919 130 67 animo
1059 919 101 67 eum
1117 919 231 67 calcographis
1290 919 116 67 tradi-

195 956 182 74 dissemus
331 956 106 74 sed
392 956 197 74 illustris
543 956 121 74 viri
618 956 91 74 de
664 956 166 74 eruditi
785 956 136 74 Detri
876 956 166 74 menenes
997 956 182 74 lusitani
1133 956 91 74 in
1178 956 212 74 theosophia
1329 956 76 74 bac

201 1012 171 69 chalarii
329 1012 171 69 exemplar
457 1012 227 69 procurauimus
641 1012 213 69 mediocriter
812 1012 199 69 castigatum
968 1012 114 69 quod
1039 1012 171 69 immitari
1167 1012 100 69 pro
1224 1012 142 69 maiori
1310 1012 100 69 perte

193 1043 253 76 eleborauimus
398 1043 189 76 curantes
541 1043 95 76 vt
588 1043 158 76 tabula
698 1043 237 76 alphabetica
888 1043 95 76 ad
935 1043 142 76 folia
1030 1043 95 76 de
1077 1043 189 76 columnas
1204 1043 189 76 adderetur.

196 1093 83 72 Et
238 1093 83 72 si
279 1093 97 72 pro
334 1093 152 72 secundo
444 1093 97 72 aut
500 1093 138 72 tertio
596 1093 110 72 loco
665 1093 124 72 inter
748 1093 152 72 anglise
858 1093 165 72 litratos
982 1093 193 72 certauerit
1134 1093 69 72 a
1162 1093 138 72 duobus
1258 1093 97 72 sic
1313 1093 83 72 ei
1341 1093 55 72 re

188 1148 174 63 sistitur
318 1148 87 63 vt
361 1148 145 63 quotum
463 1148 130 63 locum
550 1148 130 63 inter
637 1148 101 63 eos
695 1148 217 63 optinuenrit
868 1148 72 63 a
897 1148 130 63 mulis
984 1148 145 63 nondum
1086 1148 159 63 accepi.
1202 1148 145 63 Primam
1289 1148 101 63 sedem

192 1188 107 56 iam
253 1188 107 56 diu
314 1188 230 56 venerabilis
498 1188 123 56 beda
575 1188 184 56 pacifice
713 1188 169 56 adeptus
836 1188 107 56 tum
897 1188 123 56 quia
974 1188 184 56 Ortoniam
1112 1188 138 56 sicut
1204 1188 169 56 athenas
1311 1188 77 56 ho-

188 1229 135 76 merus
278 1229 225 76 antecessit.
458 1229 105 76 tum
518 1229 120 76 quia
593 1229 90 76 in
638 1229 180 76 scriptis
773 1229 195 76 bibliacis
923 1229 255 76 commentarios:
1133 1229 165 76 annales
1238 1229 150 76 patrias-

191 1287 252 59 calculationes:
401 1287 210 59 tempotumque
568 1287 238 59 supputationes
764 1287 238 59 studiosissime
960 1287 182 59 composuit
1099 1287 70 59 o
1127 1287 84 59 si
1169 1287 126 59 sedem
1239 1287 140 59 secundam

189 1316 222 71 septuagita
364 1316 143 71 annis
459 1316 207 71 dlexander
618 1316 191 71 halensis
761 1316 127 71 iure
841 1316 159 71 quidem
952 1316 159 71 optimo
1063 1316 254 71 vendicauerit
1270 1316 95 71 ab
1302 1316 79 71 Dam

189 1362 68 77 â‹
217 1362 135 77 codamo
311 1362 95 77 pro
365 1362 122 77 eadem
446 1362 176 77 dimicatum
581 1362 95 77 est
636 1362 95 77 sed
690 1362 81 77 ob
730 1362 149 77 veterum
838 1362 189 77 maiestatem
987 1362 68 77 6
1014 1362 81 77 vt
1055 1362 108 77 lite
1122 1362 162 77 pendente
1244 1362 122 77 nihil
1325 1362 81 77 in

182 1414 164 59 nouetur
301 1414 164 59 secundo
420 1414 134 59 adhuc
510 1414 119 59 loco
584 1414 164 59 gaudeat
703 1414 134 59 Olcam
793 1414 74 59 o
822 1414 119 59 Adam
897 1414 179 59 accedunt
1031 1414 89 59 in
1075 1414 149 59 logica
1180 1414 74 59 o
1209 1414 164 59 vtraque
1314 1414 74 59 phi

193 1450 159 75 sophia
304 1450 143 75 pares
400 1450 95 75 in
447 1450 222 75 sententiis
622 1450 111 75 Oam
685 1450 222 75 ampullosus
860 1450 79 75 o
892 1450 191 75 diffusus
1035 1450 127 75 Adam
1114 1450 191 75 digestus
1257 1450 95 75 de
1289 1450 95 75 reso

187 1495 135 73 lutus
277 1495 90 73 li
322 1495 195 73 Quillermi
471 1495 180 73 dyalogus
606 1495 105 73 non
666 1495 209 73 obstiterit
830 1495 150 73 palmam
935 1495 75 73 a
965 1495 150 73 priore
1070 1495 209 73 surriperet
1219 1495 165 73 posterior

180 1541 268 80 sublimiigenio
401 1541 110 80 ode
464 1541 157 80 audaci
574 1541 220 80 Quillermus
747 1541 173 80 excelso
873 1541 79 80 o
904 1541 157 80 solido
1014 1541 126 80 Adam
1093 1541 126 80 ille
1172 1541 157 80 rugosa
1266 1541 126 80 fronte

188 1591 153 73 dimisso
300 1591 195 73 lupercilio
453 1591 195 73 micantibus
607 1591 140 73 oculis
704 1591 153 73 tanquam
816 1591 98 73 vir
872 1591 167 73 bellator
997 1591 84 73 ab
1039 1591 84 73 ad
1081 1591 209 73 olescentiva
1248 1591 167 73 suadendo

188 1631 207 79 dissuadendo
354 1631 152 79 seriose
464 1631 179 79 disputat.
602 1631 97 79 hic
657 1631 138 79 serena
754 1631 179 79 tfrotonte
892 1631 152 79 eleuato
1003 1631 193 79 supercilio
1154 1631 152 79 ridendo
1251 1631 138 79 singulis

183 1688 168 68 gratus:
305 1688 137 68 omnia
396 1688 153 68 diluit
503 1688 183 68 quocirca
641 1688 168 68 neutrum
763 1688 153 68 alteri
870 1688 199 68 praeferam
1023 1688 107 68 hec
1084 1688 122 68 sunt
1160 1688 122 68 quae
1236 1688 92 68 de
1267 1688 122 68 autore

182 1735 79 57 s
214 1735 158 57 vicino
324 1735 95 57 in
372 1735 253 57 presentiarum
577 1735 190 57 scribere
704 1735 142 57 libuit.

497 1951 118 86 â‹
545 1951 236 86 Tabuia
710 1951 354 86 alphabefica
969 1951 142 86 ade.

1257 1994 104 59 a.
1309 1994 87 59 q
