2336 3270
193 72 175 97 for
293 72 175 97 our
393 72 300 97 behoofe,
618 72 200 97 that
743 72 150 97 is
818 72 150 97 to
893 72 225 97 saie,
1018 72 150 97 that

192 163 157 75 he
270 163 210 75 hath
401 163 236 75 wipte
559 163 210 75 away
690 163 183 75 our
794 163 288 75 sinnes,
1004 163 183 75 and

198 224 183 82 that
312 224 160 82 for
404 224 137 82 us
472 224 137 82 he
541 224 183 82 hath
655 224 297 82 conquered
883 224 228 82 death,
1043 224 137 82 ye

197 292 223 72 devill
353 292 156 72 and
442 292 201 72 hell,
576 292 290 72 according
800 292 134 72 to
867 292 156 72 the
956 292 223 72 saying

189 353 139 84 of
258 353 162 84 the
351 353 278 84 Apostle.

195 407 169 71 God
291 407 193 71 hath
412 407 217 71 saved
557 407 169 71 us,
653 407 169 71 and
750 407 193 71 hath
871 407 241 71 called
1039 407 145 71 us

197 478 197 88 with
320 478 148 88 an
394 478 222 88 holie
542 478 295 88 calling,
764 478 172 88 not
862 478 320 88 according

192 546 157 69 to
270 546 183 69 our
375 546 288 69 workes,
584 546 183 69 but
689 546 340 69 according
950 546 157 69 to
1002 546 131 69 his

199 622 219 69 owne
336 622 302 69 purpose
555 622 192 69 and
665 622 274 69 favour
857 622 247 69 which
994 622 137 69 was

206 684 219 83 given
352 684 195 83 unto
473 684 146 83 us
546 684 268 83 through
741 684 219 83 lesus
887 684 243 83 Christ
1033 684 97 83 be

192 739 205 82 fore
320 739 179 82 all
423 739 359 82 beginning,
705 739 179 82 but
807 739 154 82 is
884 739 307 82 declared

196 807 261 78 openly
379 807 183 78 now
483 807 157 78 by
562 807 183 78 the
666 807 340 78 appearing
928 807 157 78 of
1006 807 183 78 our

208 880 266 80 Saviour
402 880 218 80 lesus
547 880 242 80 Christ
716 880 170 80 who
813 880 194 80 hath
934 880 242 80 verily

214 938 186 91 out
321 938 186 91 out
427 938 266 91 death,
613 938 186 91 and
719 938 292 91 brought
932 938 266 91 foorth

192 1001 224 81 life,
341 1001 249 81 light,
515 1001 174 81 and
615 1001 398 81 immortalitie
938 1001 149 81 by
1013 1001 174 81 the

206 1070 328 74 Gospell.
452 1070 219 74 Ther
588 1070 191 74 are
698 1070 246 74 manie
862 1070 219 74 more
971 1070 164 74 like

197 1141 189 64 this
315 1141 142 64 in
386 1141 165 64 the
481 1141 142 64 4.
552 1141 142 64 of
622 1141 165 64 his
717 1141 260 64 epistle
906 1141 142 64 to
977 1141 165 64 the
1048 1141 94 64 Ro

199 1207 201 62 mans,
333 1207 156 62 and
422 1207 134 62 in
489 1207 156 62 the
578 1207 156 62 15.
668 1207 134 62 of
735 1207 156 62 his
824 1207 201 62 first
958 1207 134 62 to
1025 1207 156 62 the

199 1271 388 62 Corinthians.
514 1271 170 62 For
611 1271 170 62 the
708 1271 194 62 Lord
830 1271 194 62 also
951 1271 146 62 in
1024 1271 170 62 the

207 1330 264 73 Gospell
399 1330 216 73 after
543 1330 144 73 S.
615 1330 192 73 John
734 1330 240 73 saith,
902 1330 120 73 I
950 1330 144 73 am
1022 1330 168 73 the

207 1394 373 69 resurrection
509 1394 163 69 and
603 1394 163 69 the
696 1394 186 69 life
812 1394 116 69 :
859 1394 163 69 hee
952 1394 186 69 that
1045 1394 93 69 be

202 1458 277 72 leeveth
403 1458 151 72 in
478 1458 201 72 mee,
604 1458 302 72 although
830 1458 151 72 he
906 1458 151 72 be
981 1458 201 72 dead

206 1525 211 83 shall
346 1525 211 83 live:
487 1525 164 83 and
581 1525 234 83 everie
745 1525 164 83 one
838 1525 187 83 that
956 1525 234 83 liveth

202 1584 164 77 and
295 1584 304 77 beleeveth
529 1584 140 77 in
600 1584 164 77 me,
693 1584 211 77 shall
834 1584 164 77 not
927 1584 164 77 die
1021 1584 164 77 for

210 1660 212 76 ever.

273 1718 212 87 Nowe
405 1718 212 87 also
537 1718 185 87 let
643 1718 159 87 us
723 1718 344 87 throughly
961 1718 185 87 consi

205 1799 172 62 der
304 1799 245 62 everie
475 1799 221 62 worde
623 1799 147 62 of
696 1799 196 62 this
819 1799 270 62 article
991 1799 147 62 seve

203 1852 200 76 rally
336 1852 133 76 by
403 1852 133 76 it
469 1852 222 76 selfe,
625 1852 156 76 Wee
714 1852 311 76 confesseye
958 1852 222 76 Lorde,

218 1922 157 68 his
307 1922 381 68 resurrection.
621 1922 157 68 But
711 1922 112 68 a
756 1922 359 68 resurrection
1047 1922 135 68 is

202 1987 148 58 to
276 1987 198 58 rise
400 1987 272 58 againe.
598 1987 198 58 That
721 1987 247 58 riseth
894 1987 222 58 which
1017 1987 124 58 fal

204 2045 200 77 leth.
337 2045 156 77 The
426 2045 200 77 bodie
560 2045 134 77 of
627 2045 223 77 Christ
783 2045 200 77 fell,
916 2045 267 77 therfore

207 2113 152 76 the
294 2113 195 76 bodie
424 2113 130 76 of
489 2113 217 76 Christ
641 2113 238 76 riseth,
814 2113 152 76 yea
901 2113 130 76 it
966 2113 217 76 riseth

207 2178 256 66 againe,
393 2178 186 66 that
509 2178 140 66 is
579 2178 140 66 to
649 2178 186 66 say,
765 2178 163 66 the
859 2178 210 66 verie
998 2178 186 66 same

207 2235 195 71 bodie
337 2235 130 71 of
403 2235 239 71 Christ,
576 2235 195 71 which
706 2235 217 71 before
858 2235 130 71 it
923 2235 174 71 fell
1032 2235 152 71 did

202 2308 192 64 both
322 2308 192 64 live
442 2308 168 64 and
538 2308 264 64 stirre,
731 2308 192 64 doth
851 2308 192 64 nowe
971 2308 192 64 rise
1067 2308 72 64 a

201 2373 219 76 gaine,
354 2373 131 76 it
420 2373 175 76 doth
529 2373 109 76 I
573 2373 153 76 say
660 2373 175 76 both
769 2373 175 76 live
879 2373 153 76 and
966 2373 219 76 stirre

203 2435 288 72 againe.
412 2435 183 72 For
517 2435 262 72 truely
701 2435 236 72 sayde
832 2435 314 72 Tertullian

208 2507 127 69 of
271 2507 148 69 the
356 2507 338 69 resurrection
630 2507 127 69 of
694 2507 127 69 ye
757 2507 211 69 flesh,
905 2507 169 69 that
1010 2507 169 69 this

218 2560 198 76 word
342 2560 372 76 Resurrectio
639 2560 149 76 is
714 2560 173 76 not
813 2560 297 76 properly
1011 2560 124 76 spo

211 2632 156 74 ken
300 2632 133 74 of
366 2632 156 74 any
455 2632 222 74 thing,
611 2632 178 74 save
722 2632 133 74 of
788 2632 133 74 ye
855 2632 200 74 which
988 2632 200 74 first

212 2695 205 70 fell.
349 2695 159 70 For
440 2695 251 70 nothing
622 2695 159 70 can
713 2695 182 70 rise
827 2695 228 70 againe
987 2695 205 70 butye

217 2765 178 63 that
328 2765 200 63 fell.
461 2765 155 63 For
550 2765 133 63 by
616 2765 222 63 rising
772 2765 244 63 againe,
949 2765 244 63 because

219 2826 224 62 itfel,
375 2826 134 62 we
442 2826 156 62 say
532 2826 156 62 the
621 2826 358 62 resurrection
911 2826 134 62 is
979 2826 201 62 made.

213 2891 268 68 Because
408 2891 195 68 this
530 2891 293 68 sillable
749 2891 171 68 Be,
846 2891 146 68 is
920 2891 219 68 never
1041 2891 98 68 ad

214 2951 190 77 ded,
333 2951 166 77 but
428 2951 190 77 when
547 2951 119 77 a
594 2951 214 77 thing
737 2951 143 77 is
808 2951 190 77 done
927 2951 261 77 againe,

211 3019 385 76 Wherefore
507 3019 207 76 the
626 3019 266 76 women
803 3019 178 76 in
892 3019 207 76 the
981 3019 148 76 Gos

1130 77 232 100 pell,
1285 77 206 100 when
1414 77 206 100 they
1543 77 206 100 went
1672 77 155 100 to
1749 77 284 100 annoint
1955 77 180 100 the

1145 172 228 77 bodie
1297 172 152 77 of
1372 172 177 77 the
1474 172 253 77 Lorde,
1651 172 228 77 which
1803 172 228 77 hoong
1929 172 152 77 upon

1142 219 160 92 the
1234 219 251 92 crosse,
1416 219 160 92 did
1508 219 206 92 heare
1645 219 160 92 the
1736 219 229 92 Angell
1896 219 137 92 of
1965 219 160 92 the

1136 291 229 93 Lorde
1288 291 204 93 say,
1415 291 204 93 whie
1543 291 229 93 secke
1695 291 153 93 ye
1772 291 178 93 the
1873 291 254 93 living

1149 353 209 86 among
1288 353 163 86 the
1381 353 209 86 dead:
1521 353 140 86 He
1591 353 140 86 is
1660 353 163 86 not
1753 353 209 86 here,
1893 353 163 86 but
1986 353 140 86 is

1152 421 187 75 risen,
1283 421 149 75 Ecc.

1199 485 206 84 This
1328 485 309 84 historie
1559 485 154 84 of
1637 485 180 84 the
1740 485 257 84 Lordes
1894 485 180 84 resur

1151 563 216 66 rectio
1302 563 129 66 is
1367 563 151 66 set
1453 563 194 66 forth
1583 563 129 66 in
1648 563 129 66 ye
1712 563 151 66 24.
1799 563 194 66 after
1928 563 194 66 Luke,

1141 622 177 76 and
1242 622 177 76 the
1343 622 177 76 16.
1445 622 228 76 after
1597 622 253 76 Marke.
1774 622 228 76 Peter
1926 622 177 76 the
2002 622 76 76 A

1154 683 232 76 postle,
1323 683 169 76 also
1428 683 127 76 in
1491 683 148 76 the
1576 683 211 76 second
1723 683 127 76 of
1787 683 148 76 the
1871 683 190 76 acts,
1998 683 127 76 af

1144 751 266 73 firming
1337 751 169 73 the
1434 751 218 73 Lords
1580 751 387 73 resurrection
1894 751 145 73 by
1967 751 169 73 the

1143 811 359 69 testimonie
1425 811 154 69 of
1502 811 256 69 David,
1681 811 231 69 doeth
1835 811 307 69 erpresly

1155 871 232 80 shewe,
1317 871 186 80 that
1434 871 163 80 the
1526 871 186 80 Lord
1643 871 139 80 is
1712 871 256 80 verilie
1898 871 209 80 risen
2014 871 70 80 a

1163 940 213 77 gaine.

1197 998 219 79 After
1343 998 195 79 this
1465 998 146 79 we
1538 998 171 79 say
1635 998 268 79 againe,
1830 998 195 79 that
1952 998 171 79 hee

1155 1072 135 74 is
1223 1072 203 74 risen
1358 1072 158 74 out
1449 1072 158 74 of,
1539 1072 135 74 or
1606 1072 180 74 from
1719 1072 135 74 ye
1787 1072 203 74 dead.
1922 1072 203 74 Which

1154 1137 236 68 memder
1320 1137 189 68 doth
1438 1137 284 68 expresse
1651 1137 165 68 the
1745 1137 260 68 trueth,
1934 1137 189 68 both

1150 1206 140 78 of
1220 1206 164 78 his
1313 1206 210 78 death
1454 1206 164 78 and
1547 1206 398 78 resurrection.
1875 1206 164 78 For
1968 1206 164 78 the

1154 1258 195 78 bodie
1284 1258 130 78 or
1350 1258 195 78 flesh
1480 1258 195 78 dieth
1610 1258 130 78 or
1675 1258 130 78 is
1740 1258 304 78 destroied:
1979 1258 152 78 but

1154 1334 209 71 being
1293 1334 186 71 dead
1410 1334 140 71 is
1479 1334 233 71 raised
1642 1334 140 71 up
1712 1334 372 71 againe:rthis
1991 1334 93 71 bo

1158 1401 132 75 dy
1224 1401 286 75 therfore,
1444 1401 132 75 or
1510 1401 198 75 flesh
1643 1401 132 75 is
1709 1401 220 75 raised
1863 1401 132 75 up
1907 1401 176 75 againt

1153 1463 151 67 as
1228 1463 252 67 though
1405 1463 176 67 hee
1506 1463 202 67 that
1632 1463 252 67 maketh
1783 1463 302 67 confession

1156 1530 142 67 of
1227 1530 166 67 his
1322 1530 261 67 beleefe
1512 1530 237 67 should
1678 1530 190 67 say,
1797 1530 166 67 Our
1892 1530 190 67 Lord
1987 1530 95 67 di

1151 1591 144 63 ed
1223 1591 168 63 een
1319 1591 144 63 in
1391 1591 168 63 the
1487 1591 216 63 verie
1631 1591 192 63 same
1750 1591 312 63 condition
1990 1591 144 63 of

1151 1656 241 72 nature
1319 1656 192 72 that
1440 1656 216 72 other
1584 1656 265 72 mortall
1776 1656 168 72 men
1873 1656 168 72 doe
1969 1656 168 72 die

1163 1736 161 60 in,
1255 1736 161 60 but
1347 1736 138 60 he
1416 1736 253 60 tarried
1600 1736 184 60 not,
1714 1736 161 60 nor
1806 1736 161 60 yet
1898 1736 230 60 stacke

1150 1782 207 73 fast
1279 1782 232 73 among
1434 1782 181 73 the
1538 1782 232 73 dead.
1693 1782 181 73 For
1796 1782 181 73 the
1899 1782 232 73 verie

1159 1855 205 68 same
1288 1855 282 68 mortall
1493 1855 231 68 flesh
1646 1855 231 68 which
1800 1855 179 68 hee
1903 1855 179 68 had
1979 1855 103 68 ta

1149 1917 177 82 ken
1250 1917 202 82 unto
1376 1917 202 82 him,
1503 1917 177 82 and
1604 1917 152 82 by
1680 1917 228 82 dying
1832 1917 177 82 had
1933 1917 202 82 laid

1143 1990 262 59 aside,
1326 1990 183 59 hee
1431 1990 209 59 nowe
1562 1990 262 59 taketh
1745 1990 262 59 againe
1902 1990 183 59 immor

1157 2042 277 75 talitie.
1364 2042 138 75 As
1434 2042 207 75 David
1572 2042 161 75 had
1664 2042 300 75 foretolde
1895 2042 231 75 before

1152 2109 272 65 saying,
1350 2109 272 65 Because
1548 2109 198 65 thou
1671 2109 222 65 shalt
1819 2109 173 65 not
1918 2109 222 65 leave

1151 2184 132 81 my
1217 2184 198 81 soule
1349 2184 132 81 in
1416 2184 176 81 hel,
1526 2184 154 81 nor
1614 2184 220 81 suffer
1768 2184 154 81 thy
1857 2184 176 81 holy
1967 2184 154 81 one

1150 2236 138 79 to
1219 2236 161 79 see
1288 2236 299 79 corruption.

1217 2299 165 82 For
1312 2299 236 82 Christ
1477 2299 141 82 is
1547 2299 165 82 the
1641 2299 212 82 first
1783 2299 283 82 begotten
1995 2299 141 82 of

1153 2375 193 60 them
1273 2375 193 60 that
1394 2375 193 60 rise
1514 2375 265 60 againe,
1707 2375 145 60 in
1780 2375 217 60 whome
1924 2375 145 60 as
1997 2375 145 60 in

1151 2434 165 64 the
1246 2434 188 64 head
1363 2434 212 64 there
1504 2434 212 64 ought
1645 2434 141 64 to
1716 2434 141 64 be
1786 2434 282 64 declared
1998 2434 141 64 in

1151 2497 183 69 what
1266 2497 183 69 fort
1380 2497 160 69 the
1472 2497 366 69 resurrection
1769 2497 137 69 of
1838 2497 137 69 al
1907 2497 229 69 Christ

1153 2565 170 85 his
1250 2565 267 85 mebers,
1444 2565 242 85 shalbe
1613 2565 145 85 in
1686 2565 170 85 the
1783 2565 170 85 day
1880 2565 145 85 of
1928 2565 170 85 judge

1153 2625 216 75 ment.

1208 2683 176 77 And
1308 2683 151 77 we
1384 2683 301 77 confesse
1609 2683 201 77 that
1735 2683 201 77 this
1835 2683 251 77 resurrec

1155 2753 194 77 tion
1276 2753 170 77 was
1373 2753 194 77 made
1494 2753 170 77 the
1591 2753 218 77 third
1736 2753 194 77 day,
1857 2753 121 77 I
1905 2753 218 77 meane

1153 2826 174 74 the
1253 2826 224 74 third
1401 2826 199 74 daie
1526 2826 224 74 after
1675 2826 174 74 his
1774 2826 248 74 death.
1948 2826 174 74 For

1153 2891 224 64 uppon
1302 2891 174 64 the
1402 2891 174 64 day
1501 2891 149 64 of
1575 2891 373 64 Preparation
1873 2891 174 64 hee
1973 2891 149 64 is

1157 2951 229 70 taken
1309 2951 229 70 downe
1462 2951 203 70 from
1589 2951 178 70 the
1691 2951 280 70 crosse,
1894 2951 178 70 and
1970 2951 102 70 ca

1147 3015 186 72 ried
1263 3015 186 72 into
1379 3015 116 72 a
1426 3015 326 72 sepulchre,
1682 3015 209 72 where
1821 3015 163 72 his
1914 3015 209 72 bodie
