2342 3270
196 112 232 93 sight,
358 112 162 93 and
451 112 139 93 at
520 112 162 93 thy
613 112 209 93 right
752 112 185 93 hand
868 112 139 93 is
937 112 278 93 gladnes,

195 188 166 69 for
267 188 166 69 ever.

279 242 203 86 What
406 242 203 86 else
533 242 152 86 is
609 242 203 86 this
736 242 203 86 than
863 242 152 86 if
939 242 178 86 hee
1015 242 127 86 had

195 325 237 74 saide,
361 325 190 74 Thou
480 325 213 74 shalt
622 325 213 74 bring
764 325 142 74 me
835 325 190 74 into
954 325 213 74 life,

210 378 125 79 I
260 378 175 79 say
360 378 200 79 into
485 378 175 79 the
585 378 225 79 verie
734 378 300 79 heavens,
959 378 225 79 where

198 459 116 64 I
244 459 233 64 shalbe
407 459 233 64 silled
570 459 186 64 with
687 459 233 64 ioyes,
850 459 186 64 both
966 459 140 64 by
1013 459 116 64 see

196 513 177 75 ing
297 513 177 75 and
398 513 329 75 beholding
651 513 228 75 thee,
803 513 177 75 and
904 513 202 75 also
1031 513 152 75 by

194 574 278 80 emoying
396 574 228 80 thee.
548 574 152 80 At
624 574 177 80 thy
725 574 228 80 right
877 574 202 80 hand
1003 574 152 80 in
1054 574 76 80 e

194 639 277 64 ternall
396 639 378 64 blessednsse
698 639 177 64 are
799 639 227 64 ioyes
925 639 202 64 everla

203 710 237 67 sting.
369 710 142 67 In
440 710 166 67 the
535 710 261 67 Gospell
725 710 190 67 also
843 710 166 67 wee
938 710 237 67 reade,

200 773 213 70 that
333 773 186 70 the
440 773 266 70 Sheepe
626 773 186 70 are
733 773 266 70 placed
919 773 160 70 by
999 773 186 70 the

215 831 237 79 Iudge
373 831 158 79 at
452 831 184 79 the
557 831 237 79 right
715 831 211 79 hand
847 831 132 79 ,
900 831 184 79 and
1005 831 184 79 the

205 900 219 79 Goats
350 900 146 79 at
423 900 170 79 the
521 900 219 79 lest.
666 900 170 79 And
764 900 194 79 when
885 900 170 79 the
958 900 170 79 right

211 961 199 76 hand
336 961 149 76 is
410 961 224 76 taken
560 961 149 76 in
634 961 199 76 this
759 961 249 76 sense,
933 961 199 76 then
1032 961 100 76 To

209 1034 203 67 fitte
344 1034 203 67 dooth
479 1034 270 67 signifie
681 1034 135 67 to
749 1034 180 67 rest
861 1034 180 67 from
974 1034 158 67 all
1041 1034 90 67 la

205 1090 253 73 bours,
382 1090 177 73 and
483 1090 152 73 to
559 1090 203 73 live
686 1090 279 73 quietly
889 1090 152 73 ad
965 1090 152 73 in
1015 1090 127 73 hap

205 1165 171 82 pie
302 1165 245 82 state.
474 1165 171 82 For
571 1165 196 82 that
694 1165 245 82 saying
865 1165 147 82 in
938 1165 171 82 the
1012 1165 122 82 Pro

213 1223 225 76 phet
353 1223 169 76 is
438 1223 253 76 verie
606 1223 225 76 well
747 1223 309 76 knowne:
971 1223 140 76 A
1000 1223 140 76 man

204 1287 217 81 shall
349 1287 217 81 sitte
494 1287 217 81 under
639 1287 169 81 his
735 1287 217 81 wine.
880 1287 145 81 As
953 1287 145 81 if
1025 1287 169 81 hee

211 1350 223 82 should
367 1350 179 82 have
478 1350 179 82 said
590 1350 156 82 all
679 1350 245 82 thinges
858 1350 201 82 shall
992 1350 134 82 be
1059 1350 134 82 at

207 1434 229 57 peace,
367 1434 137 57 in
436 1434 275 57 safetie,
642 1434 160 57 and
734 1434 137 57 at
803 1434 229 57 quiet.
963 1434 137 57 So
1009 1434 137 57 then

211 1491 186 72 this
327 1491 186 72 that
443 1491 116 72 I
490 1491 186 72 have
606 1491 209 72 said,
745 1491 139 72 is
815 1491 209 72 meant
954 1491 139 72 by
1024 1491 163 72 the

201 1550 231 70 right
355 1550 205 70 hand
483 1550 154 70 of
560 1550 179 70 the
662 1550 282 70 father:
867 1550 179 70 and
970 1550 231 70 where

203 1614 141 69 we
273 1614 305 69 confesse,
508 1614 188 69 that
625 1614 164 69 the
719 1614 211 69 sonne
860 1614 188 69 doth
978 1614 211 69 sitte

208 1681 143 64 at
280 1681 167 64 the
375 1681 215 64 right
518 1681 191 64 hand
637 1681 143 64 of
709 1681 167 64 the
804 1681 238 64 father
947 1681 191 64 almigh

204 1746 213 67 tie,
337 1746 160 67 we
417 1746 186 67 doe
524 1746 426 67 acknowledge,
870 1746 213 67 that
1003 1746 186 67 our

211 1810 232 82 Lorde
366 1810 232 82 being
520 1810 335 82 delivered
778 1810 206 82 from
907 1810 180 82 all
984 1810 155 82 trou

206 1876 174 65 ble
305 1876 174 65 and
405 1876 273 65 mortall
603 1876 397 65 infirmities,
926 1876 198 65 doth
1025 1876 124 65 now

209 1943 161 72 in
290 1943 187 72 his
397 1943 375 72 humanitie,
691 1943 214 72 both
825 1943 214 72 rest
959 1943 187 72 and
1039 1943 107 72 re

207 2001 216 66 ioice
351 2001 144 66 in
423 2001 168 66 the
519 2001 216 66 verie
663 2001 240 66 locall
832 2001 216 66 place
976 2001 144 66 of
1024 2001 120 66 hea

212 2085 198 55 ven,
336 2085 223 55 where
484 2085 148 55 we
558 2085 297 55 beleeve,
781 2085 198 55 that
905 2085 198 55 both
1028 2085 173 55 our

213 2130 222 74 foules
368 2130 155 74 and
457 2130 222 74 bodies
612 2130 200 74 shall
745 2130 155 74 be,
834 2130 155 74 and
922 2130 177 74 live
1033 2130 155 74 for

211 2197 216 68 ever.

275 2256 190 77 For
383 2256 190 77 the
492 2256 217 77 Lord
628 2256 299 77 himelfe
845 2256 163 77 in
927 2256 190 77 the
1008 2256 136 77 Gos

203 2332 204 64 pell
330 2332 382 64 witnesseth,
635 2332 204 64 that
762 2332 153 64 in
839 2332 178 64 his
915 2332 229 64 fathers

207 2388 221 70 house
355 2388 221 70 there
502 2388 172 70 are
600 2388 196 70 many
722 2388 319 70 mansions,
967 2388 221 70 which

215 2455 160 72 he
295 2455 240 72 goeth
456 2455 160 72 to
536 2455 320 72 prepare,
776 2455 214 72 that
910 2455 214 72 they
1016 2455 134 72 may

223 2527 193 65 have
343 2527 120 65 a
391 2527 241 65 place,
560 2527 169 65 and
656 2527 289 65 although
873 2527 169 65 hee
969 2527 169 65 did
1042 2527 96 65 de

218 2582 227 87 part,
369 2582 177 87 yet
470 2582 202 87 that
597 2582 152 87 he
672 2582 253 87 woulde
849 2582 278 87 returne
1051 2582 152 87 to

216 2648 208 65 them
346 2648 287 65 againe,
555 2648 182 65 and
659 2648 208 65 take
789 2648 208 65 them
919 2648 208 65 unto
1024 2648 130 65 him

220 2715 226 70 selfe,
379 2715 181 70 that
492 2715 204 70 where
628 2715 136 70 he
696 2715 158 70 is,
786 2715 181 70 they
899 2715 181 70 also
990 2715 158 70 might

221 2773 146 72 be
294 2773 146 72 in
367 2773 170 72 the
464 2773 194 72 same
585 2773 219 72 place
731 2773 194 72 with
828 2773 146 72 him.

223 2837 315 75 Wherefore
465 2837 145 75 we
538 2837 291 75 beleeve,
756 2837 194 75 that
877 2837 242 75 Christ
1046 2837 145 75 is

217 2910 155 74 at
295 2910 206 74 rest
423 2910 155 74 in
501 2910 258 74 Heaven
681 2910 232 74 where
836 2910 155 74 he
913 2910 206 74 hath
1016 2910 129 74 pre

222 2984 203 67 pared
357 2984 113 67 a
402 2984 203 67 place
537 2984 135 67 of
604 2984 180 67 rest
717 2984 158 67 for
807 2984 135 67 us
874 2984 203 67 also,
1009 2984 135 67 to
1054 2984 90 67 re

213 3035 239 85 maine
373 3035 159 85 in
452 3035 239 85 ioies
612 3035 425 85 everlasting.
957 3035 186 85 And
1036 3035 133 85 for

1133 117 263 82 because
1324 117 167 82 our
1420 117 239 82 bodies
1588 117 215 82 shall
1731 117 167 82 not
1827 117 144 82 be
1899 117 239 82 everie

1138 185 217 75 where
1283 185 145 75 in
1355 185 338 75 felicitie,
1621 185 169 75 but
1718 185 145 75 in
1790 185 169 75 the
1887 185 242 75 onelie

1141 258 314 78 appointed
1383 258 242 78 place,
1552 258 314 78 therefore
1794 258 193 78 said
1915 258 218 78 saint

1136 331 318 65 Augustine
1380 331 245 65 truly,
1552 331 196 65 that
1674 331 245 65 Christ
1845 331 171 65 our
1943 331 196 65 Lord

1140 383 317 81 according
1384 383 147 81 to
1457 383 171 81 the
1555 383 269 81 mealure
1750 383 147 81 of
1823 383 171 81 his
1921 383 220 81 verie

1149 451 216 68 bodie
1293 451 144 68 is
1365 451 144 68 in
1438 451 192 68 some
1558 451 168 68 one
1654 451 216 68 place
1798 451 144 68 of
1871 451 265 68 heaven.

1148 513 164 70 And
1241 513 210 70 saint
1381 513 257 70 Cyprian
1569 513 234 70 saith:
1732 513 140 70 To
1802 513 164 70 sit
1896 513 140 70 at
1966 513 164 70 the

1149 583 221 64 right
1297 583 197 64 hand
1420 583 147 64 of
1493 583 172 64 the
1592 583 246 64 father
1764 583 147 64 is
1837 583 172 64 the
1911 583 172 64 myste

1143 652 172 67 rie
1242 652 148 67 of
1316 652 172 67 his
1414 652 246 67 fleshe
1587 652 222 67 taken
1734 652 197 67 uppe
1857 652 197 67 into
1956 652 123 67 Hea

1151 716 195 64 ven.

1205 759 392 94 Secondarilie
1523 759 171 94 the
1621 759 220 94 right
1767 759 196 94 hand
1890 759 147 94 of
1963 759 171 94 God
2037 759 73 94 c

1150 843 150 60 is
1225 843 175 60 put
1325 843 175 60 for
1425 843 175 60 the
1525 843 275 60 vertue,
1724 843 325 60 kingdome,
1949 843 125 60 pro

1152 901 301 72 tection,
1378 901 401 72 deliveraunce
1704 901 176 72 and
1804 901 251 72 polver
1980 901 151 72 of

1149 966 217 71 God.
1285 966 190 71 For
1393 966 245 71 David
1557 966 272 71 saith:
1747 966 190 71 The
1856 966 272 71 Lordes

1150 1034 220 71 right
1296 1034 195 71 hand
1418 1034 147 71 is
1492 1034 244 71 hight,
1663 1034 171 71 the
1760 1034 244 71 Lordes
1907 1034 171 71 right

1150 1096 218 69 hand
1286 1096 218 69 doth
1423 1096 300 69 mightie
1641 1096 328 69 thinges.
1887 1096 191 69 And
1969 1096 109 69 Mo

1146 1158 180 78 ses
1249 1158 257 78 saide,
1429 1158 180 78 Thy
1532 1158 231 78 right
1686 1158 205 78 hand
1814 1158 308 78 GOLorde)

1155 1228 142 72 is
1226 1228 285 72 mgnified
1440 1228 142 72 in
1511 1228 261 72 polver,
1701 1228 166 72 thy
1796 1228 214 72 right
1939 1228 190 72 hand

1165 1288 378 78 OLord)hath
1462 1288 270 78 broken
1652 1288 189 78 the
1760 1288 270 78 enemie
1949 1288 189 78 And

1153 1355 207 74 when
1283 1355 181 74 the
1386 1355 233 74 right
1541 1355 207 74 hand
1671 1355 155 74 is
1748 1355 181 74 put
1852 1355 155 74 in
1930 1355 207 74 this

1154 1421 211 70 sense,
1302 1421 169 70 then
1408 1421 127 70 To
1471 1421 148 70 sit
1556 1421 169 70 doth
1661 1421 254 70 signifie
1851 1421 127 70 to
1915 1421 211 70 raign,

1151 1481 138 72 to
1220 1481 275 72 deliver,
1426 1481 138 72 to
1495 1481 161 72 use
1587 1481 252 72 polver,
1771 1481 161 72 and
1863 1481 138 72 do
1931 1481 161 72 the
2000 1481 92 72 of

1158 1545 173 82 fice
1267 1545 130 82 of
1332 1545 108 82 a
1375 1545 238 82 Prince.

1230 1608 196 78 For,
1352 1608 220 78 saith
1499 1608 245 78 David:
1670 1608 171 78 The
1768 1608 220 78 Lorde
1915 1608 220 78 saide

1151 1688 211 69 into
1282 1688 158 69 my
1362 1688 264 69 Lorde,
1546 1688 185 69 sit
1652 1688 211 69 thou
1784 1688 158 69 at
1863 1688 158 69 my
1915 1688 185 69 right

1151 1740 235 84 hand,
1308 1740 209 84 till
1438 1740 131 84 I
1490 1740 209 84 make
1621 1740 235 84 thine
1778 1740 261 84 enemes
1960 1740 183 84 thy

1150 1818 468 61 footestoole.
1530 1818 205 61 And
1647 1818 205 61 the
1764 1818 321 61 Prophet
1968 1818 117 61 Za

1155 1864 262 76 charie
1338 1864 262 76 saith.
1521 1864 288 76 Beholde
1731 1864 183 76 the
1835 1864 209 76 man,
1940 1864 157 76 that

1156 1937 145 77 is
1228 1937 241 77 called
1397 1937 169 77 the
1493 1937 289 77 braunch,
1710 1937 145 77 he
1783 1937 217 77 shall
1927 1937 217 77 budde

1156 2000 160 68 out
1248 2000 137 68 of
1316 2000 160 68 his
1408 2000 229 68 place,
1568 2000 160 68 and
1660 2000 229 68 builde
1820 2000 160 68 the
1912 2000 229 68 Temple

1157 2075 147 61 of
1231 2075 172 61 the
1329 2075 245 61 Lorde,
1501 2075 172 61 and
1599 2075 221 61 sitte
1746 2075 172 61 and
1844 2075 196 61 rule
1942 2075 147 61 upon

1157 2128 175 85 his
1257 2128 274 85 throne,
1456 2128 175 85 and
1556 2128 150 85 be
1631 2128 125 85 a
1681 2128 249 85 Priost
1856 2128 225 85 uppon
1980 2128 125 85 his

1149 2200 236 70 seare.
1315 2200 142 70 In
1386 2200 189 70 this
1504 2200 213 70 sense
1645 2200 165 70 the
1740 2200 213 70 right
1881 2200 189 70 hand
2000 2200 142 70 of

1159 2266 178 59 God
1260 2266 153 59 is
1337 2266 305 59 infinite
1566 2266 178 59 and
1667 2266 331 59 contained
1922 2266 153 59 in
1998 2266 153 59 no

1158 2327 295 70 measure
1373 2327 161 70 of
1453 2327 241 70 place
1614 2327 134 70 :
1667 2327 295 70 whereas
1882 2327 188 70 wee
1962 2327 134 70 con

1160 2387 222 88 fesse,
1315 2387 178 88 that
1427 2387 156 88 our
1516 2387 200 88 Lorde
1649 2387 200 88 doeth
1783 2387 200 88 sitte
1916 2387 133 88 at
1983 2387 156 88 the

1154 2468 223 64 right
1303 2468 198 64 hand
1426 2468 148 64 of
1500 2468 173 64 the
1599 2468 272 64 father,
1797 2468 173 64 wee
1896 2468 173 64 doe
1970 2468 124 64 pro

1155 2520 234 68 fesse,
1319 2520 187 68 that
1436 2520 164 68 the
1530 2520 211 68 sonne
1670 2520 141 68 is
1740 2520 258 68 eralted
1928 2520 211 68 above

1153 2592 165 63 all
1248 2592 283 63 thinges,
1460 2592 236 63 having
1625 2592 165 63 all
1719 2592 236 63 things
1884 2592 259 63 subiect

1155 2649 254 72 under
1324 2649 198 72 him
1437 2649 283 72 selfe,
1635 2649 170 72 as
1720 2649 254 72 Paule
1889 2649 170 72 in
1946 2649 141 72 his

1151 2711 216 70 first
1295 2711 265 70 chapter
1488 2711 144 70 to
1560 2711 168 70 the
1656 2711 313 70 Ephesians
1897 2711 241 70 saith:

1154 2786 178 70 and
1255 2786 305 70 finally,
1484 2786 203 70 that
1611 2786 178 70 the
1713 2786 229 70 sonne
1865 2786 229 70 being
1992 2786 102 70 so

1159 2851 252 70 exalted
1342 2851 160 70 can
1434 2851 160 70 doe
1526 2851 160 70 all
1617 2851 252 70 things,
1800 2851 183 70 doth
1915 2851 229 70 raigne

1151 2910 161 73 in
1232 2910 188 73 the
1339 2910 376 73 universall
1634 2910 268 73 Church
1822 2910 215 73 doth
1929 2910 161 73 deli

1144 2987 193 67 ver
1255 2987 221 67 them
1393 2987 221 67 that
1531 2987 193 67 are
1642 2987 221 67 his,
1780 2987 221 67 doth
1918 2987 221 67 make

1133 3039 391 85 intercession
1450 3039 147 85 to
1524 3039 171 85 the
1622 3039 244 85 father
1793 3039 147 85 in
1866 3039 269 85 Heaven,
