2342 3270
295 158 358 93 Secondarily,
586 158 157 93 let
675 158 134 93 us
742 158 246 93 believe
921 158 179 93 that
1033 158 157 93 all

222 235 218 86 these
367 235 194 86 sins
488 235 145 86 of
560 235 194 86 ours
681 235 169 86 are
778 235 290 86 pardoned
996 235 121 86 &
1020 235 121 86 for

222 299 225 84 given
372 299 150 84 of
447 299 200 84 God,
571 299 175 84 not
671 299 175 84 for
771 299 175 84 the
846 299 299 84 acknowledg

219 370 167 66 ing
315 370 167 66 and
410 370 335 66 confessing
674 370 144 66 of
745 370 167 66 our
841 370 263 66 sinnes,
1032 370 167 66 but

225 434 157 73 for
314 434 157 73 the
404 434 202 73 merit
539 434 157 73 and
629 434 202 73 bloud
764 434 135 73 of
831 434 157 73 the
921 434 202 73 sonne
1056 434 135 73 of

218 504 180 69 God
321 504 129 69 :
373 504 180 69 not
476 504 180 69 for
579 504 180 69 our
682 504 206 69 owne
810 504 257 69 workes
991 504 154 69 or
1042 504 103 69 me

224 569 231 69 rites,
386 569 162 69 but
478 569 162 69 for
570 569 162 69 the
663 569 208 69 truth
801 569 162 69 and
894 569 231 69 mercie
1056 569 139 69 or

221 623 225 85 grace
371 623 150 85 of
446 623 200 85 God.
571 623 175 85 For
671 623 150 85 we
745 623 150 85 do
820 623 300 85 plainely
1020 623 125 85 pro

229 691 214 59 sesse,
379 691 236 59 saying:
550 691 107 59 I
593 691 236 59 believe
764 691 150 59 the
850 691 343 59 forgivenesse

227 751 138 71 of
296 751 208 71 sins:
435 751 138 71 Ve
504 751 162 71 say
596 751 185 71 not,
712 751 115 71 I
758 751 185 71 buy,
873 751 138 71 or
942 751 138 71 by
988 751 162 71 gifts

219 828 171 63 doe
316 828 196 63 get,
439 828 147 63 or
512 828 147 63 by
585 828 245 63 workes
757 828 269 63 obtaine
952 828 171 63 the
1026 828 122 63 for

228 883 293 83 givenesse
454 883 135 83 of
521 883 203 83 sins,
656 883 158 83 but
747 883 113 83 I
792 883 248 83 believe
972 883 158 83 the
1039 883 113 83 for

226 950 319 74 givenesse
472 950 147 74 of
545 950 270 74 sinnes.
741 950 172 74 And
839 950 172 74 the
937 950 221 74 worde
1060 950 98 74 re

221 1017 251 71 mission
403 1017 137 71 or
472 1017 364 71 forgivenesse
768 1017 182 71 doth
882 1017 273 71 signifie
1087 1017 114 71 a

223 1072 201 73 free
348 1072 351 73 pardoning,
624 1072 151 73 by
700 1072 125 73 a
750 1072 326 73 metaphore
975 1072 176 73 taken

226 1138 146 72 of
299 1138 316 72 creditors
542 1138 170 72 and
639 1138 292 72 debitors
858 1138 170 72 For
955 1138 170 72 the
1028 1138 122 72 cre

222 1201 216 70 ditor
366 1201 312 70 forgiveth
606 1201 168 70 the
702 1201 288 70 debitor,
917 1201 192 70 when
1037 1201 168 70 hee

225 1263 140 76 is
295 1263 163 76 not
388 1263 186 76 able
504 1263 140 76 to
574 1263 186 76 paye
690 1263 116 76 :
736 1263 302 76 therefore
946 1263 209 76 remissi

227 1334 142 74 on
298 1334 142 74 is
370 1334 119 74 a
417 1334 309 74 forgiving
655 1334 309 74 according
892 1334 142 74 to
963 1334 166 74 the
1034 1334 119 74 say

223 1395 151 65 in
298 1395 151 65 of
374 1395 176 65 our
474 1395 276 65 saviour
675 1395 151 65 in
750 1395 176 65 the
851 1395 301 65 Gospell:
1077 1395 126 65 A

231 1458 285 76 certaine
445 1458 237 76 lender
611 1458 166 76 had
706 1458 166 76 two
801 1458 309 76 debitors:
1038 1458 166 76 and

230 1532 200 74 when
355 1532 200 74 they
481 1532 200 74 were
606 1532 175 74 not
706 1532 200 74 able
831 1532 150 74 to
906 1532 226 74 paie,
1057 1532 150 74 he

223 1599 293 74 forgave
437 1599 213 74 them
570 1599 240 74 both.
730 1599 320 74 Hereunto
943 1599 213 74 belong

227 1651 162 75 eth
320 1651 185 75 that
435 1651 185 75 also
551 1651 139 75 in
621 1651 162 75 the
714 1651 209 75 Lords
853 1651 255 75 prayer:
1038 1651 162 75 And

230 1716 261 89 forgive
420 1716 142 89 us
491 1716 166 89 our
586 1716 261 89 debtes.
775 1716 166 89 For
870 1716 166 89 our
965 1716 237 89 debtes

231 1778 162 88 are
324 1778 162 88 our
416 1778 255 88 sinnes,
602 1778 185 88 them
718 1778 162 88 doe
810 1778 139 88 we
880 1778 255 88 request
1065 1778 139 88 to

229 1842 131 79 be
295 1842 284 79 remitted,
513 1842 175 79 that
622 1842 153 79 is,
709 1842 131 79 to
775 1842 131 79 be
840 1842 262 79 forgiven
1037 1842 153 79 us.

228 1909 143 85 In
300 1909 191 85 this
419 1909 215 85 sense
563 1909 215 85 also,
706 1909 215 85 saith
849 1909 143 85 S.
921 1909 215 85 Paul:
1064 1909 143 85 To

226 1974 176 80 him
326 1974 201 80 that
452 1974 276 80 worketh
652 1974 151 80 is
728 1974 176 80 the
828 1974 251 80 reward
978 1974 176 80 recko

226 2032 182 89 ned,
340 2032 159 89 not
431 2032 137 89 of
499 2032 228 89 grace,
659 2032 159 89 but
750 2032 137 89 of
818 2032 159 89 due
909 2032 205 89 debt:
1045 2032 159 89 But

233 2096 158 67 to
312 2096 184 67 him
417 2096 210 67 that
548 2096 289 67 worketh
759 2096 210 67 not,
890 2096 184 67 but
969 2096 184 67 belee

232 2164 195 89 veth
354 2164 146 89 on
427 2164 171 89 him
524 2164 195 89 that
646 2164 341 89 justifieth
914 2164 171 89 the
987 2164 171 89 ungod

226 2224 186 80 lie,
342 2224 163 80 his
435 2224 210 80 faith
575 2224 140 80 is
645 2224 256 80 counted
832 2224 163 80 for
902 2224 256 80 righteous

227 2293 251 93 nesse:
403 2293 201 93 Even
529 2293 151 93 as
604 2293 226 93 David
755 2293 352 93 describeth
1031 2293 176 93 the

225 2359 429 62 blessednesse
574 2359 161 62 of
654 2359 215 62 that
788 2359 188 62 man
896 2359 215 62 unto
1003 2359 161 62 whom

233 2421 175 68 God
333 2421 300 68 imputeth
558 2421 450 68 righteousnesse
932 2421 275 68 without

243 2507 253 69 workes,
427 2507 253 69 saying:
611 2507 253 69 Blessed
796 2507 161 69 are
888 2507 184 69 they
1003 2507 207 69 whose

231 2551 531 93 unrighteousnesse
682 2551 186 93 are
789 2551 345 93 forgiven,
1027 2551 133 93 and

236 2619 221 86 whose
384 2619 245 86 sinnes
555 2619 172 86 are
654 2619 294 86 covered.
875 2619 270 86 Blossed
1071 2619 147 86 is

233 2687 206 71 that
362 2687 180 71 man
465 2687 155 71 to
542 2687 206 71 whom
671 2687 180 71 the
774 2687 232 71 Lorde
929 2687 206 71 will
1032 2687 129 71 not

235 2743 239 88 impute
403 2743 239 88 sinne.
570 2743 311 88 Wherefore
810 2743 144 88 in
882 2743 263 88 respect
1073 2743 144 88 of

242 2813 158 84 us
321 2813 237 84 which
478 2813 210 84 have
610 2813 184 84 not
715 2813 421 84 wherewithall
1057 2813 158 84 to

241 2878 247 79 repaie,
420 2878 157 79 our
510 2878 225 79 sinnes
667 2878 157 79 are
757 2878 225 79 freely
914 2878 292 79 forgiven,

246 2943 157 79 but
335 2943 135 79 in
403 2943 247 79 respect
582 2943 135 79 of
650 2943 180 79 Gods
762 2943 247 79 justice
941 2943 180 79 they
1054 2943 157 79 are

238 3010 272 102 forgiven
442 3010 159 102 for
533 3010 159 102 the
624 3010 204 102 merit
760 3010 159 102 and
851 3010 363 102 satistaction

1241 169 300 69 Moreover,
1472 169 138 69 it
1541 169 138 69 is
1610 169 161 69 not
1702 169 161 69 the
1794 169 231 69 sinnes
1956 169 138 69 of
2025 169 115 69 a

1165 240 162 71 few
1258 240 185 71 men,
1373 240 139 71 of
1443 240 162 71 one
1536 240 139 71 or
1605 240 162 71 two
1698 240 209 71 ages,
1837 240 139 71 or
1907 240 116 71 a
1953 240 185 71 fewe

1163 302 172 75 and
1262 302 295 75 certaine
1483 302 246 75 number
1655 302 148 75 of
1729 302 197 75 sins
1852 302 172 75 are
1926 302 172 75 forgi

1164 366 154 73 ven
1252 366 220 73 onely,
1406 366 154 73 but
1494 366 154 73 the
1582 366 220 73 sinnes
1737 366 132 73 of
1803 366 154 73 all
1891 366 176 73 men,
2001 366 132 73 of

1165 428 163 72 all
1258 428 210 72 ages,
1398 428 163 72 the
1491 428 210 72 whole
1630 428 303 72 multitude
1863 428 140 72 of
1933 428 210 72 sins,

1162 503 344 67 whatsoever
1433 503 172 67 is,
1531 503 172 67 and
1629 503 147 67 is
1703 503 246 67 called
1875 503 197 67 sin,
1973 503 123 67 whe

1172 560 173 68 ther
1280 560 129 68 it
1345 560 129 68 be
1410 560 302 68 originall,
1647 560 129 68 or
1712 560 259 68 actuall,
1906 560 129 68 or
1971 560 151 68 any
2035 560 65 68 o

1171 623 175 74 ther
1280 623 197 74 else,
1412 623 131 74 to
1477 623 131 74 be
1543 623 197 74 short
1674 623 153 74 all
1761 623 219 74 sinnes
1914 623 153 74 are
1980 623 109 74 for

1165 698 221 60 given
1313 698 172 60 us.
1411 698 221 60 Which
1558 698 147 60 we
1631 698 147 60 do
1705 698 245 60 hereby
1876 698 270 60 learne,

1173 755 243 67 because
1350 755 155 67 the
1438 755 199 67 onely
1571 755 288 67 sacrifice
1792 755 133 67 of
1859 755 221 67 Christ
2014 755 133 67 is

1172 812 326 64 effectuall
1428 812 233 64 enough
1591 812 140 64 to
1661 812 186 64 wash
1778 812 186 64 away
1894 812 163 64 all
1987 812 163 64 the

1164 880 277 59 offences
1372 880 138 59 of
1441 880 162 59 all
1533 880 277 59 sinners,
1741 880 208 59 which
1879 880 138 59 by
1948 880 208 59 faith

1168 944 187 67 come
1285 944 141 67 to
1355 944 164 67 the
1449 944 234 67 mercie
1613 944 187 67 seat
1730 944 141 67 of
1800 944 187 67 Gods
1918 944 234 67 grace.

1168 1009 176 76 And
1268 1009 176 76 yet
1369 1009 151 76 by
1444 1009 201 76 this
1570 1009 151 76 we
1646 1009 176 76 doe
1746 1009 176 76 not
1847 1009 226 76 teach
1972 1009 126 76 men

1166 1080 143 74 to
1238 1080 238 74 sinne,
1404 1080 262 74 because
1595 1080 167 74 the
1690 1080 214 74 Lorde
1833 1080 191 74 hath
1952 1080 191 74 long

1169 1143 204 77 since
1306 1143 182 77 made
1419 1143 363 77 satisfaction
1714 1143 159 77 for
1805 1143 250 77 sinnes:
1987 1143 159 77 but

1176 1202 143 70 if
1248 1202 167 70 any
1343 1202 167 70 man
1438 1202 167 70 doe
1533 1202 238 70 sinne,
1700 1202 143 70 we
1771 1202 214 70 teach
1914 1202 167 70 him
2009 1202 143 70 to

1173 1269 186 68 hope
1289 1269 210 68 well,
1429 1269 163 68 and
1522 1269 163 68 not
1615 1269 140 68 to
1685 1269 303 68 despaire,
1918 1269 163 68 but
2011 1269 140 68 to

1174 1336 185 75 flee
1290 1336 139 75 to
1359 1336 162 75 the
1451 1336 231 75 throne
1613 1336 139 75 of
1683 1336 231 75 Grace.
1845 1336 162 75 For
1937 1336 208 75 there

1169 1396 133 81 we
1235 1396 177 81 say,
1346 1396 177 81 that
1457 1396 222 81 Christ
1612 1396 244 81 sitting
1790 1396 133 81 at
1856 1396 155 81 the
1945 1396 200 81 right

1180 1457 220 79 hande
1326 1457 146 79 of
1399 1457 171 79 the
1497 1457 268 79 father,
1692 1457 146 79 is
1765 1457 171 79 the
1863 1457 220 79 Lambe
2009 1457 146 79 of

1168 1528 172 79 God
1267 1528 196 79 that
1389 1528 245 79 taketh
1561 1528 196 79 away
1683 1528 172 79 the
1781 1528 196 79 fins
1904 1528 147 79 of
1977 1528 172 79 the

1165 1600 259 69 worlde.
1354 1600 165 69 And
1448 1600 141 69 in
1519 1600 165 69 the
1613 1600 235 69 Creede
1777 1600 235 69 verily
1942 1600 141 69 it
2013 1600 141 69 is

1178 1660 290 75 expresly
1395 1660 242 75 sayde:
1564 1660 121 75 I
1613 1660 266 75 believe
1806 1660 169 75 the
1879 1660 217 75 forgive

1171 1714 208 76 nesse
1310 1714 139 76 of
1379 1714 255 76 sinnes,
1564 1714 162 76 and
1657 1714 162 76 not
1750 1714 139 76 of
1819 1714 232 76 sinne.
1981 1714 162 76 For

1165 1783 226 85 when
1306 1783 169 85 we
1390 1783 197 85 say
1503 1783 169 85 of
1588 1783 310 85 sinnes,
1813 1783 169 85 we
1870 1783 226 85 acknow

1181 1847 217 84 ledge
1326 1847 193 84 that
1446 1847 169 84 God
1543 1847 313 84 forgiveth
1784 1847 169 84 all
1880 1847 265 84 finnes.

1186 1911 156 82 For
1275 1911 134 82 to
1342 1911 156 82 let
1431 1911 200 82 passe
1564 1911 156 82 the
1654 1911 245 82 proofes
1832 1911 223 82 hereof
1988 1911 156 82 out

1170 1984 138 71 of
1239 1984 161 71 the
1331 1984 138 71 2.
1400 1984 115 71 5
1446 1984 138 71 5.
1515 1984 138 71 of
1584 1984 184 71 Paul
1700 1984 138 71 to
1769 1984 161 71 the
1861 1984 276 71 Bomanes,

1174 2040 226 65 those
1325 2040 176 65 out
1425 2040 151 65 of
1500 2040 151 65 S.
1576 2040 201 65 Iohn
1701 2040 176 65 the
1802 2040 276 65 Apostle
2003 2040 126 65 &
2028 2040 75 65 E

1177 2109 295 77 nangelist
1404 2109 204 77 shall
1541 2109 136 77 be
1609 2109 318 77 susficent,
1858 2109 159 77 who
1949 2109 136 77 in
1995 2109 114 77 his

1186 2165 246 83 Epistle
1365 2165 314 83 testifieth
1611 2165 157 83 and
1701 2165 224 83 sayth:
1858 2165 157 83 The
1947 2165 202 83 bloud

1183 2230 135 87 of
1250 2230 203 87 lesus
1385 2230 225 87 Christ
1543 2230 270 87 clenseth
1745 2230 135 87 us
1813 2230 180 87 from
1925 2230 225 87 everie

1182 2295 230 74 sinne.
1343 2295 184 74 Loe,
1458 2295 138 74 he
1527 2295 207 74 saith
1665 2295 184 74 from
1780 2295 230 74 everie
1918 2295 184 74 sinne,

1185 2362 178 81 Hee,
1296 2362 111 81 I
1340 2362 178 81 say,
1451 2362 178 81 that
1563 2362 200 81 saith
1696 2362 178 81 from
1807 2362 222 81 everie
1963 2362 178 81 one,

1182 2432 278 78 excepteth
1395 2432 192 78 none,
1523 2432 235 78 unlesse
1694 2432 128 78 it
1758 2432 128 78 be
1822 2432 128 78 ye
1886 2432 192 78 which
2015 2432 128 78 ye

1184 2499 224 63 Lorde
1333 2499 273 63 himelfe
1532 2499 323 63 excepted,
1780 2499 124 63 I
1830 2499 224 63 meane
1979 2499 174 63 the

1177 2555 204 81 sinne
1313 2555 249 81 against
1495 2555 159 81 the
1585 2555 181 81 holy
1699 2555 227 81 ghost,
1858 2555 159 81 for
1948 2555 204 81 which

1173 2625 179 73 the
1276 2625 204 73 very
1403 2625 204 73 same
1531 2625 153 73 S.
1607 2625 204 73 Iohn
1735 2625 357 73 forbiddeth
2016 2625 153 73 us

1177 2684 139 87 to
1246 2684 208 87 pray.
1385 2684 231 87 Againe
1547 2684 185 87 also
1662 2684 139 87 he
1731 2684 231 87 saithr
1893 2684 139 87 If
1962 2684 139 87 we
2009 2684 92 87 ac

1184 2752 297 78 knowledge
1413 2752 160 78 our
1504 2752 251 78 sinnes,
1687 2752 160 78 God
1778 2752 137 78 is
1847 2752 297 78 faithfull

1176 2817 158 82 and
1267 2817 203 82 just,
1402 2817 136 82 to
1470 2817 249 82 forgive
1651 2817 136 82 us
1719 2817 158 82 our
1809 2817 249 82 sinnes,
1990 2817 158 82 and

1183 2871 132 79 to
1249 2871 220 79 clense
1403 2871 132 79 us
1469 2871 154 79 fro
1557 2871 154 79 all
1645 2871 154 79 our
1732 2871 418 79 unrighteousnes,

1185 2947 171 73 The
1282 2947 268 73 Apostle
1477 2947 268 73 thought
1673 2947 146 73 it
1746 2947 171 73 not
1844 2947 244 73 enough
2014 2947 146 73 to

1183 3007 165 104 say
1278 3007 259 104 barely,
1466 3007 141 104 To
1537 3007 259 104 forgive
1726 3007 141 104 us
1796 3007 165 104 our
1891 3007 259 104 sinnes,
