2342 3270
223 111 345 76 vanquished
494 111 148 76 by
568 111 419 76 concupiscence
913 111 172 76 and
1011 111 197 76 sin,

227 186 168 66 For
323 186 144 66 to
395 186 192 66 this
514 186 192 66 ende
634 186 239 66 shoote
802 186 144 66 al
874 186 168 66 the
945 186 216 66 exhorta

225 253 221 60 tions
373 253 147 60 of
446 253 172 60 the
544 253 294 60 Prophets
765 253 123 60 &
814 253 319 60 Apostles,
1034 253 123 60 cal

228 304 179 74 ling
339 304 134 74 on
407 304 201 74 still
541 304 134 74 to
608 304 246 74 returne
787 304 134 74 to
854 304 157 74 the
943 304 201 74 Lord.

299 375 288 69 Finally,
515 375 168 69 the
611 375 216 69 Lorde
755 375 192 69 doth
875 375 144 69 so
947 375 264 69 forgive

239 436 162 74 our
332 436 255 74 sinnes,
517 436 185 74 that
633 436 162 74 hee
726 436 185 74 will
841 436 209 74 never
981 436 185 74 once
1073 436 93 74 re

229 501 265 80 memder
414 501 212 80 them
547 501 292 80 againe.
759 501 186 80 For
865 501 159 80 so
944 501 159 80 he
997 501 159 80 fore

233 573 182 61 teld
347 573 136 61 us
415 573 136 61 by
483 573 204 61 Jere.
619 573 136 61 in
687 573 159 61 his
778 573 159 61 31.
869 573 182 61 cha.
982 573 136 61 He
1028 573 136 61 ther

228 634 192 68 fore
348 634 192 68 doth
468 634 168 68 not
564 634 240 68 punish
733 634 168 68 us.
829 634 168 68 For
925 634 168 68 hee
1021 634 192 68 hath

225 694 164 69 not
318 694 210 69 onely
458 694 280 69 forgiven
668 694 164 69 the
762 694 234 69 fault,
925 694 164 69 but
1019 694 187 69 also

233 760 172 75 the
332 760 344 75 punishment
602 760 172 75 aue
700 760 172 75 for
798 760 172 75 the
897 760 197 75 sin.
1020 760 197 75 Nowe

234 822 220 70 then,
380 822 268 70 whereas
575 822 171 70 the
673 822 195 70 Lord
795 822 293 70 sometime
1015 822 195 70 doth

232 882 207 84 whip
362 882 155 84 us
439 882 207 84 with
569 882 181 84 his
673 882 337 84 scourges,
932 882 181 84 and
1010 882 155 84 whip

229 953 182 74 peth
343 953 137 74 us
411 953 159 74 for
503 953 159 74 our
594 953 228 74 sinnes
753 953 251 74 indeede
935 953 114 74 :
981 953 137 74 as
1049 953 159 74 the

239 1019 214 68 holie
382 1019 310 68 Scripture
620 1019 191 68 doth
739 1019 262 68 plainly
930 1019 286 68 declare,

234 1083 155 71 hee
322 1083 177 71 doth
433 1083 133 71 it
499 1083 155 71 not
588 1083 133 71 to
654 1083 155 71 the
743 1083 243 71 intent,
920 1083 177 71 that
1030 1083 177 71 with

232 1142 171 70 our
329 1142 342 70 affliction
598 1142 171 70 wee
696 1142 269 70 shoulde
891 1142 195 70 make
989 1142 171 70 satis

228 1207 285 68 faction
435 1207 181 68 for
539 1207 181 68 the
643 1207 259 68 sinnes
824 1207 181 68 wee
928 1207 207 68 have
1031 1207 130 68 com

231 1271 270 74 mitted:
428 1271 172 74 For
526 1271 197 74 then
649 1271 246 74 should
821 1271 172 74 the
919 1271 221 74 death
1067 1271 147 74 of

232 1336 233 69 Christ
395 1336 140 69 be
465 1336 140 69 of
534 1336 186 69 none
651 1336 256 69 effect:
837 1336 163 69 but
930 1336 163 69 the
1023 1336 186 69 Lord

228 1401 191 75 with
348 1401 287 75 whipping
563 1401 215 75 doeth
707 1401 287 75 chastise
922 1401 167 75 us,
1017 1401 120 75 &
1065 1401 144 75 by

227 1470 300 64 whipping
452 1470 150 64 us
527 1470 200 64 doth
652 1470 175 64 let
752 1470 150 64 us
827 1470 375 64 understand,

228 1532 180 80 that
341 1532 158 80 hee
431 1532 225 80 liketh
589 1532 158 80 not
679 1532 135 80 of
747 1532 158 80 the
837 1532 225 80 sinnes
994 1532 203 80 which

224 1602 172 67 wee
323 1602 197 67 have
446 1602 344 67 committed,
716 1602 172 67 and
814 1602 172 67 hee
912 1602 197 67 doth
1011 1602 147 67 free

234 1665 154 67 ly
311 1665 308 67 forgive:
543 1665 154 67 By
620 1665 308 67 whipping
851 1665 154 67 us
928 1665 205 67 also
1056 1665 154 67 he

238 1728 231 69 maketh
400 1728 139 69 us
469 1728 254 69 exaples
654 1728 139 69 to
724 1728 231 69 otherr
885 1728 208 69 least
1024 1728 185 69 they

227 1795 210 63 sinne
367 1795 187 63 too,
484 1795 164 63 and
577 1795 257 63 cutteth
764 1795 187 63 from
881 1795 140 63 us
952 1795 164 63 all
1022 1795 140 63 occa

230 1854 176 76 sion
340 1854 132 76 of
406 1854 264 76 sinning,
604 1854 154 76 and
692 1854 132 76 by
759 1854 154 76 the
847 1854 220 76 Crosse
1001 1854 198 76 doeth

235 1922 220 79 keepe
381 1922 171 79 our
479 1922 294 79 patience
699 1922 147 79 in
773 1922 196 79 ure.
895 1922 196 79 This
1017 1922 196 79 thus

235 1984 225 70 farre,
392 1984 270 70 touching
594 1984 157 70 the
684 1984 315 70 forgivenes
931 1984 135 70 of
999 1984 202 70 sins,

221 2049 167 80 Of
305 2049 250 80 which
471 2049 139 80 I
527 2049 222 80 have
666 2049 222 80 said
805 2049 333 80 somewhat
1055 2049 167 80 in

233 2121 136 67 my
301 2121 227 67 sermon
460 2121 136 67 of
528 2121 204 67 faith
665 2121 182 67 that
778 2121 341 67 justifieth:
1051 2121 159 67 and

239 2179 333 79 elsewhere.

294 2238 173 76 The
393 2238 297 76 eleventh
616 2238 272 76 Article
814 2238 148 76 is
888 2238 223 76 this,
1036 2238 173 76 The

236 2315 383 64 resurrection
547 2315 144 64 of
619 2315 167 64 the
715 2315 263 64 fleshe.
906 2315 215 64 These
1049 2315 167 64 two

242 2370 308 70 Articles,
479 2370 189 70 this
598 2370 166 70 and
692 2370 166 70 the
787 2370 261 70 twelfth
977 2370 237 70 shutte

237 2440 146 58 up
310 2440 146 58 as
382 2440 267 58 briefly
577 2440 146 58 as
650 2440 170 58 may
747 2440 194 58 bee,
868 2440 170 58 the
966 2440 194 58 most
1063 2440 97 58 er

238 2504 250 72 cellent
420 2504 204 72 fruit
556 2504 136 72 of
624 2504 227 72 faith,
783 2504 159 72 and
874 2504 204 72 summe
1010 2504 136 72 of
1078 2504 136 72 al

234 2559 350 87 perfection,
514 2559 187 87 they
630 2559 187 87 wrap
747 2559 140 87 up
817 2559 117 87 I
864 2559 187 87 say,
980 2559 163 87 the
1050 2559 117 87 end

231 2628 124 64 of
293 2628 207 64 faith,
438 2628 124 64 in
500 2628 290 64 confessing
728 2628 166 64 life
832 2628 331 64 everlasting,
1101 2628 104 64 &

239 2687 155 74 the
327 2687 155 74 ful
416 2687 111 74 &
460 2687 243 74 perfect
637 2687 288 74 salvation
858 2687 133 74 of
925 2687 155 74 the
1013 2687 199 74 whole

235 2762 191 77 man.
355 2762 167 77 For
450 2762 143 77 ye
522 2762 215 77 whole
665 2762 143 77 ma
737 2762 239 77 shalbe
904 2762 239 77 saved,
1071 2762 143 77 as

235 2822 189 74 well
354 2822 142 74 in
425 2822 213 74 soule
567 2822 142 74 as
638 2822 237 74 bodie.
803 2822 166 74 For
898 2822 142 74 as
969 2822 166 74 man
1063 2822 142 74 by

242 2894 198 65 sinne
374 2894 154 65 did
462 2894 220 65 perish
617 2894 176 65 both
727 2894 132 65 in
793 2894 176 65 body
903 2894 154 65 and
992 2894 220 65 soule,

247 2950 139 76 so
316 2950 208 76 ought
455 2950 139 76 he
524 2950 139 76 to
594 2950 139 76 be
663 2950 278 76 restored
871 2950 231 76 againe
1033 2950 185 76 both

237 3013 238 93 bodily
404 3013 167 93 and
499 3013 262 93 ghostly
690 3013 119 93 :
738 3013 167 93 and
833 3013 143 93 as
905 3013 167 93 hee
1000 3013 215 93 ought

1167 97 152 83 so
1243 97 178 83 was
1344 97 178 83 hee
1446 97 152 83 by
1522 97 254 83 Christ
1699 97 304 83 restored
1902 97 203 83 againe

1168 177 173 72 The
1267 177 222 72 soule
1415 177 148 72 of
1489 177 173 72 man
1587 177 246 72 verily
1760 177 148 72 is
1834 177 123 72 a
1883 177 271 72 spirite

1170 238 156 77 and
1259 238 201 77 dieth
1393 238 156 77 not
1482 238 134 77 at
1549 238 246 77 allithe
1728 238 179 77 body
1840 238 134 77 is
1907 238 246 77 earthly

1166 312 172 64 and
1265 312 320 64 therefore
1511 312 222 64 dieth
1659 312 172 64 and
1757 312 295 64 rotteth.
1979 312 172 64 For

1170 370 235 69 which
1326 370 235 69 cause
1483 370 208 69 many
1613 370 235 69 holde
1769 370 287 69 opinion
1952 370 156 69 that

1174 433 176 62 the
1274 433 251 62 bodies
1450 433 201 62 dye,
1575 433 226 62 never
1726 433 151 62 to
1801 433 151 62 be
1876 433 201 62 made
1977 433 125 62 par

1174 499 228 68 takers
1334 499 137 68 of
1402 499 159 68 joy
1493 499 137 68 or
1561 499 205 68 payne
1698 499 137 68 in
1766 499 159 68 the
1857 499 228 68 worlde
2016 499 137 68 to

1170 559 218 69 come.
1315 559 169 69 But
1412 559 145 69 we
1484 559 145 69 in
1557 559 193 69 this
1678 559 266 69 article
1871 559 290 69 professe

1170 630 169 69 the
1267 630 315 69 contrary,
1509 630 436 69 acknowledging,
1872 630 145 69 ye
1945 630 218 69 those

1176 699 157 66 our
1265 699 247 66 bodies,
1445 699 112 66 &
1490 699 135 66 so
1557 699 180 66 that
1669 699 202 66 flesh
1804 699 135 66 of
1871 699 180 66 ours
1961 699 157 66 shall

1180 754 192 65 rise
1300 754 264 65 agayne,
1492 754 288 65 andenter
1707 754 192 65 into
1827 754 192 65 life
1923 754 192 65 everla

1181 820 194 76 sting.

1232 886 164 72 Of
1314 886 218 72 this
1450 886 218 72 word
1586 886 437 72 Resurrection
1941 886 164 72 or
1996 886 109 72 ri

1169 941 201 73 sing
1295 941 277 73 againe,
1496 941 126 73 I
1546 941 201 73 have
1672 941 252 73 spoken
1848 941 151 73 in
1924 941 176 73 the
1999 941 101 73 ex

1177 1011 279 75 position
1386 1011 140 75 of
1456 1011 186 75 that
1573 1011 279 75 article,
1782 1011 163 75 The
1875 1011 210 75 third
1992 1011 116 75 day

1172 1076 161 75 he
1253 1076 215 75 rose
1387 1076 269 75 againe
1575 1076 215 75 from
1709 1076 188 75 the
1817 1076 242 75 dead.
1978 1076 188 75 But

1166 1149 211 68 nowe
1297 1149 211 68 this
1429 1149 237 68 worde
1588 1149 264 68 fleshe
1772 1149 211 68 doth
1904 1149 132 68 a
1930 1149 185 68 great

1171 1206 217 78 deale
1316 1206 193 78 more
1436 1206 410 78 significantly
1774 1206 290 78 expresse
1991 1206 169 78 the

1171 1274 366 62 resurrection
1469 1274 137 62 of
1537 1274 183 62 this
1652 1274 252 62 fleshe,
1835 1274 183 62 than
1949 1274 137 62 if
2018 1274 137 62 we

1169 1331 228 73 should
1329 1331 160 73 say
1420 1331 160 73 the
1512 1331 365 73 resurrection
1808 1331 137 73 of
1877 1331 160 73 the
1968 1331 183 73 body

1169 1395 263 74 Verily
1353 1395 289 74 Cyprian
1563 1395 263 74 sayth,
1748 1395 211 74 that
1879 1395 158 74 in
1958 1395 211 74 some

1173 1469 290 68 churches
1390 1469 145 68 of
1463 1469 169 68 the
1559 1469 217 68 East,
1704 1469 193 68 this
1825 1469 266 68 article
1994 1469 121 68 was

1175 1523 202 77 thus
1301 1523 380 77 pronounced:
1605 1523 127 77 I
1656 1523 278 77 befeeve
1858 1523 177 77 the
1934 1523 177 77 resur

1177 1587 258 89 reetion
1364 1587 141 89 of
1434 1587 187 89 this
1552 1587 258 89 fleshe.
1762 1587 164 89 And
1856 1587 305 89 Augustine

1177 1659 186 76 also
1293 1659 139 76 in
1363 1659 163 76 the
1456 1659 209 76 tenth
1595 1659 256 76 chapter
1781 1659 139 76 of
1850 1659 163 76 his
1943 1659 209 76 booke

1167 1720 166 73 De
1250 1720 221 73 side
1388 1720 331 73 G.mholo,
1637 1720 276 73 sayth:
1830 1720 193 73 wee
1940 1720 221 73 must

1180 1791 278 66 without
1382 1791 303 66 doubting
1609 1791 303 66 beleeve,
1836 1791 202 66 that
1963 1791 202 66 this

1177 1846 264 72 visible,
1375 1846 198 72 which
1507 1846 132 72 is
1573 1846 264 72 properly
1772 1846 220 72 called
1926 1846 220 72 flesh,

1170 1911 228 70 shall
1321 1911 202 70 rise
1448 1911 278 70 againe.
1650 1911 177 70 The
1751 1911 278 70 Apostle
1953 1911 202 70 Paul

1170 1989 186 70 doth
1286 1989 233 70 seeme,
1449 1989 140 70 as
1519 1989 140 70 it
1589 1989 210 70 were,
1729 1989 186 70 with
1846 1989 163 70 his
1916 1989 186 70 finger

1169 2048 137 80 to
1238 2048 206 80 point
1375 2048 137 80 at
1444 2048 183 80 this
1558 2048 229 80 flesh,
1719 2048 183 80 when
1833 2048 160 80 hee
1925 2048 229 80 saithe

1176 2107 212 76 This
1309 2107 398 76 corruptible
1628 2107 212 76 must
1761 2107 186 76 put
1867 2107 159 76 on
1920 2107 186 76 incor

1164 2179 306 64 ruption.
1393 2179 204 64 when
1521 2179 179 64 hee
1623 2179 281 64 saieth:
1827 2179 230 64 This,
1980 2179 179 64 hee

1179 2241 207 78 doth,
1317 2241 138 78 as
1386 2241 138 78 it
1456 2241 207 78 were,
1594 2241 161 78 put
1686 2241 161 78 out
1778 2241 161 78 his
1870 2241 231 78 finger
2009 2241 92 78 un

1172 2300 140 77 to
1242 2300 186 77 this
1358 2300 233 77 flesh.
1521 2300 186 77 This
1638 2300 186 77 hath
1754 2300 326 77 Augustine.

1172 2370 389 72 Moreover,
1471 2370 269 72 Saynt
1651 2370 329 72 Hierome
1861 2370 239 72 compel

1176 2432 220 70 leth
1314 2432 248 70 John,
1479 2432 331 70 Bishoppe
1727 2432 165 70 of
1782 2432 331 70 Hierusalem

1173 2497 235 68 openly
1337 2497 141 68 to
1407 2497 282 68 confesse
1619 2497 164 68 the
1713 2497 376 68 resurrectiou
2018 2497 141 68 of

1182 2556 153 79 the
1270 2556 219 79 flesh,
1423 2556 153 79 not
1511 2556 131 79 of
1576 2556 153 79 the
1664 2556 197 79 bodie
1795 2556 219 79 onely.
1949 2556 197 79 Veshe

1179 2618 214 76 saith
1322 2618 166 76 he,
1417 2618 190 76 hath
1535 2618 166 76 one
1630 2618 356 76 definition,
1915 2618 166 76 and
1986 2618 119 76 the

1182 2684 205 71 bodie
1319 2684 136 71 an
1387 2684 227 71 other.
1546 2684 159 71 All
1637 2684 205 71 flesh
1773 2684 136 71 is
1841 2684 114 71 a
1887 2684 273 71 bodyrbut

1181 2750 257 74 everie
1361 2750 231 74 bodie
1515 2750 154 74 is
1592 2750 180 74 not
1694 2750 257 74 feshe.
1874 2750 205 74 That
2002 2750 154 74 is

1175 2810 249 96 fleshe
1349 2810 324 96 properly,
1598 2810 224 96 which
1748 2810 149 96 is
1822 2810 274 96 compact
2021 2810 149 96 of

1179 2882 249 70 bloud,
1353 2882 273 70 veynes,
1552 2882 249 70 bones,
1726 2882 174 70 and
1825 2882 298 70 synewes.

1176 2934 120 95 A
1224 2934 240 95 bodie,
1392 2934 288 95 although
1608 2934 144 95 it
1679 2934 144 95 be
1751 2934 240 95 called
1895 2934 216 95 fleshe,

1183 3012 162 90 yet
1276 3012 302 90 sometimes
1508 3012 139 90 is
1577 3012 186 90 said
1693 3012 139 90 to
1763 3012 139 90 be
1833 3012 139 90 of
1902 3012 186 90 like
1995 3012 116 90 sub
