2342 3270
209 102 197 81 love
332 102 148 81 of
406 102 172 81 God
505 102 148 81 in
578 102 148 81 us
652 102 221 81 doeth
800 102 295 81 overcome
1021 102 172 81 all

193 161 190 92 the
302 161 245 92 evils
465 161 245 92 which
628 161 353 92 otherwise
899 161 245 92 seeme
1035 161 109 92 in

197 247 335 67 vincible.
455 247 181 67 Let
558 247 155 67 us
636 247 232 67 heare
791 247 206 67 Paul
920 247 206 67 with
1049 247 129 67 a

189 295 330 88 vehement
436 295 275 88 motion
628 295 412 88 proclayming
958 295 220 88 this

195 357 175 75 and
295 357 350 75 sayingrwho
570 357 200 75 shal
695 357 300 75 separate
920 357 150 75 us
970 357 150 75 from

191 433 170 71 the
288 433 194 71 love
409 433 145 71 of
482 433 194 71 God)
603 433 218 71 shall
748 433 364 71 tribulation
1039 433 121 71 :

197 486 152 88 or
273 486 329 88 anguishey
525 486 152 88 or
601 486 405 88 persecution)
930 486 152 88 or
981 486 126 88 hun

197 553 224 84 gerdor
353 553 335 84 nakednesser
621 553 134 84 or
688 553 246 84 perilly
867 553 134 84 or
934 553 224 84 swordd

195 631 140 69 Es
265 631 140 69 it
335 631 140 69 is
405 631 280 69 written,
615 631 164 69 For
709 631 164 69 thy
802 631 187 69 sake
919 631 164 69 are
989 631 117 69 wee

194 677 224 84 killed
350 677 134 84 al
417 677 157 84 the
507 677 157 84 day
596 677 201 84 long,
731 677 157 84 and
820 677 157 84 are
910 677 246 84 counted

191 747 149 70 as
266 747 249 70 sheepe
440 747 174 70 for
539 747 423 70 theslaughter.
862 747 249 70 Neverthe

192 812 225 78 lesse,
350 812 135 78 in
418 812 158 78 all
508 812 203 78 these
643 812 248 78 thinges
823 812 135 78 we
891 812 270 78 overcome

185 885 286 66 through
393 885 182 66 him
497 885 208 66 that
627 885 234 66 loved
782 885 182 66 us.
886 885 182 66 For
990 885 130 66 I
1016 885 104 66 am

196 946 173 64 sure
305 946 173 64 that
413 946 239 64 neither
587 946 217 64 death,
738 946 152 64 nor
825 946 195 64 life,
955 946 152 64 nor
1020 946 87 64 an

194 1008 213 76 gels,
336 1008 165 76 nor
431 1008 213 76 rule,
572 1008 165 76 nor
667 1008 236 76 poler,
832 1008 165 76 nor
903 1008 213 76 thinges

200 1084 319 69 presetanor
451 1084 228 69 things
610 1084 137 69 to
678 1084 205 69 come,
815 1084 159 69 nor
906 1084 250 69 height,

190 1133 185 79 nor
295 1133 264 79 depth,
480 1133 185 79 nor
586 1133 211 79 anie
718 1133 238 79 other
850 1133 264 79 creature

187 1203 179 57 shal
298 1203 134 57 be
365 1203 179 57 able
477 1203 134 57 to
544 1203 268 57 separate
745 1203 134 57 us
812 1203 156 57 fro
901 1203 156 57 the
990 1203 179 57 love

185 1270 155 71 of
263 1270 181 71 GOD
366 1270 233 71 which
522 1270 155 71 is
600 1270 155 71 in
677 1270 259 71 Christ
859 1270 207 71 lesu
988 1270 181 71 our

183 1327 261 81 Lorde.
366 1327 313 81 Hitherto
601 1327 209 81 have
731 1327 131 81 I
784 1327 287 81 recited
992 1327 183 81 the

192 1391 230 85 words
346 1391 154 85 of
423 1391 230 85 Paul.

255 1464 178 68 The
356 1464 203 68 love
483 1464 153 68 of
560 1464 178 68 God
661 1464 305 68 woorketh
890 1464 153 68 in
966 1464 153 68 us
1043 1464 127 68 a

206 1524 183 64 will
321 1524 137 64 to
389 1524 206 64 erame
527 1524 160 64 our
618 1524 229 64 selves
779 1524 229 64 wholly
939 1524 137 64 to
1008 1524 160 64 the

199 1584 223 74 will
339 1584 195 74 and
450 1584 419 74 ordinaunces
785 1584 167 74 of
869 1584 195 74 him
953 1584 167 74 whom

196 1656 146 70 we
269 1656 170 70 doe
366 1656 291 70 heartily
584 1656 218 70 love.
730 1656 194 70 Pea,
851 1656 146 70 it
924 1656 146 70 is
972 1656 146 70 plea

191 1713 225 68 faunt
341 1713 175 68 and
441 1713 250 68 sweete
616 1713 150 68 to
691 1713 175 68 him
791 1713 200 68 that
916 1713 250 68 loveth

188 1786 202 68 God,
314 1786 151 68 to
390 1786 177 68 doe
490 1786 177 68 the
591 1786 227 68 thing
743 1786 202 68 that
869 1786 151 68 he
919 1786 202 68 percei

191 1840 176 84 veth
301 1840 132 84 is
367 1840 309 84 acceptable
610 1840 132 84 to
676 1840 154 84 God
764 1840 132 84 it
830 1840 132 84 it
897 1840 132 84 be
963 1840 198 84 done.

208 1904 153 80 He
284 1904 203 80 that
411 1904 280 80 loveth,
614 1904 229 80 doeth
767 1904 153 80 in
843 1904 229 80 minde
970 1904 153 80 reve

196 1971 230 76 rence
350 1971 179 76 him
452 1971 205 76 whom
580 1971 179 76 hee
683 1971 282 76 loveth.
888 1971 179 76 His
990 1971 179 76 eye

196 2034 142 72 is
267 2034 213 72 never
409 2034 166 72 off
504 2034 166 72 him
599 2034 189 72 whom
717 2034 166 72 hee
811 2034 260 72 loveth.
1001 2034 166 72 Hee

203 2099 193 67 doth
324 2099 266 67 alwayes
517 2099 169 67 and
614 2099 145 67 in
686 2099 169 67 all
783 2099 266 67 thinges
976 2099 193 67 wish

195 2162 170 71 for
292 2162 170 71 his
389 2162 292 71 dearling
608 2162 194 71 whom
729 2162 146 71 he
802 2162 267 71 loveth.
997 2162 170 71 His

201 2229 202 68 onely
335 2229 157 68 joy
425 2229 134 68 is
492 2229 134 68 as
559 2229 157 68 oft
649 2229 134 68 as
716 2229 157 68 may
805 2229 157 68 bee
895 2229 134 68 to
962 2229 202 68 talke

196 2294 211 73 with
327 2294 211 73 God,
459 2294 184 73 and
565 2294 264 73 agayne
749 2294 158 73 to
828 2294 237 73 heare
986 2294 184 73 the

189 2354 259 68 wordes
371 2354 156 68 of
448 2354 182 68 God
552 2354 311 68 speaking
786 2354 156 68 in
864 2354 182 68 the
941 2354 182 68 Scrip

194 2426 231 71 ture.
349 2426 180 71 For
451 2426 180 71 the
554 2426 231 71 Lorde
709 2426 154 71 in
786 2426 180 71 the
889 2426 283 71 Gospell

198 2488 229 77 saithr
359 2488 138 77 If
428 2488 161 77 any
519 2488 161 77 man
611 2488 184 77 love
726 2488 138 77 me
795 2488 138 77 he
864 2488 161 77 wil
955 2488 207 77 keepe

196 2547 147 64 my
269 2547 245 64 worde,
440 2547 147 64 he
514 2547 196 64 that
636 2547 245 64 loveth
808 2547 147 64 me
881 2547 196 64 not,
979 2547 147 64 doth

197 2610 179 76 not
300 2610 230 76 keepe
453 2610 153 76 my
529 2610 281 76 wordes.
733 2610 281 76 Agayne,
937 2610 230 76 Abide

192 2678 180 82 yee
295 2678 154 82 in
372 2678 154 82 my
449 2678 231 82 love,
603 2678 154 82 if
680 2678 180 82 yee
783 2678 231 82 keepe
937 2678 154 82 my
989 2678 128 82 com

188 2737 441 85 maundementes,
551 2737 182 85 yee
655 2737 233 85 shalk
811 2737 233 85 abide
966 2737 156 85 in
1018 2737 104 85 my

187 2801 227 87 love,
338 2801 202 87 even
464 2801 151 87 as
540 2801 126 87 l
590 2801 202 87 also
716 2801 202 87 have
843 2801 202 87 kept
969 2801 151 87 my
1019 2801 101 87 Fa

197 2868 237 62 thers
355 2868 474 62 commaundements
749 2868 184 62 and
855 2868 158 62 do
934 2868 237 62 abide

192 2923 156 78 in
270 2923 182 78 his
374 2923 233 78 love.
529 2923 182 78 And
633 2923 285 78 agayne,
841 2923 156 78 If
918 2923 182 78 any
996 2923 130 78 man

190 2994 196 100 love
313 2994 172 100 me,
411 2994 147 100 he
485 2994 196 100 will
608 2994 221 100 keepe
755 2994 147 100 my
829 2994 245 100 worde,
1000 2994 172 100 and

1107 95 149 94 my
1182 95 248 94 father
1355 95 198 94 will
1479 95 198 94 love
1602 95 198 94 him,
1726 95 173 94 and
1825 95 173 94 wee
1899 95 149 94 will

1105 166 216 88 come
1240 166 162 88 to
1321 166 189 88 him
1429 166 189 88 and
1537 166 216 88 make
1673 166 189 88 our
1781 166 324 88 dwelling

1125 233 183 82 in
1186 233 153 82 him

1185 298 183 75 But
1289 298 209 75 nowe
1420 298 183 75 let
1524 298 157 75 us
1602 298 235 75 heare
1759 298 235 75 Moses
1916 298 183 75 the

1133 365 325 70 seruaunt
1376 365 162 70 of
1458 365 189 70 God
1566 365 352 70 declaring
1837 365 189 70 and
1918 365 135 70 tea

1126 429 234 66 ching
1282 429 156 66 us
1360 429 182 66 the
1464 429 182 66 way
1568 429 182 66 and
1671 429 260 66 manner
1853 429 182 66 how
1957 429 156 66 to

1135 486 210 66 love
1266 486 210 66 GOD,
1397 486 158 66 to
1476 486 210 66 wit,
1608 486 210 66 howe
1739 486 236 66 great
1896 486 210 66 love

1131 551 218 85 ought
1276 551 145 85 to
1349 551 170 85 bee
1446 551 145 85 in
1518 551 170 85 the
1615 551 242 85 elect.
1785 551 194 85 Thou
1881 551 170 85 shalt

1138 616 219 82 saith
1284 616 170 82 he,
1381 616 195 82 love
1503 616 170 82 the
1600 616 195 82 Lord
1721 616 170 82 thy
1819 616 195 82 God,
1916 616 146 82 with

1136 677 158 86 all
1227 677 158 86 thy
1317 677 226 86 heart,
1475 677 180 86 with
1587 677 158 86 all
1678 677 158 86 thy
1768 677 226 86 soule,
1926 677 180 86 and.

1142 742 200 82 with
1267 742 175 82 all
1367 742 175 82 thy
1468 742 326 82 skrength.
1718 742 175 82 The
1818 742 200 82 very
1919 742 150 82 same

1127 810 215 68 words
1270 810 143 68 in
1342 810 119 68 a
1389 810 238 68 manner
1556 810 167 68 did
1652 810 167 68 our
1747 810 191 68 Lord
1866 810 143 68 in
1938 810 167 68 the

1130 888 261 67 Gospell
1320 888 285 67 repeate,
1534 888 166 67 and
1629 888 238 67 saide:
1796 888 190 67 Thou
1891 888 166 67 shalt

1131 935 200 80 love
1256 935 175 80 the
1356 935 226 80 Lorde
1507 935 175 80 thy
1607 935 175 80 God
1707 935 200 80 with
1833 935 175 80 all
1933 935 175 80 thy

1132 1005 226 74 heart,
1291 1005 181 74 with
1404 1005 158 74 all
1494 1005 158 74 thy
1585 1005 226 74 soule,
1743 1005 181 74 with
1856 1005 158 74 all
1947 1005 158 74 thy

1124 1067 321 84 strength,
1371 1067 173 84 and
1470 1067 197 84 with
1593 1067 173 84 all
1692 1067 173 84 thy
1791 1067 247 84 minde.
1963 1067 148 84 By

1129 1146 187 68 this
1246 1146 140 68 we
1316 1146 351 68 understande
1596 1146 187 68 that
1713 1146 164 68 the
1807 1146 304 68 greatest,

1132 1195 189 71 love
1251 1195 189 71 that
1369 1195 166 71 may
1464 1195 189 71 bee,
1582 1195 142 71 is
1653 1195 284 71 required
1866 1195 142 71 at
1937 1195 166 71 our

1141 1261 249 73 handes
1315 1261 149 73 to
1390 1261 174 73 God
1490 1261 224 73 warde
1639 1261 124 73 :
1689 1261 149 73 as
1763 1261 199 73 that
1888 1261 224 73 which

1136 1323 382 77 challengeth
1441 1323 178 77 man
1543 1323 255 77 wholly
1722 1323 178 77 how
1824 1323 229 77 bigge
1951 1323 102 77 so

1129 1393 183 75 ever
1243 1393 137 75 he
1312 1393 137 75 be
1380 1393 160 75 and
1472 1393 160 75 all
1563 1393 160 75 the
1654 1393 205 75 parts
1791 1393 137 75 of
1860 1393 160 75 man
1951 1393 160 75 as,

1143 1467 262 68 peculiar
1340 1467 175 68 unto
1449 1467 131 68 it
1514 1467 218 68 selfe.
1667 1467 131 68 In
1733 1467 153 68 the
1820 1467 196 68 monde
1951 1467 153 68 is,

1128 1527 219 70 mans
1265 1527 494 70 understanding.
1676 1527 165 70 In
1758 1527 192 70 the
1868 1527 247 70 heart

1133 1582 132 71 is
1199 1582 155 71 the
1287 1582 199 71 seate
1420 1582 132 71 of
1486 1582 155 71 his
1574 1582 309 71 affections
1817 1582 155 71 and
1883 1582 177 71 will.,

1124 1645 176 80 The
1225 1645 302 80 strength
1451 1645 151 80 of
1527 1645 176 80 man
1628 1645 353 80 contayneth
1905 1645 202 80 all,

1129 1714 197 77 mans
1252 1714 319 77 abilitie,
1498 1714 147 77 as
1572 1714 172 77 his
1670 1714 221 77 verie
1817 1714 295 77 woordes,

1135 1777 248 65 deedes,
1316 1777 293 65 counsell,
1541 1777 248 65 riches,
1721 1777 158 65 and
1811 1777 158 65 his
1901 1777 203 65 whole

1140 1836 300 69 substance.
1375 1836 257 69 Finally,
1568 1836 150 69 the
1653 1836 193 69 soule
1782 1836 128 69 is
1846 1836 150 69 the
1932 1836 171 69 life

1128 1900 167 79 of
1212 1900 222 79 man.
1350 1900 194 79 And
1461 1900 167 79 we
1545 1900 278 79 verily
1739 1900 194 79 are
1822 1900 250 79 commaun

1137 1966 163 70 ded
1230 1966 140 70 to
1300 1966 233 70 employ
1463 1966 163 70 all
1556 1966 210 70 these
1695 1966 210 70 uppon
1835 1966 163 70 the
1928 1966 186 70 love

1136 2044 151 57 of
1211 2044 201 57 God,
1337 2044 201 57 when
1462 2044 176 57 wee
1563 2044 176 57 are
1663 2044 251 57 bidden
1839 2044 151 57 to
1914 2044 201 57 love

1129 2094 171 65 God
1226 2094 195 65 with
1348 2094 171 65 all
1446 2094 171 65 our
1544 2094 244 65 soule,
1715 2094 195 65 with
1837 2094 171 65 all
1935 2094 171 65 our

1130 2159 328 69 strength,
1382 2159 202 69 with
1508 2159 176 69 our
1609 2159 227 69 whole
1760 2159 252 69 minde,
1936 2159 176 69 and

1134 2230 198 64 our
1247 2230 255 64 whole
1417 2230 283 64 heart.
1615 2230 311 64 Nothing
1841 2230 170 64 is
1897 2230 170 64 over

1132 2292 203 67 sipt,
1268 2292 158 67 but
1358 2292 158 67 all
1449 2292 136 67 is
1517 2292 181 67 cont
1630 2292 203 67 ayned
1765 2292 136 67 in
1833 2292 203 67 this.
1969 2292 136 67 We

1126 2362 173 66 are
1225 2362 197 66 Gods
1348 2362 246 66 wholly
1521 2362 123 66 &
1570 2362 370 66 altogether,
1866 2362 173 66 let
1964 2362 148 66 us

1135 2416 342 76 altogether
1403 2416 318 76 therefore
1648 2416 171 76 and
1745 2416 244 76 wholly
1916 2416 195 76 love

1133 2476 191 84 God.
1253 2476 167 84 Let
1348 2476 263 84 nothing
1539 2476 143 84 in
1611 2476 167 84 all
1707 2476 167 84 the
1802 2476 215 84 world
1946 2476 167 84 bee

1137 2548 224 60 dearer
1293 2548 134 60 to
1361 2548 134 60 us
1428 2548 179 60 than
1540 2548 179 60 God,
1652 2548 157 60 let
1741 2548 134 60 us
1809 2548 157 60 not
1898 2548 202 60 spare

1135 2608 176 75 for
1235 2608 201 75 Gods
1361 2608 201 75 sake
1486 2608 201 75 anie
1612 2608 226 75 thing
1763 2608 151 75 of
1838 2608 176 75 all
1913 2608 151 75 that

1132 2676 216 72 which
1276 2676 144 72 we
1348 2676 288 72 possesse
1564 2676 192 72 howe
1683 2676 216 72 deare
1827 2676 144 72 to
1899 2676 144 72 us
1971 2676 144 72 or

1141 2739 183 81 good
1255 2739 228 81 soever
1415 2739 228 81 itbee,
1575 2739 160 81 but
1667 2739 160 81 let
1758 2739 137 81 us
1827 2739 274 81 forsake,

1139 2811 254 63 spende,
1324 2811 162 63 and
1416 2811 185 63 give
1531 2811 138 63 it
1600 2811 162 63 for
1693 2811 185 63 Gods
1808 2811 208 63 sake,
1947 2811 162 63 and

1145 2866 146 72 as
1218 2866 170 72 the
1315 2866 194 72 Lord
1436 2866 146 72 by
1509 2866 170 72 his
1606 2866 219 72 worde
1752 2866 364 72 appointeth,

1144 2934 178 67 For
1245 2934 152 67 in
1321 2934 229 67 doing
1474 2934 152 67 so
1550 2934 152 67 we
1626 2934 203 67 love
1753 2934 178 67 God
1855 2934 254 67 before

1106 3000 112 65 an
