2342 3270
235 95 274 82 maunded
434 95 150 82 to
509 95 224 82 stick
659 95 150 82 to
733 95 174 82 God
833 95 199 82 only
958 95 125 82 &
1008 95 150 82 to
1057 95 100 82 im

231 170 227 70 brace
382 170 176 70 him
483 170 252 70 alone.
659 170 176 70 For
760 170 151 70 to
835 170 202 70 whom
961 170 151 70 we
1037 170 176 70 doe

237 227 236 77 wholly
402 227 165 77 owe
497 227 141 77 al
568 227 189 77 that
685 227 141 77 we
756 227 212 77 have,
898 227 141 77 to
968 227 165 77 him
1063 227 141 77 is

242 304 131 68 al
308 304 152 68 the
395 304 196 68 whole
525 304 305 68 sincerely,
764 304 218 68 simply
917 304 152 68 and
1004 304 196 68 fully

230 358 160 76 to
310 358 160 76 be
390 358 266 76 given.
576 358 240 76 Heere
736 358 186 76 are
843 358 213 76 they
949 358 213 76 condem

230 429 203 73 ned,
357 429 330 73 whosoever
611 429 178 73 wil
713 429 178 73 not
814 429 203 73 once
941 429 203 73 love
1043 429 127 73 God

234 488 181 70 and
337 488 181 70 the
441 488 232 70 world
595 488 335 70 together.
853 488 181 70 The
957 488 206 70 Lord
1060 488 103 70 re

228 559 284 76 quireth
435 559 181 76 the
538 559 233 76 whole
694 559 259 76 heart,
875 559 181 76 the
978 559 233 76 whole

231 620 252 73 mynde,
407 620 177 73 the
508 620 227 73 whole
660 620 252 73 soule,
836 620 177 73 and
937 620 177 73 all
1038 620 177 73 the

240 686 300 70 strength,
471 686 254 70 finally
656 686 139 70 he
725 686 300 70 requireth
956 686 162 70 all
1025 686 139 70 what

231 745 232 71 soever
393 745 139 71 we
463 745 186 71 are,
579 745 139 71 or
649 745 186 71 have
765 745 139 71 in
835 745 325 71 possession
1090 745 116 71 :

238 809 143 81 he
310 809 262 81 leaveth
500 809 262 81 nothing
691 809 310 81 therefore
930 809 167 81 for
1025 809 191 81 thee

232 875 159 69 to
312 875 292 69 bestowe
525 875 159 69 on
604 875 266 69 other.
790 875 159 69 By
870 875 212 69 what
976 875 186 69 right

231 946 192 73 then
351 946 192 73 wilt
471 946 192 73 thou
591 946 192 73 give
712 946 144 73 to
784 946 168 73 the
880 946 264 73 fleshe,
1048 946 120 73 the

230 1006 259 71 Divell,
419 1006 141 71 to
489 1006 212 71 other
630 1006 188 71 Gods
748 1006 141 71 or
818 1006 141 71 to
889 1006 165 71 the
983 1006 235 71 world:

238 1064 182 79 the
342 1064 287 79 thinges
551 1064 208 79 that
681 1064 313 79 properly
915 1064 182 79 are
1020 1064 208 79 Gods

226 1139 242 70 owne:
387 1139 188 70 And
495 1139 188 70 God
602 1139 269 70 verily
790 1139 242 70 alone
951 1139 161 70 is
1032 1139 188 70 the

235 1209 284 61 chiefest,
454 1209 284 61 eternall,
672 1209 284 61 greatest,
891 1209 306 61 mightiest,

237 1260 275 76 creator,
443 1260 321 76 deliverer,
696 1260 321 76 preserver,
948 1260 183 76 most
1039 1260 115 76 gen

236 1330 168 60 tle,
341 1330 168 60 most
446 1330 189 60 iust,
572 1330 147 60 and
656 1330 168 60 best
762 1330 126 60 of
825 1330 168 60 all.
930 1330 147 60 Jee
1014 1330 189 60 alone

221 1394 194 73 doth
342 1394 218 73 give,
488 1394 194 73 hath
609 1394 243 73 given,
779 1394 170 73 and
876 1394 146 73 is
949 1394 194 73 able
1070 1394 146 73 to

241 1455 189 74 give
359 1455 142 74 to
430 1455 165 74 man
525 1455 165 74 all
619 1455 189 74 that
737 1455 142 74 is
808 1455 307 74 erpedient
1044 1455 165 74 for

243 1518 155 70 the
332 1518 288 70 safegarde
553 1518 133 70 of
620 1518 155 70 his
709 1518 178 70 body
820 1518 155 70 and
908 1518 222 70 soule.

244 1581 183 76 God
348 1581 235 76 alone
505 1581 209 76 doth
636 1581 313 76 minister
871 1581 157 76 to
949 1581 183 76 man
1027 1581 131 76 abi

239 1645 207 82 litie
377 1645 138 82 to
446 1645 184 82 live
561 1645 184 82 well
676 1645 161 82 and
768 1645 299 82 blessedly
998 1645 115 82 :
1044 1645 161 82 and

241 1718 318 69 therefore
485 1718 171 69 God
583 1718 318 69 deserueth
828 1718 147 69 to
901 1718 171 69 bee
999 1718 220 69 loved

249 1769 223 82 alone,
405 1769 156 82 and
494 1769 179 82 that
606 1769 156 82 too
695 1769 223 82 before
851 1769 156 82 and
941 1769 201 82 above
1075 1769 134 82 al

235 1850 220 70 other
381 1850 293 70 thinges.
601 1850 195 70 This
723 1850 195 70 love
845 1850 147 70 of
919 1850 171 70 God
1016 1850 195 70 doth

244 1909 224 70 blesse
400 1909 157 70 all
490 1909 157 70 the
579 1909 179 70 haps
691 1909 157 70 and
781 1909 246 70 chances
960 1909 134 70 of
1027 1909 179 70 men,

243 1984 169 64 and
339 1984 265 64 turneth
532 1984 193 64 them
653 1984 145 64 to
726 1984 217 64 their
870 1984 290 64 profite,
1063 1984 97 64 ac

230 2046 277 58 cording
431 2046 151 58 to
507 2046 202 58 that
633 2046 277 58 saying,
834 2046 151 58 To
910 2046 202 58 them
1011 2046 151 58 that

234 2101 205 65 love
363 2101 180 65 God
465 2101 180 65 all
568 2101 283 65 thinges
774 2101 231 65 worke
928 2101 180 65 for
1031 2101 180 65 the

242 2158 210 83 best.
382 2158 186 83 This
498 2158 186 83 love
615 2158 140 83 of
685 2158 163 83 God
778 2158 186 83 also
894 2158 326 83 containeth

243 2235 201 58 this,
376 2235 178 58 that
488 2235 134 58 it
555 2235 290 58 suffereth
778 2235 134 58 us
845 2235 156 58 not
934 2235 134 58 to
1001 2235 223 58 honor,

238 2298 281 72 worship,
448 2298 328 72 reverence,
706 2298 234 72 feare,
870 2298 140 72 or
940 2298 164 72 cal
1010 2298 164 72 uppon

246 2367 176 63 any,
356 2367 243 63 neither
533 2367 132 63 to
599 2367 198 63 trust
731 2367 154 63 in,
819 2367 176 63 obey
929 2367 132 63 or
996 2367 220 63 sticke

242 2420 142 75 to
313 2420 166 75 any
408 2420 237 75 other,
574 2420 166 75 but
669 2420 142 75 to
740 2420 166 75 the
834 2420 166 75 one
929 2420 166 75 and
1024 2420 189 75 only

245 2495 187 60 God,
361 2495 140 60 to
431 2495 187 60 whom
548 2495 140 60 al
618 2495 210 60 glory
758 2495 140 60 is
828 2495 187 60 due.

349 2554 173 66 But
448 2554 173 66 now
547 2554 248 66 before
721 2554 149 66 we
795 2554 248 66 speake
969 2554 149 66 of
1043 2554 173 66 the

257 2613 182 70 love
371 2613 137 70 of
439 2613 159 70 our
530 2613 319 70 neighbour,
781 2613 137 70 it
849 2613 137 70 is
918 2613 296 70 requisite

249 2676 185 69 that
364 2676 162 69 wee
457 2676 208 69 first
595 2676 208 69 shewe
734 2676 162 69 who
826 2676 138 69 it
895 2676 138 69 is
964 2676 185 69 that
1080 2676 138 69 is

239 2751 176 69 our
339 2751 351 69 neighbour,
615 2751 301 69 touching
841 2751 226 69 which
991 2751 125 69 I
1042 2751 176 69 see

249 2812 209 69 some
380 2812 183 69 men
484 2812 157 69 to
563 2812 236 69 doubt
720 2812 183 69 and
825 2812 262 69 sticke
982 2812 183 69 uncer

245 2873 282 74 tainely.
457 2873 165 74 For
551 2873 188 74 some
669 2873 212 74 there
810 2873 165 74 are
904 2873 188 74 that
1022 2873 188 74 take

245 2938 202 76 their
379 2938 314 76 kinffolkes
626 2938 135 76 to
694 2938 135 76 be
761 2938 202 76 their
896 2938 314 76 neighbors,

239 2994 220 101 Other
385 2994 195 101 some
507 2994 220 101 there
654 2994 171 101 are
752 2994 195 101 that
874 2994 244 101 thinke
1020 2994 147 101 that

1180 94 211 88 their
1320 94 352 88 benefactors
1602 94 164 88 are
1696 94 211 88 their
1837 94 329 88 neighbors,

1177 172 257 73 &iudge
1357 172 206 73 them
1486 172 335 73 strangers
1744 172 206 73 that
1872 172 180 73 doe
1950 172 154 73 them

1171 235 177 64 any
1272 235 228 64 harm.
1424 235 177 64 But
1525 235 177 64 our
1627 235 203 64 Lord
1753 235 228 64 Jesus
1905 235 253 64 Christ

1178 295 242 79 telleth
1354 295 154 79 us,
1442 295 176 79 that
1552 295 198 79 every
1684 295 176 79 one,
1794 295 176 79 yea,
1904 295 220 79 though

1181 365 142 72 he
1252 365 142 72 be
1324 365 166 72 our
1418 365 237 72 enemie
1584 365 142 72 is
1656 365 403 72 neverthelesse
1987 365 166 72 our

1180 434 318 66 neighbour,
1430 434 136 66 if
1498 434 159 66 hee
1589 434 204 66 stand
1725 434 136 66 in
1793 434 204 66 neede
1929 434 136 66 of
1998 434 159 66 our

1184 494 179 61 aide
1295 494 134 61 or
1362 494 290 61 counsell.
1586 494 156 61 For
1675 494 134 61 he
1742 494 290 61 imagineth
1965 494 134 61 ye
2032 494 112 61 a

1179 554 228 71 Jewe,
1331 554 304 71 lighting
1559 554 228 71 among
1711 554 279 71 theeves
1914 554 177 71 and
1990 554 101 71 li

1176 617 178 77 yng
1277 617 153 77 on
1354 617 178 77 the
1455 617 203 77 high
1582 617 178 77 way
1684 617 229 77 halfe
1836 617 229 77 dead,
1989 617 178 77 and

1172 682 294 75 covered
1386 682 214 75 with
1520 682 294 75 woundes
1734 682 187 75 and
1841 682 321 75 swelling

1179 741 196 71 drye
1302 741 270 71 blowes,
1498 741 172 71 was
1596 741 172 71 not
1694 741 294 71 regarded
1915 741 147 71 of
1988 741 172 71 his

1173 812 205 68 owne
1302 812 308 68 countrey
1533 812 205 68 men,
1661 812 128 68 a
1712 812 282 68 Levite,
1918 812 180 68 and
2020 812 154 68 a.

1181 879 233 69 Priest
1344 879 186 69 that
1460 879 233 69 passed
1623 879 140 69 by
1693 879 186 69 him,
1809 879 163 69 but
1902 879 140 69 at
1972 879 186 69 last

1181 932 191 69 was
1290 932 245 69 taken
1453 932 164 69 up
1535 932 191 69 and
1644 932 273 69 healed
1835 932 164 69 by
1917 932 136 69 a
1944 932 164 69 Sama

1173 1002 296 81 ritane.
1388 1002 188 81 Now
1496 1002 242 81 there
1657 1002 188 81 was
1765 1002 134 81 a
1818 1002 269 81 deadly
1980 1002 134 81 eni

1178 1068 247 73 mitie
1342 1068 329 73 betweene
1589 1068 192 73 the
1699 1068 247 73 Jewes
1864 1068 192 73 and
1974 1068 192 73 the

1178 1132 433 73 Samaritanes:
1530 1132 190 73 yet
1638 1132 515 73 notwithstanding

1179 1207 201 65 this
1304 1207 352 65 Samaritane
1581 1207 201 65 doth
1706 1207 201 65 good
1832 1207 151 65 to
1907 1207 176 65 the
1982 1207 126 65 Jew

1177 1262 286 72 because
1385 1262 156 72 he
1463 1262 182 72 saw
1567 1262 208 72 that
1698 1262 182 72 the
1802 1262 208 72 case
1932 1262 182 72 and
2010 1262 104 72 ne

1184 1326 272 67 cessitie
1388 1326 136 67 of
1456 1326 159 67 the
1547 1326 295 67 afflicted
1774 1326 159 67 man
1865 1326 181 67 did,
1978 1326 136 67 so
2023 1326 91 67 re

1174 1391 269 80 quire.
1362 1391 215 80 Nowe
1497 1391 349 80 therefore
1766 1391 188 80 the
1873 1391 242 80 Lorde
2007 1391 108 80 ap

1178 1460 265 70 plying
1363 1460 212 70 this
1495 1460 159 70 to
1575 1460 185 70 his
1680 1460 212 70 owne
1813 1460 291 70 purpose
1998 1460 106 70 de

1178 1526 257 68 maunded
1365 1526 140 68 of
1435 1526 187 68 him,
1551 1526 187 68 that
1668 1526 257 68 desired
1855 1526 140 68 to
1925 1526 234 68 learne

1179 1583 178 73 who
1280 1583 178 73 was
1382 1583 178 73 his
1483 1583 355 73 neighbour,
1762 1583 178 73 and
1864 1583 279 73 sayeth,

1179 1651 204 66 which
1315 1651 136 66 of
1383 1651 204 66 these
1519 1651 204 66 three
1655 1651 249 66 seemeth
1836 1651 136 66 to
1903 1651 181 66 thee
2017 1651 136 66 to

1182 1714 199 76 have
1307 1714 224 76 beene
1456 1714 199 76 this
1580 1714 199 76 mans
1705 1714 348 76 neighbour,
1979 1714 174 76 Hee

1172 1779 389 78 aunsweared,
1483 1779 181 78 Hee
1587 1779 207 78 that
1716 1779 259 78 shewed
1898 1779 259 78 mercy.

1179 1841 219 71 Then
1316 1841 219 71 said
1453 1841 192 71 the
1562 1841 247 71 Lord,
1726 1841 192 71 Goe
1836 1841 219 71 thou
1973 1841 192 71 and

1176 1906 151 76 doe
1263 1906 151 76 the
1349 1906 194 76 like.
1500 1906 129 76 As
1565 1906 129 76 if
1629 1906 129 76 he
1694 1906 216 76 should
1845 1906 173 76 have
1953 1906 194 76 said,

1177 1976 214 59 like
1311 1976 160 59 as
1391 1976 187 59 the
1498 1976 374 59 samaritane
1792 1976 267 59 iudged
1953 1976 160 59 even

1178 2035 177 65 his
1279 2035 228 65 enimy
1431 2035 152 65 to
1507 2035 177 65 bee
1608 2035 177 65 his
1709 2035 354 65 neighbour,
1987 2035 177 65 and

1183 2100 216 70 dealt
1327 2100 288 70 friendly
1543 2100 192 70 with
1663 2100 168 70 him
1759 2100 192 70 when
1879 2100 144 70 he
1951 2100 216 70 stood

1184 2165 134 72 in
1251 2165 200 72 neede
1384 2165 134 72 of
1451 2165 156 72 his
1540 2165 379 72 friendshippe:
1852 2165 134 72 so
1919 2165 156 72 see
1985 2165 134 72 that

1188 2231 196 62 thou
1310 2231 196 62 take
1432 2231 220 62 every
1579 2231 171 62 one
1677 2231 196 62 that
1799 2231 269 62 needeth
1995 2231 171 62 thy

1184 2295 216 72 helpe
1328 2295 144 72 to
1400 2295 168 72 bee
1496 2295 168 72 thy
1592 2295 336 72 neighbour,
1856 2295 168 72 and
1952 2295 144 72 do
2000 2295 120 72 him

1176 2364 221 72 good.
1324 2364 295 72 Aurelius
1545 2364 320 72 Augustine
1791 2364 320 72 therfore,
2013 2364 98 72 ac

1178 2422 258 72 cording
1365 2422 141 72 to
1435 2422 164 72 the
1529 2422 211 72 right
1670 2422 211 72 sense
1810 2422 141 72 of
1881 2422 164 72 the
1951 2422 164 72 Scrip

1185 2482 194 74 ture
1306 2482 243 74 sayde,
1476 2482 170 74 wee
1573 2482 194 74 take
1695 2482 170 74 him
1792 2482 146 74 to
1865 2482 170 74 bee
1962 2482 170 74 our

1169 2560 414 62 neighbour,
1494 2560 177 62 to
1583 2560 236 62 whom
1731 2560 207 62 wee
1849 2560 236 62 shew
1967 2560 148 62 mer

1178 2623 155 65 cy
1256 2623 207 65 when
1385 2623 233 65 neede
1541 2623 363 65 requireth,
1826 2623 155 65 or
1904 2623 155 65 to
1956 2623 155 65 whom

1184 2674 146 82 we
1257 2674 244 82 should
1428 2674 195 82 shew
1550 2674 244 82 mercy,
1721 2674 146 82 if
1794 2674 146 82 at
1867 2674 171 82 any
1965 2674 195 82 time

1186 2744 176 74 hee
1286 2744 251 74 should
1462 2744 251 74 neede.
1638 2744 176 74 Wee
1739 2744 302 74 Suitlers
1965 2744 201 74 doe.

1186 2802 186 87 most
1302 2802 279 87 properly
1511 2802 279 87 expresse
1721 2802 163 87 it,
1814 2802 186 87 when
1930 2802 140 87 we
1976 2802 140 87 call

1176 2863 196 83 our
1288 2863 392 83 neighbour,
1596 2863 196 83 Den
1708 2863 336 83 nachsten
1932 2863 168 83 mens

1185 2932 222 69 chen,
1333 2932 197 69 that
1457 2932 173 69 is,
1555 2932 173 69 any
1654 2932 173 69 man
1753 2932 271 69 without
1925 2932 173 69 diffe

1189 2996 218 102 rence
1334 2996 316 102 whosoever
1577 2996 146 102 by
1650 2996 170 102 hap
1747 2996 218 102 shall
1893 2996 218 102 light
2014 2996 97 102 in
