<?xml version="1.0" encoding="UTF-8" standalone="yes"?>
<PcGts xmlns="http://schema.primaresearch.org/PAGE/gts/pagecontent/2013-07-15" xmlns:xsi="http://www.w3.org/2001/XMLSchema-instance" xsi:schemaLocation="http://schema.primaresearch.org/PAGE/gts/pagecontent/2013-07-15 http://schema.primaresearch.org/PAGE/gts/pagecontent/2013-07-15/pagecontent.xsd">
    <Metadata>
        <Creator>prov=University of Rostock/Institute of Mathematics/CITlab|PLANET AI GmbH/Gundram Leifert/gundram.leifert@planet-ai.de:name=Badius1518-m1(htr_id=19869)::::v=2.6.0
prov=University of Rostock/Institute of Mathematics/CITlab|PLANET AI GmbH/Tobias Gruening/tobias.gruening@planet-ai.de:name=de.uros.citlab.module.baseline2polygon.B2PSeamMultiOriented:v=2.6.0
prov=University of Rostock/Institute of Mathematics/CITlab|PLANET AI GmbH/Tobias Gruening/tobias.gruening@planet-ai.de:name=/net_tf/LA73_249_0mod360.pb:de.uros.citlab.segmentation.CITlab_LA_ML:v=2.6.0
Transkribus</Creator>
        <Created>2019-12-09T23:46:10.104+01:00</Created>
        <LastChange>2019-12-22T19:59:20.088+01:00</LastChange>
        <TranskribusMetadata docId="291873" pageId="11634201" pageNr="46" tsid="21375632" status="DONE" userId="25065" imgUrl="https://files.transkribus.eu/Get?id=BYYXPXHNINQIIIVHXRCNHYZY&amp;fileType=view" xmlUrl="https://files.transkribus.eu/Get?id=DUHJECYNVAYUNKTAHCFCARIZ" imageId="8013242"/>
    </Metadata>
    <Page imageFilename="45.jpg" imageWidth="2443" imageHeight="3772">
        <ReadingOrder>
            <OrderedGroup id="ro_1577046359074" caption="Regions reading order">
                <RegionRefIndexed index="0" regionRef="r1"/>
            </OrderedGroup>
        </ReadingOrder>
        <TextRegion orientation="0.0" id="r1" custom="readingOrder {index:0;}">
            <Coords points="496,283 494,3251 2226,3251 2228,283"/>
            <TextLine id="r1l2" custom="readingOrder {index:0;}">
                <Coords points="489,350 2223,356 2223,291 2083,265 1683,309 489,287"/>
                <Baseline points="499,340 584,342 670,343 756,343 841,344 927,345 1013,345 1098,345 1184,345 1270,346 1356,346 1441,345 1527,345 1613,345 1698,344 1784,344 1870,343 1955,343 2041,342 2127,342 2213,341"/>
                <TextEquiv>
                    <Unicode>in ea succedat formae a qua informabatur prius. Cum igitur ponebant animam Christi immediate perficere materiam</Unicode>
                </TextEquiv>
            </TextLine>
            <TextLine id="r1l3" custom="readingOrder {index:1;}">
                <Coords points="489,422 2229,405 2229,358 2143,353 489,357"/>
                <Baseline points="499,397 589,398 679,399 770,399 860,400 951,400 1041,400 1132,401 1222,401 1313,401 1403,401 1494,401 1584,401 1675,401 1765,400 1856,400 1946,400 2037,399 2127,399 2218,398"/>
                <TextEquiv>
                    <Unicode>corporalem eius sine alia forma media substantialitatis vel corporalitatis: &amp; ipsam separari ab illa in morte</Unicode>
                </TextEquiv>
            </TextLine>
            <TextLine id="r1l4" custom="readingOrder {index:2;}">
                <Coords points="488,472 2058,480 2229,462 2229,406 488,422"/>
                <Baseline points="499,452 585,453 671,454 757,454 843,455 929,455 1015,455 1101,456 1187,456 1273,456 1359,456 1445,456 1531,456 1617,456 1703,455 1789,455 1875,455 1961,455 2047,455 2133,455 2219,455"/>
                <TextEquiv>
                    <Unicode>Christi: non potuerunt non ponere aliquam formam substantialem succedere animae in materia corporis Christi: &amp;</Unicode>
                </TextEquiv>
            </TextLine>
            <TextLine id="r1l5" custom="readingOrder {index:3;}">
                <Coords points="493,525 2109,536 2225,523 2225,462 493,474"/>
                <Baseline points="505,509 590,510 675,510 761,511 846,511 932,511 1017,511 1103,511 1188,512 1274,512 1359,512 1444,512 1530,511 1615,511 1701,511 1786,511 1872,511 1957,510 2043,510 2128,510 2214,509"/>
                <TextEquiv>
                    <Unicode>per consequens non poterunt non ponere quin corpus Curisti mortuum aequiuoce erat corpus cum eo quid prius</Unicode>
                </TextEquiv>
            </TextLine>
            <TextLine id="r1l6" custom="readingOrder {index:4;}">
                <Coords points="491,573 2232,574 2204,517 491,523"/>
                <Baseline points="503,566 593,566 683,566 774,566 864,566 955,566 1045,566 1136,566 1226,565 1317,565 1407,565 1498,565 1588,565 1679,565 1769,565 1860,565 1950,565 2041,565 2131,565 2222,566"/>
                <TextEquiv>
                    <Unicode>erat viuum. Aut ergo necesse habebunt aliquid ex suis fundamentis suppositis destruere: aut scilicet quod anima ra</Unicode>
                </TextEquiv>
            </TextLine>
            <TextLine id="r1l7" custom="readingOrder {index:5;}">
                <Coords points="493,627 2226,643 2226,574 493,577"/>
                <Baseline points="505,621 590,621 675,620 761,620 846,620 932,620 1017,620 1103,620 1188,620 1274,620 1359,620 1444,620 1530,620 1615,620 1701,620 1786,620 1872,620 1957,620 2043,619 2128,619 2214,619"/>
                <TextEquiv>
                    <Unicode>tionalis non immediate perficit materiam: sed mediante aliquam forma substantialitatis aut corporalitatis: &amp; etiam ali</Unicode>
                </TextEquiv>
            </TextLine>
            <TextLine id="r1l8" custom="readingOrder {index:6;}">
                <Coords points="495,683 2221,688 2221,643 2072,630 495,632"/>
                <Baseline points="505,677 590,676 675,676 760,675 846,675 931,675 1016,675 1101,675 1187,675 1272,675 1357,675 1442,675 1528,675 1613,675 1698,675 1783,675 1869,676 1954,676 2039,676 2124,676 2210,676"/>
                <TextEquiv>
                    <Unicode>cuius commixtionis quae possit manere in materia: vt sub illa materia subsistat ad separationem animae: aut quod ma</Unicode>
                </TextEquiv>
            </TextLine>
            <TextLine id="r1l9" custom="readingOrder {index:7;}">
                <Coords points="498,744 2204,752 2225,687 498,694"/>
                <Baseline points="508,732 593,731 678,730 764,730 849,729 934,729 1020,729 1105,729 1190,729 1276,729 1361,729 1446,729 1532,730 1617,730 1702,730 1788,730 1873,730 1958,730 2044,730 2129,729 2215,729"/>
                <TextEquiv>
                    <Unicode>teria possit per se subsistere sine substantiali forma: vel oportebit eos in illa sua opinione immobiliter perseuera-</Unicode>
                </TextEquiv>
            </TextLine>
            <TextLine id="r1l10" custom="readingOrder {index:8;}">
                <Coords points="490,808 2135,806 2222,752 490,756"/>
                <Baseline points="500,790 585,789 671,788 756,787 842,786 927,786 1013,785 1098,785 1184,785 1269,785 1355,785 1441,785 1526,785 1612,785 1697,785 1783,786 1868,786 1954,786 2039,786 2125,786 2211,786"/>
                <TextEquiv>
                    <Unicode>re. SED quaerunt an sit necessitas aliqua ponendi corpus Christi in sepulcro non fuisse informatum aliquae for</Unicode>
                </TextEquiv>
            </TextLine>
            <TextLine id="r1l11" custom="readingOrder {index:9;}">
                <Coords points="495,861 2124,867 2217,854 2217,796 495,809"/>
                <Baseline points="505,842 590,842 675,841 760,841 845,840 930,840 1015,840 1100,840 1185,840 1270,840 1355,840 1440,840 1525,840 1610,840 1695,840 1780,841 1865,841 1950,841 2035,841 2120,841 2205,841"/>
                <TextEquiv>
                    <Unicode>ma substantiali noua qua prius non erat informatum. Et potest eis dici quod sic: quia aliter non esset idem corpus quid </Unicode>
                </TextEquiv>
            </TextLine>
            <TextLine id="r1l12" custom="readingOrder {index:10;}">
                <Coords points="482,919 2225,910 2161,854 482,858"/>
                <Baseline points="494,898 580,897 666,897 752,896 838,896 924,895 1010,895 1096,895 1182,895 1268,895 1354,895 1440,895 1526,895 1612,895 1698,895 1784,895 1870,896 1956,896 2042,896 2128,897 2214,897"/>
                <TextEquiv>
                    <Unicode>prius nisi aequiuoce perfecta &amp; completa aequiuocatione. vt patet ex fine quarti Meteororum. &amp; tamen fides tenet quod </Unicode>
                </TextEquiv>
            </TextLine>
            <TextLine id="r1l13" custom="readingOrder {index:11;}">
                <Coords points="495,971 2141,978 2225,967 2225,909 495,919"/>
                <Baseline points="505,952 590,952 676,952 761,951 847,951 932,950 1018,950 1103,950 1189,949 1274,949 1360,949 1445,949 1531,949 1616,949 1702,950 1787,950 1873,950 1958,951 2044,952 2129,953 2215,955"/>
                <TextEquiv>
                    <Unicode>persona Christi id idem corpus vniuoce numero quid assumpsit mediante anima, nunquam dimisit anima ab illo corpore</Unicode>
                </TextEquiv>
            </TextLine>
            <TextLine id="r1l14" custom="readingOrder {index:12;}">
                <Coords points="493,1014 2191,1033 2217,961 493,973"/>
                <Baseline points="505,1007 590,1007 675,1006 760,1006 845,1005 930,1005 1015,1004 1100,1004 1185,1004 1270,1003 1356,1003 1441,1003 1526,1003 1611,1003 1696,1003 1781,1004 1866,1004 1951,1005 2036,1006 2121,1007 2207,1008"/>
                <TextEquiv>
                    <Unicode>separata. Nec restat de dubio nisi an mansit aliqua forma substantialitatis &amp; corporeitatis, mediante qua</Unicode>
                </TextEquiv>
            </TextLine>
            <TextLine id="r1l15" custom="readingOrder {index:13;}">
                <Coords points="493,1070 2219,1077 2147,1016 493,1023"/>
                <Baseline points="505,1062 590,1061 675,1061 760,1061 845,1060 931,1060 1016,1059 1101,1059 1186,1059 1271,1059 1357,1058 1442,1058 1527,1058 1612,1058 1697,1059 1783,1059 1868,1060 1953,1060 2038,1061 2123,1062 2209,1063"/>
                <TextEquiv>
                    <Unicode>anima perficiebat primam materiam, contra secundum fundamentum illorum: an ipsa materia nuda ab omni forma substan </Unicode>
                </TextEquiv>
            </TextLine>
            <TextLine id="r1l16" custom="readingOrder {index:14;}">
                <Coords points="490,1128 2231,1129 2231,1081 2097,1070 490,1066"/>
                <Baseline points="500,1115 586,1115 672,1115 758,1115 844,1115 930,1115 1016,1115 1102,1114 1188,1114 1274,1113 1360,1113 1446,1113 1532,1113 1618,1112 1704,1112 1790,1113 1876,1113 1962,1113 2048,1114 2134,1115 2220,1116"/>
                <TextEquiv>
                    <Unicode>tiali stetit habens partes suas substantiales extensas sub partibus quantitatis extensis, contra primum fundamen</Unicode>
                </TextEquiv>
            </TextLine>
            <TextLine id="r1l17" custom="readingOrder {index:15;}">
                <Coords points="498,1178 2222,1181 2204,1125 498,1126"/>
                <Baseline points="509,1170 594,1170 679,1170 764,1170 849,1170 934,1170 1019,1169 1105,1169 1190,1169 1275,1169 1360,1168 1445,1168 1530,1168 1615,1168 1701,1168 1786,1168 1871,1168 1956,1169 2041,1169 2126,1170 2212,1171"/>
                <TextEquiv>
                    <Unicode>tum praedictorum: &amp; videtur quod vterque istorum modorum magis sit consonus fidei &amp; dignitati Christi quam modus il</Unicode>
                </TextEquiv>
            </TextLine>
            <TextLine id="r1l18" custom="readingOrder {index:16;}">
                <Coords points="499,1236 2229,1250 2229,1181 499,1178"/>
                <Baseline points="509,1226 594,1226 679,1225 765,1225 850,1225 936,1225 1021,1224 1107,1224 1192,1224 1278,1224 1363,1223 1448,1223 1534,1223 1619,1223 1705,1223 1790,1223 1876,1223 1961,1224 2047,1224 2132,1225 2218,1225"/>
                <TextEquiv>
                    <Unicode>lorum. Contrario enim modo est quasi illorum annexum determinato articulo fidei quam sacra seriptura dictat vt vi</Unicode>
                </TextEquiv>
            </TextLine>
            <TextLine id="r1l19" custom="readingOrder {index:17;}">
                <Coords points="499,1286 2229,1292 2177,1234 499,1236"/>
                <Baseline points="509,1280 594,1280 679,1280 765,1280 850,1280 936,1280 1021,1279 1107,1279 1192,1279 1278,1278 1363,1278 1448,1278 1534,1278 1619,1278 1705,1278 1790,1278 1876,1278 1961,1278 2047,1278 2132,1278 2218,1279"/>
                <TextEquiv>
                    <Unicode>detur cum Dauid loquens in persona Christi loquentis ad patrem de anima sua descedente ad limbum &amp; de corpore suo</Unicode>
                </TextEquiv>
            </TextLine>
            <TextLine id="r1l20" custom="readingOrder {index:18;}">
                <Coords points="506,1351 2229,1353 2199,1290 506,1290"/>
                <Baseline points="517,1335 602,1335 687,1335 772,1334 857,1334 942,1334 1027,1333 1112,1333 1197,1333 1282,1332 1368,1332 1453,1332 1538,1332 1623,1331 1708,1331 1793,1332 1878,1332 1963,1332 2048,1333 2133,1334 2219,1335"/>
                <TextEquiv>
                    <Unicode>iacente in sepulcro ait in psal. Caro mea requiescet in spe: quoniam non dereliques animam meam in inferno, nec</Unicode>
                </TextEquiv>
            </TextLine>
            <TextLine id="r1l21" custom="readingOrder {index:19;}">
                <Coords points="502,1403 2221,1400 2176,1344 502,1351"/>
                <Baseline points="513,1388 597,1388 682,1388 767,1388 852,1388 937,1387 1022,1387 1107,1387 1192,1387 1277,1387 1362,1387 1446,1387 1531,1387 1616,1387 1701,1387 1786,1387 1871,1387 1956,1387 2041,1387 2126,1388 2211,1388"/>
                <TextEquiv>
                    <Unicode>dabis sanctum tuum videre corruptionem. vbi dicit glo. Caro mea requiescet: hoc est dormiet somno mor-</Unicode>
                </TextEquiv>
            </TextLine>
            <TextLine id="r1l22" custom="readingOrder {index:20;}">
                <Coords points="507,1455 2185,1460 2228,1400 507,1410"/>
                <Baseline points="517,1444 602,1443 687,1443 772,1443 857,1443 942,1442 1027,1442 1112,1442 1197,1442 1282,1442 1367,1442 1452,1442 1537,1442 1622,1442 1707,1442 1792,1442 1877,1442 1962,1442 2047,1442 2132,1442 2217,1442"/>
                <TextEquiv>
                    <Unicode>tis in spe resurrectionis: quia nec anima mea inferno possidenda dabitur more aliorum: nec corpus meum sanctum tuum</Unicode>
                </TextEquiv>
            </TextLine>
            <TextLine id="line_1577039213628_89" custom="readingOrder {index:21;}">
                <Coords points="508,1522 2223,1511 2208,1452 508,1455"/>
                <Baseline points="519,1501 2213,1499"/>
                <TextEquiv>
                    <Unicode>hoc est a te sanctificatum dabis videre corruptionem hoc est putrefactionem. Articulus ergo fidei expressus est</Unicode>
                </TextEquiv>
            </TextLine>
            <TextLine id="r1l23" custom="readingOrder {index:22;}">
                <Coords points="505,1576 2165,1569 2226,1508 505,1516"/>
                <Baseline points="515,1553 600,1553 685,1553 770,1553 855,1553 940,1552 1025,1552 1110,1552 1195,1552 1280,1552 1365,1552 1450,1552 1535,1552 1620,1552 1705,1552 1790,1552 1875,1552 1960,1552 2045,1552 2130,1552 2216,1553"/>
                <TextEquiv>
                    <Unicode>quod corpus Christi in sepulcro aut non erat omnino putribile: aut si putribile, in triduo mortis Christi mira</Unicode>
                </TextEquiv>
            </TextLine>
            <TextLine id="r1l24" custom="readingOrder {index:23;}">
                <Coords points="507,1617 2229,1618 2228,1560 507,1576"/>
                <Baseline points="518,1608 607,1608 696,1608 786,1608 875,1608 965,1608 1054,1608 1143,1607 1233,1607 1322,1607 1412,1607 1501,1607 1591,1607 1680,1607 1769,1607 1859,1607 1948,1607 2038,1607 2127,1607 2217,1608"/>
                <TextEquiv>
                    <Unicode>culo detentum erat vt nec in modico putrefieret. Corpus enim mortuum putribile derelictum suae naturae neces</Unicode>
                </TextEquiv>
            </TextLine>
            <TextLine id="r1l25" custom="readingOrder {index:24;}">
                <Coords points="505,1674 2222,1683 2202,1614 505,1619"/>
                <Baseline points="515,1662 599,1662 684,1662 769,1663 854,1662 938,1662 1023,1662 1108,1662 1193,1662 1277,1662 1362,1661 1447,1661 1532,1661 1616,1661 1701,1661 1786,1661 1871,1661 1955,1661 2040,1662 2125,1662 2210,1663"/>
                <TextEquiv>
                    <Unicode>sario continuo motu putrescit: &amp; incessanter tendit in vltimam elementorum resolutionem. Constat autem quod si aliqua </Unicode>
                </TextEquiv>
            </TextLine>
            <TextLine id="r1l26" custom="readingOrder {index:25;}">
                <Coords points="504,1730 2226,1727 2198,1671 504,1674"/>
                <Baseline points="515,1715 600,1716 685,1716 770,1717 855,1717 940,1717 1025,1717 1110,1717 1195,1717 1280,1717 1365,1717 1450,1717 1535,1716 1620,1716 1705,1716 1790,1716 1875,1716 1960,1716 2045,1716 2130,1716 2215,1717"/>
                <TextEquiv>
                    <Unicode>forma substantialis noua naturali generatione successisset animae Christi in eis corpus mortuum, ilia non fuis</Unicode>
                </TextEquiv>
            </TextLine>
            <TextLine id="r1l27" custom="readingOrder {index:26;}">
                <Coords points="501,1784 1982,1798 2226,1785 2226,1726 501,1734"/>
                <Baseline points="511,1771 596,1771 681,1772 766,1772 852,1772 937,1772 1022,1772 1107,1772 1193,1772 1278,1772 1363,1772 1448,1771 1534,1771 1619,1771 1704,1771 1789,1771 1875,1771 1960,1771 2045,1771 2130,1771 2216,1771"/>
                <TextEquiv>
                    <Unicode>set nisi forma putredinis: quia talis forma quantum est de se non habet esse in re vt conseruans ipsam: sed vt</Unicode>
                </TextEquiv>
            </TextLine>
            <TextLine id="r1l28" custom="readingOrder {index:27;}">
                <Coords points="499,1846 2225,1843 2203,1782 499,1784"/>
                <Baseline points="509,1826 594,1826 679,1826 764,1827 850,1827 935,1827 1020,1827 1105,1827 1191,1827 1276,1827 1361,1827 1446,1827 1532,1826 1617,1826 1702,1826 1787,1826 1873,1826 1958,1826 2043,1825 2128,1825 2214,1825"/>
                <TextEquiv>
                    <Unicode>disponens eam ad putrefactionem &amp; ad vltimam corruptionem: dispositione dico quae est necessitatis: ad quam necessa</Unicode>
                </TextEquiv>
            </TextLine>
            <TextLine id="r1l29" custom="readingOrder {index:28;}">
                <Coords points="495,1896 2223,1888 2222,1843 2067,1832 495,1846"/>
                <Baseline points="506,1882 591,1882 676,1882 761,1882 847,1882 932,1882 1017,1882 1103,1882 1188,1882 1273,1882 1359,1882 1444,1882 1529,1881 1614,1881 1700,1881 1785,1881 1870,1881 1956,1881 2041,1881 2126,1881 2212,1881"/>
                <TextEquiv>
                    <Unicode>rio statim concomitatur actus. Si ergo talis forma fuit in corpore Christi mortuo, aut ergo sub illo putre-</Unicode>
                </TextEquiv>
            </TextLine>
            <TextLine id="r1l30" custom="readingOrder {index:29;}">
                <Coords points="492,1944 2120,1958 2224,1950 2224,1889 492,1897"/>
                <Baseline points="502,1936 587,1936 673,1936 758,1936 844,1936 930,1936 1015,1936 1101,1936 1186,1936 1272,1937 1358,1937 1443,1937 1529,1937 1614,1937 1700,1937 1786,1937 1871,1937 1957,1937 2042,1937 2128,1936 2214,1936"/>
                <TextEquiv>
                    <Unicode>factio continua fuit per totum triduum mortis in corpore Christi: &amp; illud corpus anima reuersa inuenisset putre</Unicode>
                </TextEquiv>
            </TextLine>
            <TextLine id="r1l31" custom="readingOrder {index:30;}">
                <Coords points="490,2003 2226,2015 2209,1945 490,1953"/>
                <Baseline points="501,1991 586,1991 672,1991 758,1991 843,1991 929,1991 1015,1991 1100,1991 1186,1991 1272,1991 1358,1991 1443,1991 1529,1992 1615,1992 1700,1992 1786,1992 1872,1992 1957,1992 2043,1992 2129,1991 2215,1991"/>
                <TextEquiv>
                    <Unicode>factum saltem in parte: licet accelerata resurrectione praeuentum fuerit ne putrefieret in toto: quid omnino videtur esse</Unicode>
                </TextEquiv>
            </TextLine>
            <TextLine id="r1l32" custom="readingOrder {index:31;}">
                <Coords points="494,2061 2222,2058 2222,2011 2139,2000 494,2011"/>
                <Baseline points="505,2044 590,2045 675,2045 760,2045 846,2045 931,2046 1016,2046 1101,2046 1187,2046 1272,2046 1357,2046 1442,2046 1528,2046 1613,2046 1698,2046 1783,2046 1869,2046 1954,2046 2039,2046 2124,2046 2210,2046"/>
                <TextEquiv>
                    <Unicode>contra dictum prophetae: &amp; ita nullo modo tenendum: aut fuit miraculo detentum ne putrefiendo in corru-</Unicode>
                </TextEquiv>
            </TextLine>
            <TextLine id="r1l33" custom="readingOrder {index:32;}">
                <Coords points="496,2122 2181,2125 2224,2056 496,2065"/>
                <Baseline points="508,2098 593,2099 678,2100 763,2100 849,2101 934,2101 1019,2101 1105,2101 1190,2102 1275,2102 1361,2102 1446,2102 1531,2101 1616,2101 1702,2101 1787,2101 1872,2101 1958,2101 2043,2101 2128,2100 2214,2100"/>
                <TextEquiv>
                    <Unicode>ptionem vergeret. NVNC autem ita est quod cum ad miraculum oportet recurrere, ponendum est ipsum fieri secun</Unicode>
                </TextEquiv>
            </TextLine>
            <TextLine id="r1l34" custom="readingOrder {index:33;}">
                <Coords points="499,2165 2064,2185 2224,2168 2225,2109 499,2122"/>
                <Baseline points="510,2153 595,2153 680,2153 765,2154 850,2154 936,2154 1021,2155 1106,2155 1191,2155 1276,2155 1362,2155 1447,2155 1532,2156 1617,2156 1702,2156 1788,2156 1873,2155 1958,2155 2043,2155 2128,2155 2214,2155"/>
                <TextEquiv>
                    <Unicode>dum modum qui magis decet diuinam maiestatem, &amp; magis congruit ordini naturae. Multo siquidem magis decet</Unicode>
                </TextEquiv>
            </TextLine>
            <TextLine id="r1l35" custom="readingOrder {index:34;}">
                <Coords points="495,2228 2223,2223 2223,2169 495,2165"/>
                <Baseline points="506,2208 591,2208 676,2209 762,2209 847,2209 932,2209 1018,2209 1103,2210 1188,2210 1274,2210 1359,2210 1444,2210 1530,2211 1615,2211 1700,2211 1786,2211 1871,2210 1956,2210 2042,2210 2127,2209 2213,2209"/>
                <TextEquiv>
                    <Unicode>Christi maiestatem quod corpus eius nudum reseruetur ab omni forma noua succedente animae separatae quousque reuer-</Unicode>
                </TextEquiv>
            </TextLine>
            <TextLine id="r1l36" custom="readingOrder {index:35;}">
                <Coords points="493,2269 2223,2277 2210,2221 493,2228"/>
                <Baseline points="503,2264 588,2264 673,2264 759,2264 844,2264 930,2264 1015,2265 1101,2265 1186,2265 1272,2265 1357,2265 1442,2265 1528,2265 1613,2266 1699,2266 1784,2266 1870,2266 1955,2266 2041,2265 2126,2265 2212,2265"/>
                <TextEquiv>
                    <Unicode>tatur ad ipsum: qui quod ipsum corpus vnitum diuinae naturae in vnitate personae filii dei informetur tam vili forma putre</Unicode>
                </TextEquiv>
            </TextLine>
            <TextLine id="r1l37" custom="readingOrder {index:36;}">
                <Coords points="501,2326 2224,2332 2157,2273 501,2283"/>
                <Baseline points="512,2316 597,2317 682,2317 767,2318 852,2318 937,2319 1022,2319 1107,2319 1192,2320 1277,2320 1363,2320 1448,2320 1533,2320 1618,2321 1703,2321 1788,2321 1873,2321 1958,2320 2043,2320 2128,2320 2214,2320"/>
                <TextEquiv>
                    <Unicode>dinis. Quid etiam videtur magis congruere ordini naturae: &amp; hoc tam naturae institutae quam naturae destiturae. Ma</Unicode>
                </TextEquiv>
            </TextLine>
            <TextLine id="r1l38" custom="readingOrder {index:37;}">
                <Coords points="503,2390 2224,2399 2198,2330 503,2334"/>
                <Baseline points="513,2370 598,2371 683,2372 768,2373 853,2374 938,2374 1023,2374 1108,2374 1193,2375 1278,2375 1363,2374 1448,2374 1533,2374 1618,2374 1703,2374 1788,2374 1873,2374 1958,2374 2043,2374 2128,2375 2214,2375"/>
                <TextEquiv>
                    <Unicode>gis siquidem congruit natura materiae in quam instituta est: vt sit substantia differes per essentiam a forma, quod </Unicode>
                </TextEquiv>
            </TextLine>
            <TextLine id="r1l39" custom="readingOrder {index:38;}">
                <Coords points="501,2436 2229,2440 2229,2399 2088,2381 501,2390"/>
                <Baseline points="512,2424 597,2425 682,2427 767,2427 853,2428 938,2428 1023,2429 1109,2429 1194,2429 1279,2429 1365,2428 1450,2428 1535,2428 1620,2428 1706,2428 1791,2427 1876,2428 1962,2428 2047,2428 2132,2429 2218,2430"/>
                <TextEquiv>
                    <Unicode>stet in esse per se etiam sine omni forma substantiali: cum hoc capere possit quantum est de se vt inferis videbitur: quam quod </Unicode>
                </TextEquiv>
            </TextLine>
            <TextLine id="r1l40" custom="readingOrder {index:39;}">
                <Coords points="488,2493 2223,2494 2223,2446 2097,2437 488,2439"/>
                <Baseline points="499,2481 584,2481 670,2482 756,2482 841,2482 927,2482 1013,2483 1098,2483 1184,2483 1270,2483 1356,2483 1441,2483 1527,2483 1613,2482 1698,2482 1784,2482 1870,2482 1955,2482 2041,2482 2127,2482 2213,2482"/>
                <TextEquiv>
                    <Unicode>aliqua forma ponatur in suo proprio passibili sine propria actione: quia frustra esset ibi. Congruit etiam ma</Unicode>
                </TextEquiv>
            </TextLine>
            <TextLine id="r1l41" custom="readingOrder {index:40;}">
                <Coords points="491,2557 2210,2555 2225,2494 491,2495"/>
                <Baseline points="501,2536 586,2537 672,2537 758,2537 843,2538 929,2538 1015,2538 1100,2538 1186,2538 1272,2537 1358,2537 1443,2537 1529,2537 1615,2536 1700,2536 1786,2536 1872,2536 1957,2535 2043,2535 2129,2535 2215,2535"/>
                <TextEquiv>
                    <Unicode>gis naturae destitutae per peccatum. Cum enim mors, incineratio, forma putredinis in corpore, &amp; caetera huius-</Unicode>
                </TextEquiv>
            </TextLine>
            <TextLine id="r1l42" custom="readingOrder {index:41;}">
                <Coords points="487,2602 2223,2609 2236,2553 486,2559"/>
                <Baseline points="497,2591 583,2591 669,2592 756,2592 842,2592 929,2592 1015,2592 1102,2592 1188,2592 1275,2591 1361,2591 1447,2591 1534,2590 1620,2590 1707,2589 1793,2589 1880,2589 1966,2588 2053,2588 2139,2589 2226,2589"/>
                <TextEquiv>
                    <Unicode>modi non sint nisi poenae originalis peccati: sicut tenet fides catholica: ex quibus Christus aliquis contraxit in </Unicode>
                </TextEquiv>
            </TextLine>
            <TextLine id="r1l43" custom="readingOrder {index:42;}">
                <Coords points="489,2652 2229,2657 2180,2603 489,2605"/>
                <Baseline points="499,2644 589,2645 679,2646 770,2646 860,2646 951,2646 1041,2646 1132,2646 1222,2645 1313,2645 1403,2644 1494,2644 1584,2644 1675,2643 1765,2643 1856,2643 1946,2642 2037,2642 2127,2643 2218,2643"/>
                <TextEquiv>
                    <Unicode>suo corpore non ex necessitate suae originis seu naturae: quia sine originali peccato conceptus est: sed mera vo</Unicode>
                </TextEquiv>
            </TextLine>
            <TextLine id="r1l44" custom="readingOrder {index:43;}">
                <Coords points="491,2715 2221,2715 2221,2659 2145,2652 491,2653"/>
                <Baseline points="501,2699 586,2699 672,2700 757,2700 843,2700 928,2700 1014,2700 1099,2699 1185,2699 1270,2699 1356,2698 1441,2698 1527,2698 1612,2698 1698,2697 1783,2697 1869,2697 1954,2698 2040,2698 2125,2698 2211,2699"/>
                <TextEquiv>
                    <Unicode>luntate ad complendum in eis opus nostrae redemptionis: &amp; vt in eis nobis mereretur: &amp; opus nostrae redemptionis, &amp;</Unicode>
                </TextEquiv>
            </TextLine>
            <TextLine id="r1l45" custom="readingOrder {index:44;}">
                <Coords points="500,2759 2228,2768 2195,2708 500,2714"/>
                <Baseline points="511,2752 596,2753 681,2754 766,2754 852,2754 937,2754 1022,2754 1107,2754 1193,2754 1278,2753 1363,2753 1448,2752 1534,2752 1619,2752 1704,2751 1789,2751 1875,2752 1960,2752 2045,2753 2130,2754 2216,2755"/>
                <TextEquiv>
                    <Unicode>meritum Christi in passione consummatum est: postquam inclinato capite emisit spiritum &amp; dixit Consummatum est.</Unicode>
                </TextEquiv>
            </TextLine>
            <TextLine id="r1l46" custom="readingOrder {index:45;}">
                <Coords points="502,2815 2224,2818 2224,2768 2129,2762 502,2759"/>
                <Baseline points="513,2806 598,2807 683,2807 768,2808 853,2808 938,2808 1023,2807 1108,2807 1193,2807 1278,2806 1363,2806 1448,2806 1533,2805 1618,2805 1703,2805 1788,2805 1873,2805 1958,2806 2043,2806 2128,2807 2214,2809"/>
                <TextEquiv>
                    <Unicode>Ioannis decimo nono. videtutur quod non debuit in suo corpore post animae separationem aliquid noui incidere quid erat</Unicode>
                </TextEquiv>
            </TextLine>
            <TextLine id="r1l47" custom="readingOrder {index:46;}">
                <Coords points="498,2871 2221,2874 2221,2818 498,2815"/>
                <Baseline points="509,2859 594,2860 679,2861 764,2861 849,2862 934,2862 1019,2862 1104,2861 1189,2861 1274,2861 1360,2860 1445,2860 1530,2859 1615,2859 1700,2859 1785,2859 1870,2859 1955,2859 2040,2860 2125,2861 2211,2862"/>
                <TextEquiv>
                    <Unicode>in natura humana per peccatum destitura poena peccati. De numero autem poenarum ex illo peccato prouenien</Unicode>
                </TextEquiv>
            </TextLine>
            <TextLine id="r1l48" custom="readingOrder {index:47;}">
                <Coords points="499,2934 2175,2934 2226,2873 499,2882"/>
                <Baseline points="509,2912 594,2913 679,2914 765,2914 850,2914 935,2914 1021,2914 1106,2914 1191,2914 1277,2914 1362,2913 1447,2913 1533,2913 1618,2912 1703,2912 1789,2912 1874,2913 1959,2913 2045,2913 2130,2914 2216,2915"/>
                <TextEquiv>
                    <Unicode>tium erat forma putredinis in corpore sicut ipse putredinis actus. Idcirco ergo videtur omnino esse contra fi</Unicode>
                </TextEquiv>
            </TextLine>
            <TextLine id="r1l49" custom="readingOrder {index:48;}">
                <Coords points="508,2986 2212,2978 2212,2928 508,2924"/>
                <Baseline points="519,2966 603,2967 687,2968 771,2968 855,2968 939,2968 1023,2968 1107,2968 1191,2968 1275,2967 1360,2967 1444,2967 1528,2966 1612,2966 1696,2966 1780,2966 1864,2966 1948,2967 2032,2968 2116,2969 2201,2971"/>
                <TextEquiv>
                    <Unicode>dem quod in corpore Christi talis forma successit, sicut quod in aliquo putrefactum fuerit. AVT igitur pone</Unicode>
                </TextEquiv>
            </TextLine>
            <TextLine id="r1l50" custom="readingOrder {index:49;}">
                <Coords points="509,3039 2228,3035 2148,2975 509,2987"/>
                <Baseline points="520,3018 604,3019 689,3020 774,3021 859,3021 944,3021 1029,3021 1113,3021 1198,3021 1283,3021 1368,3021 1453,3020 1538,3020 1623,3020 1707,3020 1792,3020 1877,3020 1962,3020 2047,3021 2132,3022 2217,3023"/>
                <TextEquiv>
                    <Unicode>mus quod anima non immediate perficit materiam sed sit aliqua forma substantialitatis aut corporalitatis: &amp;</Unicode>
                </TextEquiv>
            </TextLine>
            <TextLine id="r1l51" custom="readingOrder {index:50;}">
                <Coords points="501,3084 2220,3090 2173,3030 501,3039"/>
                <Baseline points="512,3072 596,3073 681,3073 766,3074 851,3074 936,3074 1021,3074 1106,3075 1191,3075 1276,3075 1361,3074 1445,3074 1530,3074 1615,3074 1700,3074 1785,3074 1870,3074 1955,3075 2040,3075 2125,3075 2210,3076"/>
                <TextEquiv>
                    <Unicode>etiam forte alicuius commixtionis, media inter animam &amp; materiam in materia quae manet in ea anima separa</Unicode>
                </TextEquiv>
            </TextLine>
            <TextLine id="r1l52" custom="readingOrder {index:51;}">
                <Coords points="507,3147 2106,3151 2224,3142 2225,3088 507,3086"/>
                <Baseline points="518,3125 602,3126 687,3127 772,3127 857,3128 942,3128 1026,3129 1111,3129 1196,3129 1281,3129 1366,3129 1450,3129 1535,3128 1620,3128 1705,3128 1790,3128 1874,3128 1959,3128 2044,3128 2129,3129 2214,3129"/>
                <TextEquiv>
                    <Unicode>ta: nec de natura sua vadit in corruptionem: quia si ponatur ire in corruptionem sicut forma putredinis</Unicode>
                </TextEquiv>
            </TextLine>
            <TextLine id="r1l53" custom="readingOrder {index:52;}">
                <Coords points="505,3197 2224,3200 2224,3142 2157,3138 505,3145"/>
                <Baseline points="517,3178 601,3179 686,3180 771,3181 856,3181 941,3182 1026,3182 1110,3182 1195,3182 1280,3182 1365,3182 1450,3181 1535,3181 1620,3181 1704,3181 1789,3181 1874,3181 1959,3181 2044,3182 2129,3182 2214,3183"/>
                <TextEquiv>
                    <Unicode>praedicta: sicut etiam contingit in aliis hominibus cum quibus Christus vniuoce fuit homo: idem est inconveniens con</Unicode>
                </TextEquiv>
            </TextLine>
            <TextLine id="r1l54" custom="readingOrder {index:53;}">
                <Coords points="504,3253 2224,3266 2187,3190 504,3197"/>
                <Baseline points="515,3233 599,3234 684,3235 769,3236 854,3237 939,3237 1024,3237 1109,3237 1194,3238 1279,3238 1364,3238 1448,3237 1533,3237 1618,3237 1703,3237 1788,3237 1873,3237 1958,3237 2043,3237 2128,3237 2213,3237"/>
                <TextEquiv>
                    <Unicode>tra eos quid contra praedictos est inductum. Aut si velimus ponere quod anima immediate perficit materiam: nec sit</Unicode>
                </TextEquiv>
            </TextLine>
            <TextEquiv>
                <Unicode>in ea succedat formae a qua informabatur prius. Cum igitur ponebant animam Christi immediate perficere materiam
corporalem eius sine alia forma media substantialitatis vel corporalitatis: &amp; ipsam separari ab illa in morte
Christi: non potuerunt non ponere aliquam formam substantialem succedere animae in materia corporis Christi: &amp;
per consequens non poterunt non ponere quin corpus Curisti mortuum aequiuoce erat corpus cum eo quid prius
erat viuum. Aut ergo necesse habebunt aliquid ex suis fundamentis suppositis destruere: aut scilicet quod anima ra
tionalis non immediate perficit materiam: sed mediante aliquam forma substantialitatis aut corporalitatis: &amp; etiam ali
cuius commixtionis quae possit manere in materia: vt sub illa materia subsistat ad separationem animae: aut quod ma
teria possit per se subsistere sine substantiali forma: vel oportebit eos in illa sua opinione immobiliter perseuera-
re. SED quaerunt an sit necessitas aliqua ponendi corpus Christi in sepulcro non fuisse informatum aliquae for
ma substantiali noua qua prius non erat informatum. Et potest eis dici quod sic: quia aliter non esset idem corpus quid 
prius nisi aequiuoce perfecta &amp; completa aequiuocatione. vt patet ex fine quarti Meteororum. &amp; tamen fides tenet quod 
persona Christi id idem corpus vniuoce numero quid assumpsit mediante anima, nunquam dimisit anima ab illo corpore
separata. Nec restat de dubio nisi an mansit aliqua forma substantialitatis &amp; corporeitatis, mediante qua
anima perficiebat primam materiam, contra secundum fundamentum illorum: an ipsa materia nuda ab omni forma substan 
tiali stetit habens partes suas substantiales extensas sub partibus quantitatis extensis, contra primum fundamen
tum praedictorum: &amp; videtur quod vterque istorum modorum magis sit consonus fidei &amp; dignitati Christi quam modus il
lorum. Contrario enim modo est quasi illorum annexum determinato articulo fidei quam sacra seriptura dictat vt vi
detur cum Dauid loquens in persona Christi loquentis ad patrem de anima sua descedente ad limbum &amp; de corpore suo
iacente in sepulcro ait in psal. Caro mea requiescet in spe: quoniam non dereliques animam meam in inferno, nec
dabis sanctum tuum videre corruptionem. vbi dicit glo. Caro mea requiescet: hoc est dormiet somno mor-
tis in spe resurrectionis: quia nec anima mea inferno possidenda dabitur more aliorum: nec corpus meum sanctum tuum
hoc est a te sanctificatum dabis videre corruptionem hoc est putrefactionem. Articulus ergo fidei expressus est
quod corpus Christi in sepulcro aut non erat omnino putribile: aut si putribile, in triduo mortis Christi mira
culo detentum erat vt nec in modico putrefieret. Corpus enim mortuum putribile derelictum suae naturae neces
sario continuo motu putrescit: &amp; incessanter tendit in vltimam elementorum resolutionem. Constat autem quod si aliqua 
forma substantialis noua naturali generatione successisset animae Christi in eis corpus mortuum, ilia non fuis
set nisi forma putredinis: quia talis forma quantum est de se non habet esse in re vt conseruans ipsam: sed vt
disponens eam ad putrefactionem &amp; ad vltimam corruptionem: dispositione dico quae est necessitatis: ad quam necessa
rio statim concomitatur actus. Si ergo talis forma fuit in corpore Christi mortuo, aut ergo sub illo putre-
factio continua fuit per totum triduum mortis in corpore Christi: &amp; illud corpus anima reuersa inuenisset putre
factum saltem in parte: licet accelerata resurrectione praeuentum fuerit ne putrefieret in toto: quid omnino videtur esse
contra dictum prophetae: &amp; ita nullo modo tenendum: aut fuit miraculo detentum ne putrefiendo in corru-
ptionem vergeret. NVNC autem ita est quod cum ad miraculum oportet recurrere, ponendum est ipsum fieri secun
dum modum qui magis decet diuinam maiestatem, &amp; magis congruit ordini naturae. Multo siquidem magis decet
Christi maiestatem quod corpus eius nudum reseruetur ab omni forma noua succedente animae separatae quousque reuer-
tatur ad ipsum: qui quod ipsum corpus vnitum diuinae naturae in vnitate personae filii dei informetur tam vili forma putre
dinis. Quid etiam videtur magis congruere ordini naturae: &amp; hoc tam naturae institutae quam naturae destiturae. Ma
gis siquidem congruit natura materiae in quam instituta est: vt sit substantia differes per essentiam a forma, quod 
stet in esse per se etiam sine omni forma substantiali: cum hoc capere possit quantum est de se vt inferis videbitur: quam quod 
aliqua forma ponatur in suo proprio passibili sine propria actione: quia frustra esset ibi. Congruit etiam ma
gis naturae destitutae per peccatum. Cum enim mors, incineratio, forma putredinis in corpore, &amp; caetera huius-
modi non sint nisi poenae originalis peccati: sicut tenet fides catholica: ex quibus Christus aliquis contraxit in 
suo corpore non ex necessitate suae originis seu naturae: quia sine originali peccato conceptus est: sed mera vo
luntate ad complendum in eis opus nostrae redemptionis: &amp; vt in eis nobis mereretur: &amp; opus nostrae redemptionis, &amp;
meritum Christi in passione consummatum est: postquam inclinato capite emisit spiritum &amp; dixit Consummatum est.
Ioannis decimo nono. videtutur quod non debuit in suo corpore post animae separationem aliquid noui incidere quid erat
in natura humana per peccatum destitura poena peccati. De numero autem poenarum ex illo peccato prouenien
tium erat forma putredinis in corpore sicut ipse putredinis actus. Idcirco ergo videtur omnino esse contra fi
dem quod in corpore Christi talis forma successit, sicut quod in aliquo putrefactum fuerit. AVT igitur pone
mus quod anima non immediate perficit materiam sed sit aliqua forma substantialitatis aut corporalitatis: &amp;
etiam forte alicuius commixtionis, media inter animam &amp; materiam in materia quae manet in ea anima separa
ta: nec de natura sua vadit in corruptionem: quia si ponatur ire in corruptionem sicut forma putredinis
praedicta: sicut etiam contingit in aliis hominibus cum quibus Christus vniuoce fuit homo: idem est inconveniens con
tra eos quid contra praedictos est inductum. Aut si velimus ponere quod anima immediate perficit materiam: nec sit</Unicode>
            </TextEquiv>
        </TextRegion>
    </Page>
</PcGts>
