2192 3079
241 229 71 74 do
277 229 166 74 distinctum
407 229 71 74 ab
443 229 119 74 istis.
526 229 107 74 etiam
598 229 143 74 secundum
705 229 95 74 eos:
764 229 83 74 sed
812 229 131 74 seipsis
895 229 71 74 plus

236 292 195 49 conueniunt.
392 292 91 49 Ita
444 292 78 49 in
483 292 182 49 proposito:
627 292 104 49 quod
692 292 130 49 sortes
783 292 78 49 et
822 292 104 49 pla.
874 292 91 49 seip-

240 323 94 65 sis
293 323 108 65 plus
361 323 202 65 conueniunt:
522 323 108 65 quam
590 323 135 65 sortes
684 323 81 65 et
724 323 108 65 iste
791 323 148 65 asinus:
886 323 67 65 cum

234 378 104 60 omni
299 378 104 60 alio
364 378 234 60 circumscripto.
559 378 169 60 Similiter
688 378 91 60 ens
740 378 117 60 reale
818 378 104 60 plus
870 378 78 60 con-

235 421 111 58 uenit
309 421 86 58 cum
358 421 86 58 deo
407 421 99 58 quam
469 421 86 58 ens
518 421 160 58 rationis.
641 421 74 58 et
678 421 111 58 tamen
752 421 99 58 deus
814 421 86 58 non
863 421 74 58 in
887 421 62 58 ali

225 461 102 64 quo
284 461 174 64 conuenit
414 461 102 64 cum
472 461 116 64 vlla
545 461 189 64 creatura:
690 461 116 64 nisi
763 461 131 64 forte
850 461 87 64 in
879 461 73 64 com

228 509 131 51 ceptu.
320 509 65 51 ⁋
346 509 92 51 Per
398 509 92 51 hoc
450 509 118 51 patet
529 509 79 51 ad
568 509 170 51 secundum:
699 509 105 51 quod
765 509 92 51 est
817 509 118 51 maior
883 509 65 51 con

222 549 162 58 uenientia
346 549 112 58 inter
421 549 124 58 sortem
508 549 75 58 et
545 549 100 58 pla.
607 549 100 58 quam
669 549 112 58 inter
744 549 124 58 sortem
831 549 75 58 et
856 549 87 58 istum

217 595 141 62 asinum.
320 595 90 62 non
371 595 141 62 propter
474 595 141 62 aliquid
577 595 129 62 aliquo
667 595 103 62 modo
731 595 193 62 distinctum:
886 595 90 62 sed

207 635 172 63 seipsis
332 635 125 63 plus
411 635 234 63 conueniunt.
598 635 78 63 ⁋
629 635 234 63 Confirmatur
817 635 125 63 ista
879 635 63 63 re

215 685 150 59 sponsio
324 685 95 59 per
379 685 123 59 dicta
461 685 136 59 eorum:
556 685 109 59 quia
624 685 150 59 accipio
733 685 109 59 duas
788 685 150 59 differen-

211 727 123 63 tias
287 727 246 63 indiuiduales
487 727 246 63 contrahentes
687 727 169 63 naturam
795 727 138 63 hominis

208 775 114 49 iste
279 775 213 49 differentie
449 775 114 49 plus
520 775 199 49 conueniunt
676 775 114 49 quam
747 775 99 49 vna
790 775 156 49 differen-

203 816 96 55 tia
258 816 220 55 indiuidualis
437 816 192 55 contrahens
588 816 151 55 naturam
698 816 165 55 hominis.
821 816 82 55 et
849 816 82 55 alia

209 857 248 61 differentia
408 857 264 61 indiuidualis
622 857 231 61 contrahens
787 857 149 61 naturam

200 903 202 62 albedinis
356 903 156 62 Probo.
465 903 125 62 quia
543 903 233 62 differentia
714 903 218 62 indiuidualis

202 948 214 61 contrahens
370 948 168 61 naturam
492 948 183 61 homoinis
629 948 183 61 conuenit
767 948 107 61 cum
813 948 122 61 natura

205 994 158 63 contracta
327 994 98 63 quae
388 994 85 63 est
436 994 110 63 eadem
510 994 85 63 res
558 994 146 63 realiter
668 994 85 63 cum
717 994 98 63 illa
778 994 85 63 sed
826 994 98 63 illa
875 994 49 63 na

196 1036 122 58 tura
272 1036 214 58 contracta:
440 1036 122 58 puta
517 1036 153 58 natura
623 1036 168 58 sortis.
746 1036 122 58 plus
807 1036 122 58 conue-

193 1080 99 55 nit
249 1080 99 55 cum
306 1080 141 55 natura
405 1080 198 55 plationis:
560 1080 113 55 quam
631 1080 99 55 cum
688 1080 141 55 natura
772 1080 156 55 albedinis

208 1119 100 66 ergo
270 1119 100 66 plus
332 1119 149 66 conuenit
444 1119 87 66 cum
494 1119 187 66 differentia
644 1119 187 66 indiuiduali
781 1119 149 66 contrahen-

196 1173 84 59 te.
244 1173 72 59 et
280 1173 84 59 per
328 1173 167 59 consequens
459 1173 60 59 a
483 1173 108 59 primo
555 1173 72 59 ad
590 1173 131 59 vltimum
686 1173 179 59 differentia
817 1173 108 59 indiui-

194 1208 141 67 dualis
292 1208 141 67 sortis
391 1208 113 67 plus
461 1208 169 67 conuenit
588 1208 99 67 cum
644 1208 211 67 differentia
799 1208 127 67 indiui-

200 1255 118 64 duali
279 1255 105 64 pla.
344 1255 105 64 quam
410 1255 92 64 cum
463 1255 197 64 differentia
621 1255 197 64 indiuiduali
778 1255 118 64 huius
844 1255 79 64 albe

200 1299 118 59 dinis
278 1299 78 59 et
318 1299 131 59 certum
409 1299 92 59 est
461 1299 105 59 quod
527 1299 209 59 distinguitur
697 1299 157 59 realiter
814 1299 78 59 ab
841 1299 78 59 ipsa

192 1340 88 59 Aut
243 1340 101 59 ergo
306 1340 114 59 eodem
382 1340 101 59 plus
445 1340 139 59 couenit
546 1340 88 59 cum
597 1340 88 59 vna
647 1340 101 59 quam
710 1340 88 59 cum
761 1340 114 59 alia.
837 1340 76 59 et
862 1340 63 59 di-

188 1387 198 73 stinguitur
344 1387 170 73 realiter
471 1387 85 73 ab
514 1387 128 73 illa.
599 1387 99 73 aut
656 1387 128 73 alio.
741 1387 85 73 si
783 1387 128 73 eodem
854 1387 71 73 con

191 1437 122 54 uenit
273 1437 95 54 cum
327 1437 95 54 vna
382 1437 81 54 et
422 1437 217 54 distinguitur
599 1437 163 54 realiter
721 1437 81 54 ab
762 1437 122 54 illa.
830 1437 81 54 habe

192 1478 91 66 tur
244 1478 194 66 propositum:
399 1478 104 66 quod
464 1478 142 66 aliquid
567 1478 117 66 eodem
645 1478 129 66 potest
736 1478 168 66 conuenire
852 1478 65 66 cum

191 1522 153 61 aliquo:
302 1522 83 61 et
344 1522 180 61 distingui
483 1522 83 61 ab
524 1522 139 61 eodem.
621 1522 83 61 si
663 1522 111 61 alio
733 1522 83 61 et
774 1522 125 61 alio.
844 1522 69 61 er-

186 1571 97 54 go
234 1571 242 54 differentia
428 1571 258 54 indiuidualis
637 1571 226 54 includeret
798 1571 113 54 multa

185 1618 76 53 et
223 1618 115 53 esset
300 1618 166 53 processus
427 1618 76 53 in
465 1618 178 53 infinitum:
605 1618 127 53 quorum
695 1618 153 53 vtrumque
809 1618 89 53 est
847 1618 64 53 ien

186 1655 234 61 conueniens.
374 1655 78 61 ⁋
405 1655 94 61 Si
452 1655 172 61 dicatur
577 1655 125 61 quod
655 1655 125 61 ista
718 1655 203 61 differentia

179 1698 219 60 indiuidualis
358 1698 110 60 puta
426 1698 151 60 sortis:
536 1698 96 60 non
591 1698 82 60 ex
632 1698 82 60 se
673 1698 96 60 vel
728 1698 96 60 per
783 1698 96 60 se:
837 1698 96 60 sed

184 1742 96 62 per
239 1742 151 62 naturam
349 1742 192 62 contractam
499 1742 110 62 plus
568 1742 164 62 conuenit
691 1742 96 62 cum
746 1742 137 62 natura
828 1742 82 62 pla-

187 1788 137 58 tonis.
283 1788 82 58 et
324 1788 96 58 cum
379 1788 206 58 differentia
544 1788 206 58 indiuiduali
708 1788 178 58 platonis:
831 1788 69 58 qua

188 1831 99 57 cum
244 1831 141 57 natura
343 1831 127 57 huius
428 1831 198 57 albedinis.
584 1831 71 57 ⁋
612 1831 156 57 Contra.
725 1831 127 57 sicut
796 1831 113 57 indiui

184 1868 143 67 dualis
284 1868 215 67 differentia
456 1868 143 67 sortis
556 1868 172 67 conuenit
685 1868 100 67 cum
742 1868 143 67 natura
828 1868 72 67 pla

171 1923 155 47 tonis:
279 1923 109 47 ita
341 1923 202 47 econuerso
496 1923 155 47 natura
605 1923 186 47 platonis
744 1923 124 47 plus
806 1923 93 47 con-

172 1962 96 58 uenit
237 1962 75 58 cum
279 1962 161 58 differentia
408 1962 161 58 indiuiduali
537 1962 107 58 sortis
612 1962 86 58 quam
665 1962 75 58 cum
708 1962 161 58 differentia
826 1962 75 58 indi-

172 2009 151 48 uiduali
282 2009 123 48 huius
364 2009 192 48 albedinis.
515 2009 110 48 ergo
583 2009 96 48 aut
638 2009 82 48 ex
679 2009 82 48 se
720 2009 110 48 plus
775 2009 137 48 conuenit

187 2054 78 45 aut
231 2054 78 45 per
276 2054 178 45 differentiam
421 2054 178 45 indiuidualem
566 2054 189 45 contrahentem.
722 2054 78 45 aut
766 2054 78 45 per
800 2054 100 45 naturan

174 2090 128 69 sortis.
267 2090 70 69 Si
302 2090 116 69 primum
384 2090 70 69 et
419 2090 116 69 certum
500 2090 81 69 est
547 2090 93 69 quod
605 2090 186 69 distinguitur
756 2090 70 69 ex
791 2090 81 69 se.
826 2090 70 69 ergo

168 2136 108 67 idem
235 2136 121 67 eodem
316 2136 148 67 couenit
423 2136 81 67 et
464 2136 216 67 distinguitur
639 2136 81 67 ab
679 2136 135 67 eodem.
760 2136 135 67 Secundum

166 2181 78 59 non
210 2181 111 59 potest
288 2181 100 59 dari.
355 2181 89 59 quia
411 2181 89 59 tunc
466 2181 89 59 illa
522 2181 156 59 diferentia
644 2181 178 59 indiuidualis
789 2181 89 59 plus
833 2181 56 59 con

175 2228 135 55 ueniret
273 2228 86 55 cum
322 2228 86 55 vna
371 2228 184 55 differentia
518 2228 184 55 indiuiduali
664 2228 98 55 quam
726 2228 86 55 cum
775 2228 110 55 alia.
836 2228 61 55 Nec

172 2270 113 59 potest
251 2270 91 59 dari
308 2270 136 59 tertium.
410 2270 91 59 quia
467 2270 125 59 numquam
558 2270 79 59 est
603 2270 125 59 aliquid
694 2270 91 59 idem
750 2270 136 59 realiter
841 2270 57 59 cum

168 2319 124 55 aliquo
254 2319 87 55 per
304 2319 136 55 aliquid
403 2319 99 55 sibi
465 2319 186 55 extrinsecum
613 2319 74 55 et
650 2319 149 55 realiter
749 2319 149 55 distinctum

173 2354 82 65 ab
214 2354 95 65 eo.
269 2354 68 65 ⁋
296 2354 82 65 Si
337 2354 150 65 dicatur
446 2354 109 65 quod
514 2354 150 65 quamuis
623 2354 82 65 ex
664 2354 82 65 se
705 2354 177 65 conueniat
828 2354 68 65 cum

179 2398 90 65 ista
235 2398 168 65 differentia
369 2398 168 65 idiuiduali:
503 2398 78 65 non
548 2398 101 65 tamen
615 2398 179 65 distinguitur
761 2398 67 65 ab
794 2398 67 65 ea
817 2398 78 65 nisi-

176 2444 92 65 per
228 2444 144 65 aliquam
333 2444 197 65 differentim
491 2444 223 65 indiuidualem.
674 2444 66 65 ⁋
700 2444 144 65 Contra.
792 2444 105 65 natura

169 2496 63 53 ex
201 2496 63 53 se
233 2496 169 53 distinguitur
370 2496 63 53 ab
402 2496 84 53 omni
455 2496 158 53 differentia
581 2496 158 53 idiuiduali.
708 2496 84 53 quia
761 2496 127 53 secundum
845 2496 53 53 eos

180 2536 81 60 non
227 2536 138 60 repugnat
330 2536 92 60 sibi
388 2536 92 60 esse
446 2536 92 60 sine
503 2536 161 60 quaecumque
630 2536 173 60 differentia
757 2536 138 60 indiuidua-

164 2575 79 70 li
203 2575 66 70 ⁋
229 2575 157 70 Preterea
347 2575 92 70 due
400 2575 131 70 dicere
492 2575 210 70 indiuiduales
662 2575 79 70 ex
701 2575 92 70 hoc
754 2575 105 70 ipso
806 2575 79 70 quod

167 2624 143 81 vtraque
271 2624 91 81 est
323 2624 169 81 creatura.
452 2624 104 81 plus
517 2624 181 81 conueniunt
660 2624 104 81 quam
724 2624 104 81 ista
776 2624 117 81 creatu

1044 245 61 78 ra
1074 245 61 78 et
1105 245 82 78 deus
1156 245 61 78 et
1187 245 102 78 certum
1258 245 72 78 est
1299 245 82 78 quod
1350 245 184 78 distinguuntur.
1503 245 82 78 ergo
1555 245 112 78 oportet
1636 245 82 78 quod
1687 245 82 78 idem
1728 245 41 78 eo

1045 304 87 66 dem
1094 304 100 66 modo
1157 304 199 66 distinguitur
1318 304 75 66 et
1356 304 149 66 conuenit
1467 304 87 66 vel
1517 304 137 66 oportet
1617 304 124 66 ponere
1691 304 75 66 pro-

1054 342 150 66 cessum
1159 342 90 66 in
1204 342 209 66 infinitum.
1368 342 75 66 ⁋
1398 342 90 66 Ad
1443 342 209 66 argumentum
1593 342 179 66 principale

1051 390 119 64 patet:
1134 390 95 64 quod
1194 390 119 64 natura
1277 390 131 64 lapidis
1372 390 71 64 de
1407 390 71 64 se
1443 390 83 64 est
1490 390 95 64 hoc.
1550 390 71 64 et
1585 390 95 64 ideo
1644 390 119 64 natura
1716 390 59 64 la-

1058 433 98 68 pidis
1124 433 76 68 non
1167 433 109 68 potest
1244 433 87 68 esse
1298 433 65 68 in
1331 433 98 68 alio.
1396 433 65 68 et
1429 433 98 68 tamen
1494 433 76 68 cum
1538 433 76 68 hoc
1582 433 87 68 stat
1636 433 87 68 quod
1680 433 87 68 natura

1046 474 125 71 lapidis
1136 474 79 71 non
1182 474 79 71 sit
1227 474 68 71 de
1261 474 68 71 se
1295 474 91 71 hoc:
1352 474 79 71 sed
1397 474 102 71 illa.
1465 474 68 71 et
1499 474 68 71 in
1533 474 102 71 alio.
1601 474 91 71 quia
1658 474 91 71 sunt
1703 474 57 71 due

1044 515 220 68 indiffinite
1220 515 205 68 verificate
1382 515 103 68 pro
1440 515 176 68 diuersis
1558 515 205 68 singularibus

1041 556 110 67 Tamen
1114 556 146 67 sciendum
1224 556 85 67 est
1273 556 98 67 quod
1334 556 73 67 de
1370 556 134 67 virtute
1468 556 146 67 sermonis
1578 556 98 67 haec
1639 556 85 67 est
1676 556 85 67 falsa

1038 611 123 58 natura
1124 611 135 58 lapidis
1222 611 86 58 est
1271 611 74 58 in
1308 611 135 58 lapide.
1407 611 86 58 sed
1456 611 111 58 debet
1529 611 135 58 concedi
1628 611 98 58 quod
1677 611 86 58 natu-

1045 646 66 65 ra
1078 646 121 65 lapidis
1166 646 77 65 est
1210 646 110 65 lapis.
1288 646 99 65 tamen
1354 646 66 65 de
1387 646 121 65 christo
1475 646 110 65 potest
1552 646 121 65 concedi
1641 646 88 65 quod
1685 646 66 65 natu

1034 691 63 73 ra
1065 691 104 73 humana
1138 691 73 73 est
1180 691 63 73 in
1211 691 125 73 christo.
1305 691 146 73 communiter
1420 691 94 73 tamen
1483 691 157 73 conceditur.
1608 691 73 73 Sed
1650 691 63 73 si
1671 691 94 73 intelli

1029 730 128 71 gatur:
1119 730 102 71 quod
1182 730 128 71 natura
1272 730 140 71 lapidis
1374 730 102 71 vere
1438 730 89 71 sit
1489 730 77 71 in
1527 730 128 71 lapide
1617 730 140 71 tamquam
1706 730 51 71 in

1026 788 130 58 aliquo
1117 788 169 58 quocumque
1247 788 104 58 modo
1312 788 130 58 dicto:
1403 788 91 58 est
1455 788 195 58 simpliciter
1611 788 143 58 falsum.
1702 788 52 58 Si

1032 820 106 76 autem
1103 820 188 76 intelligatur
1256 820 94 76 quod
1314 820 94 76 illa
1373 820 118 76 natura
1455 820 82 76 est
1502 820 118 76 lapis.
1585 820 106 76 verum
1643 820 71 76 est.

1180 885 328 88 feterea
1419 885 269 88 circa
1568 885 179 88 idem

1197 965 124 57 squarto
1287 965 113 57 quero.
1366 965 101 57 Utrum
1433 965 101 57 illud
1501 965 90 57 quod
1557 965 79 57 est
1602 965 158 57 vniversale
1714 965 34 57 e

1187 1011 123 64 commune
1277 1011 135 64 vniuocum
1378 1011 79 64 sit
1422 1011 168 64 quomocumque
1557 1011 135 64 realiter
1658 1011 56 64 a
1669 1011 79 64 parte

1020 1037 81 73 rei
1067 1037 70 73 ex
1102 1037 128 73 animam.
1194 1037 58 73 ⁋
1218 1037 93 73 Quod
1276 1037 93 73 sic.
1334 1037 139 73 secundum
1438 1037 116 73 comme.
1519 1037 93 73 vii.
1577 1037 116 73 metha.
1647 1037 104 73 commen.

1022 1098 72 64 xi.
1063 1098 145 64 Diffinitio
1177 1098 72 64 est
1218 1098 83 64 idem
1270 1098 72 64 cum
1311 1098 145 64 substantia
1424 1098 83 64 rei.
1476 1098 83 64 ergo
1528 1098 72 64 est
1569 1098 103 64 aliquo
1641 1098 83 64 modo
1683 1098 72 64 extra

1015 1145 123 66 animam.
1104 1145 67 66 et
1138 1145 78 66 per
1183 1145 157 66 consequens
1306 1145 112 66 omnens
1384 1145 112 66 partes
1462 1145 78 66 sue
1507 1145 90 66 sunt
1563 1145 112 66 aliquo
1641 1145 90 66 modo
1686 1145 56 66 exr

1023 1183 117 70 animam.
1108 1183 74 70 sed
1151 1183 148 70 diffinitio
1267 1183 148 70 componitur
1384 1183 64 70 ex
1416 1183 191 70 vniversalibus.
1575 1183 85 70 ergo
1628 1183 85 70 etc.
1681 1183 53 70 ⁋
1692 1183 42 70 Ad

1013 1232 192 56 oppositum.
1164 1232 165 56 Spposita
1288 1232 96 56 non
1342 1232 151 56 possunt
1452 1232 178 56 competere
1589 1232 137 56 eidem:
1671 1232 69 56 sed

1022 1267 97 72 omnis
1087 1267 76 72 res
1130 1267 76 72 exa
1174 1267 108 72 animam
1249 1267 76 72 est
1293 1267 162 72 simpliciter
1422 1267 141 72 singular.
1531 1267 87 72 ergo
1585 1267 97 72 nulla
1649 1267 76 72 res
1682 1267 54 72 est

1018 1316 119 61 aliquo
1101 1316 95 61 modo
1161 1316 191 61 vniversalis.
1316 1316 60 61 ⁋
1340 1316 71 61 In
1376 1316 179 61 conclusione
1519 1316 131 61 istius.
1614 1316 71 61 q.
1638 1316 95 61 omnens

1020 1362 100 54 quos
1083 1362 100 54 vidi
1146 1362 176 54 concordat.
1284 1362 163 54 dicentes:
1410 1362 100 54 quod
1472 1362 126 54 natura
1560 1362 100 54 quae
1623 1362 88 54 est
1661 1362 75 54 ali-

1016 1407 72 62 quo
1057 1407 82 62 modo
1108 1407 165 62 vniversalis:
1242 1407 103 62 saltem
1315 1407 62 62 in
1346 1407 124 62 potentia
1438 1407 62 62 et
1469 1407 155 62 incomplete.
1593 1407 72 62 est
1624 1407 103 62 realiter

1014 1446 74 65 in
1051 1446 173 65 indiuiduo:
1186 1446 136 65 quamuis
1285 1446 123 65 aliqui
1372 1446 123 65 dicant
1458 1446 99 65 quod
1520 1446 198 65 distinguitur
1668 1446 74 65 rea-

1014 1487 111 72 liter.
1092 1487 111 72 Aliqua
1169 1487 89 72 quod
1225 1487 111 72 tantum
1303 1487 167 72 formaliter.
1436 1487 111 72 Aliqua
1514 1487 89 72 quod
1569 1487 100 72 nullo
1636 1487 89 72 modo
1681 1487 44 72 ex

1010 1543 112 55 natura
1088 1543 89 55 rei:
1144 1543 78 55 sed
1189 1543 112 55 tantum
1267 1543 134 55 secundum
1367 1543 145 55 rationem.
1479 1543 78 55 vel
1524 1543 78 55 per
1557 1543 179 55 cosiderationem

1001 1580 176 73 intellectus
1142 1580 59 73 ⁋
1165 1580 94 73 Unde
1224 1580 117 73 dicunt
1306 1580 117 73 aliqui
1388 1580 94 73 quod
1446 1580 70 73 in
1481 1580 152 73 creaturis
1598 1580 82 73 est
1633 1580 94 73 quadam

1008 1622 148 68 forma:
1112 1622 103 68 que
1171 1622 177 68 secundum
1303 1622 103 68 rem
1362 1622 89 68 et
1407 1622 162 68 naturam
1525 1622 148 68 nullam
1613 1622 118 68 vnita-

1005 1669 97 64 tatem
1070 1669 97 64 habet
1134 1669 65 64 in
1167 1669 65 64 se
1199 1669 119 64 omnino.
1285 1669 75 64 sed
1328 1669 65 64 in
1361 1669 65 64 se
1393 1669 75 64 est
1436 1669 162 64 naturaliter
1565 1669 119 64 diuisa.
1652 1669 65 64 et
1673 1669 54 64 hae

1013 1705 100 75 solum
1079 1705 133 75 vnitatem
1179 1705 133 75 secundum
1279 1705 166 75 intellectum
1412 1705 144 75 rationis:
1523 1705 78 75 ita
1567 1705 89 75 quod
1622 1705 66 75 in
1644 1705 89 75 primi-

1014 1756 106 72 tate
1080 1756 133 72 illius
1173 1756 159 72 vnitatis
1292 1756 133 72 absque
1385 1756 146 72 formali
1491 1756 159 72 alicuius
1597 1756 133 72 positiui

1000 1808 198 61 adiectione.
1158 1808 79 61 in
1198 1808 119 61 nullo
1277 1808 172 61 indiuiduo
1410 1808 185 61 subsistit:
1555 1808 79 61 vt
1595 1808 93 61 est
1634 1808 93 61 forma

1008 1847 148 67 generis:
1119 1847 99 67 quae
1180 1847 86 67 est
1229 1847 74 67 in
1266 1847 111 67 rerum
1340 1847 123 67 natura
1426 1847 86 67 non
1476 1847 86 67 est
1525 1847 99 67 nisi
1587 1847 123 67 diuisa
1660 1847 62 67 per

1002 1890 118 65 formas
1085 1890 153 65 specierum
1203 1890 59 65 ⁋
1226 1890 94 65 Alia
1285 1890 83 65 est
1333 1890 106 65 forma
1403 1890 94 65 quae
1462 1890 142 65 secundum
1569 1890 83 65 rem
1616 1890 71 65 et
1639 1890 83 65 natu-

1002 1938 88 56 ram
1053 1938 75 56 in
1090 1938 75 56 se
1128 1938 88 56 sic
1178 1938 88 56 est
1228 1938 88 56 vna
1279 1938 75 56 et
1316 1938 163 56 indiuisa.
1442 1938 75 56 et
1479 1938 75 56 ab
1517 1938 100 56 alia
1580 1938 138 56 diuisa:
1668 1938 50 56 vt

1001 1974 75 72 in
1039 1974 176 72 suppositum
1177 1974 113 72 nullo
1253 1974 138 72 formali
1353 1974 101 72 sibi
1416 1974 126 72 addito
1504 1974 201 72 subiecsistat
1655 1974 63 72 vi-

989 2015 90 70 est
1041 2015 116 70 forma
1118 2015 181 70 cuiuslibet
1260 2015 142 70 speciei
1363 2015 219 70 spaialissime:
1544 2015 116 70 cuius
1609 2015 103 70 vnitas

1005 2060 71 72 est
1046 2060 71 72 non
1086 2060 82 72 nisi
1137 2060 122 72 secundum
1229 2060 122 72 rationem
1321 2060 132 72 indiuisa.
1423 2060 112 72 quantum
1504 2060 71 72 est
1545 2060 61 72 ex
1575 2060 61 72 se
1606 2060 71 72 quo
1647 2060 61 72 ad
1667 2060 51 72 per

985 2104 95 65 tes
1040 2104 217 65 subiectivas.
1216 2104 109 65 Uult
1284 2104 109 65 ergo
1352 2104 109 65 ista
1420 2104 149 65 opinio:
1528 2104 109 65 quod
1596 2104 122 65 forma
1664 2104 54 65 ge

996 2151 108 64 neris
1068 2151 84 64 non
1116 2151 84 64 est
1164 2151 84 64 vna
1213 2151 132 64 simplex
1309 2151 72 64 ex
1345 2151 84 64 se:
1393 2151 84 64 sed
1441 2151 72 64 ex
1477 2151 72 64 se
1513 2151 84 64 est
1562 2151 132 64 diuisa:
1646 2151 60 64 sed

986 2198 92 61 forma
1047 2198 113 61 speciei
1129 2198 61 61 ex
1160 2198 61 61 se
1191 2198 72 61 est
1232 2198 72 61 vna
1273 2198 123 61 simplex:
1365 2198 61 61 et
1396 2198 61 61 vt
1426 2198 92 61 sicut
1488 2198 72 61 est
1529 2198 164 61 vniversalis:
1652 2198 51 61 sed

987 2239 104 67 ipsa
1052 2239 117 67 forma
1129 2239 78 67 vt
1168 2239 142 67 signata
1272 2239 78 67 in
1311 2239 91 67 hoc
1362 2239 168 67 supposito
1492 2239 91 67 est
1531 2239 181 67 particularis

989 2281 91 68 Ita
1041 2281 104 68 quod
1106 2281 104 68 ista
1170 2281 129 68 opinio
1261 2281 117 68 ponit
1339 2281 104 68 quod
1403 2281 91 68 tam
1455 2281 117 68 forma
1533 2281 142 68 generis
1623 2281 78 68 quam

997 2331 118 69 speciei
1083 2331 139 69 subsistit
1190 2331 64 69 in
1222 2331 97 69 ipsis
1287 2331 182 69 singularibus:
1437 2331 118 69 quamuis
1523 2331 107 69 aliter
1598 2331 64 69 et
1619 2331 86 69 aliter

998 2377 55 62 ⁋
1020 2377 88 62 Alii
1075 2377 99 62 autem
1141 2377 110 62 ponunt
1218 2377 88 62 quod
1273 2377 77 62 res
1317 2377 132 62 secundum
1417 2377 88 62 esse
1472 2377 88 62 suum
1527 2377 66 62 in
1560 2377 132 62 effectum
1648 2377 55 62 est

988 2417 174 69 singularis.
1127 2417 70 69 et
1162 2417 104 69 eadem
1232 2417 81 69 res
1278 2417 139 69 secundum
1382 2417 93 69 esse
1440 2417 93 69 suum
1498 2417 70 69 in
1533 2417 162 69 intellectu
1649 2417 58 69 est

991 2462 147 69 vniversalis:
1111 2462 64 69 ita
1147 2462 74 69 quod
1193 2462 83 69 eadem
1249 2462 64 69 res
1286 2462 111 69 secundum
1368 2462 74 69 vnum
1414 2462 83 69 esse.
1470 2462 64 69 vel
1507 2462 111 69 secundum
1589 2462 74 69 vnam
1626 2462 74 69 consi-

987 2506 128 65 derationem
1087 2506 64 65 est
1124 2506 146 65 vniversalis.
1243 2506 55 65 et
1270 2506 110 65 secundum
1353 2506 82 65 aliud
1407 2506 82 65 esse.
1462 2506 64 65 vel
1499 2506 110 65 secundum
1581 2506 82 65 aliam
1627 2506 82 65 conside

972 2552 205 55 rationem
1125 2552 119 55 est
1194 2552 256 55 singularis.
1398 2552 85 55 ⁋
1432 2552 136 55 Alii
1517 2552 153 55 autem
1603 2552 119 55 moder

976 2598 93 65 ni
1022 2598 155 65 ponunt
1130 2598 124 65 quod
1207 2598 139 65 eadem
1300 2598 108 65 res
1362 2598 108 65 sub
1424 2598 108 65 vno
1486 2598 201 65 conceptum
1625 2598 77 65 est

976 2640 235 80 vniuersalis.
1167 2640 88 80 et
1211 2640 103 80 sub
1270 2640 117 80 alio
1343 2640 191 80 conceptu.
1490 2640 103 80 est
1534 2640 176 80 singularis
