2205 3083
247 229 73 84 ⁋
277 229 117 84 Item
350 229 146 84 ibidem
452 229 161 84 Commen.
570 229 117 84 xii.
643 229 220 84 Intentiones
819 229 88 84 de
848 229 117 84 quibus

230 288 125 70 dicitur
321 288 80 70 hoc
366 288 102 70 nomen
434 288 91 70 ens.
491 288 137 70 scilicet
594 288 159 70 vniversale
719 288 68 70 et
753 288 159 70 indiuiduum
867 288 91 70 multum

234 331 168 65 differunt.
366 331 96 65 ergo
427 331 168 65 vniversale
559 331 84 65 est
607 331 96 65 vere
667 331 96 65 ens.
727 331 60 65 ⁋
751 331 96 65 Item
812 331 120 65 ibidem
884 331 72 65 Con-

236 385 94 56 men.
295 385 106 56 pvtet
366 385 82 56 hoc
413 385 106 56 nomen
483 385 82 56 ens
530 385 129 56 dicitur
624 385 71 56 de
659 385 165 56 intentione
789 385 165 56 vniversali
906 385 47 56 et

233 424 182 61 particulari
378 424 145 61 scilicet
487 424 169 61 indiuiduo.
620 424 61 61 ⁋
644 424 97 61 Ite.
705 424 97 61 iii.
765 424 121 61 metha.
838 424 109 61 dicimus

228 470 157 59 singulare
349 470 97 59 vnum
409 470 133 59 numero.
506 470 169 59 vniversale
639 470 97 59 vero
699 470 97 59 quod
760 470 73 59 in
796 470 109 59 hiis.
868 470 60 59 ⁋
880 470 73 59 Item

236 509 85 65 v.
278 509 142 65 metha.
378 509 85 65 c.
420 509 85 65 de
463 509 128 65 eodem
548 509 170 65 socrates
676 509 99 65 non
733 509 85 65 in
776 509 156 65 multis.
875 509 71 65 pro

228 559 113 57 pter
299 559 113 57 quod
369 559 99 57 non
426 559 127 57 omnis
511 559 170 57 socrates
638 559 113 57 est.
709 559 71 57 ⁋
738 559 127 57 Item.
823 559 113 57 vii.
879 559 71 57 me-

227 604 101 54 tha.
290 604 88 54 ens
341 604 176 54 significat
479 604 101 54 quod
542 604 101 54 quid
605 604 101 54 est.
667 604 75 54 et
705 604 176 54 indiuiduum
843 604 88 54 hoc
881 604 63 54 ali

224 643 105 62 quid.
294 643 93 62 ergo
352 643 140 62 vtrumque
457 643 81 62 est
504 643 81 62 ens
550 643 105 62 reale
620 643 58 62 ⁋
643 643 70 62 Et
678 643 151 62 similiter
795 643 93 62 idem
841 643 105 62 Commen.

226 695 115 52 commen
307 695 58 52 i
330 695 69 52 it
365 695 161 52 Manifestum
492 695 81 52 est
538 695 92 52 quod
595 695 115 52 primum
676 695 69 52 de
711 695 81 52 quo
757 695 127 52 dicitur
849 695 81 52 hoc
883 695 58 52 ens

222 728 169 69 principaliter
361 728 60 69 et
391 728 159 69 simpliciter:
520 728 70 69 est
560 728 89 69 illud
620 728 80 69 quod
670 728 109 69 dicitur
749 728 60 69 in
779 728 149 69 responsione
898 728 60 69 ad

214 784 88 54 quid
269 784 77 54 est
313 784 77 54 hoc
356 784 153 54 indiuiduum
477 784 175 54 demonstratum
619 784 131 54 existens
717 784 77 54 per
761 784 77 54 se.
805 784 66 54 et
838 784 88 54 ista
881 784 55 54 pen

213 824 168 60 terrogatio
345 824 84 60 est
393 824 72 60 de
429 824 180 60 substantia.
573 824 72 60 Ex
609 824 84 60 hoc
657 824 120 60 potest
741 824 108 60 argui
813 824 96 60 sic.
861 824 84 60 illud

214 864 100 64 quod
276 864 87 64 est
326 864 199 64 principalius
487 864 87 64 ens
537 864 100 64 quam
599 864 137 64 aliquod
699 864 149 64 accidens
811 864 87 64 est
861 864 87 64 ens
898 864 50 64 ex

209 912 106 69 animam.
286 912 67 69 sed
325 912 135 69 vniversale
431 912 67 69 est
470 912 125 69 huiusmodi
566 912 116 69 secundum
653 912 96 69 comen.
720 912 48 69 ⁋
739 912 125 69 Similiter
836 912 87 69 illud
884 912 48 69 per

216 950 97 63 quod
277 950 183 63 respondetur
423 950 73 63 ad
459 950 97 63 quid
520 950 85 63 est
569 950 73 63 de
605 950 183 63 substantia:
751 950 85 63 non
800 950 85 63 est
837 950 97 63 tantum

207 998 70 60 res
247 998 60 60 in
277 998 100 60 anima.
347 998 80 60 quia
397 998 90 60 illud
457 998 70 60 non
497 998 70 60 est
537 998 60 60 de
567 998 140 60 quidditate
676 998 70 60 rei
716 998 70 60 ex.
756 998 70 60 sed
796 998 60 60 pe
816 998 120 60 vniversale

204 1040 177 69 substantie
344 1040 190 69 respondetur
496 1040 76 69 ad
534 1040 101 69 quid
597 1040 89 69 est
648 1040 190 69 indiuiduum.
800 1040 89 69 non
850 1040 89 69 per
888 1040 51 69 in

214 1084 148 70 diuiduum.
327 1084 91 70 ergo
384 1084 91 70 etc.
441 1084 148 70 Similiter
554 1084 102 70 dicit
622 1084 91 70 quod
679 1084 91 70 ista
736 1084 182 70 interrogatio
872 1084 57 70 est

202 1129 67 63 de
235 1129 169 63 substantia.
370 1129 79 63 sed
415 1129 90 63 ista
471 1129 180 63 interrogatio
617 1129 79 63 est
662 1129 67 63 de
696 1129 169 63 vniversali:
831 1129 101 63 sicut
887 1129 45 63 et

202 1174 145 60 responsio
314 1174 78 60 est
358 1174 78 60 per
403 1174 168 60 vniversale.
537 1174 90 60 ergo
593 1174 90 60 etc.
649 1174 78 60 Ite
694 1174 112 60 Comen.
772 1174 90 60 iii.
817 1174 112 60 quiddita

208 1222 81 58 tes
255 1222 92 58 sunt
312 1222 173 58 substantie.
450 1222 92 58 quia
508 1222 92 58 sunt
566 1222 115 58 partes
646 1222 196 58 substantiarum
808 1222 92 58 quae
854 1222 69 58 sunt

200 1261 176 64 substantie
338 1261 75 64 in
376 1261 88 64 rei
426 1261 151 64 veritate
539 1261 151 64 scilicet
652 1261 226 64 particularium.
840 1261 63 64 ⁋
853 1261 75 64 Item

203 1312 64 57 ⁋
229 1312 140 57 Commen.
331 1312 115 57 ilii.
407 1312 128 57 signum
497 1312 102 57 eius
560 1312 102 57 quod
624 1312 179 57 substantia
764 1312 102 57 apde
828 1312 89 57 nos
866 1312 64 57 ma-

203 1354 130 57 nifestior
303 1354 220 57 accidentibuscilis.
493 1354 150 57 vniversalia
613 1354 140 57 substantie
723 1354 80 57 quam
773 1354 150 57 vniversalia
883 1354 50 57 ac-

203 1403 169 58 cidentium
333 1403 91 58 est
385 1403 104 58 quod
450 1403 117 58 scire
528 1403 182 58 indiuiduum
670 1403 182 58 substantie
813 1403 91 58 per
852 1403 65 58 sua

203 1444 143 60 vniversalia
318 1444 171 60 substantialia:
461 1444 67 60 est
499 1444 133 60 perfectius
604 1444 76 60 quam
651 1444 86 60 scire
708 1444 86 60 illud
766 1444 67 60 per
794 1444 124 60 vniversalia

199 1480 232 70 accidentium.
387 1480 72 70 ⁋
416 1480 116 70 Item
488 1480 145 70 Comen.
590 1480 87 70 x.
633 1480 232 70 Consideremus
822 1480 87 70 de
851 1480 72 70 hac

192 1523 208 61 substantia
356 1523 104 61 qua
415 1523 223 61 significat:
594 1523 253 61 methaphisicus
787 1523 134 61 conside

195 1573 94 62 rat
248 1573 81 62 de
289 1573 188 62 substantia
437 1573 108 62 quam
504 1573 188 62 significat
652 1573 202 62 diffinitio:
813 1573 94 62 sed
854 1573 67 62 non

201 1618 185 55 considerat
346 1618 79 55 de
386 1618 132 55 aliquo
478 1618 185 55 indiuiduo.
623 1618 106 55 ergo
689 1618 106 55 etc.
756 1618 66 55 ⁋
782 1618 106 55 Item
835 1618 79 55 Con-

198 1663 84 59 men.
250 1663 84 59 xxi.
302 1663 63 59 in
333 1663 146 59 principio.
448 1663 146 59 Substantia
563 1663 73 59 rei
605 1663 73 59 est
647 1663 94 59 illud
709 1663 84 59 quod
761 1663 115 59 dicitur
845 1663 63 59 in
866 1663 52 59 re-

199 1700 157 64 sponsione
320 1700 73 64 ad
356 1700 97 64 quid
416 1700 85 64 est
465 1700 85 64 hoc
513 1700 169 64 indiuiduum
646 1700 181 64 substantie.
791 1700 73 64 et
827 1700 97 64 ideo
876 1700 48 64 de

197 1744 189 65 scripsimus
346 1744 122 65 illam
427 1744 203 65 substantiam
590 1744 216 65 descriptione
752 1744 162 65 dyaleticam

189 1795 97 57 quod
250 1795 85 57 est
298 1795 109 57 illud
371 1795 97 57 quod
432 1795 170 57 significat
565 1795 121 57 sermo:
650 1795 97 57 quae
711 1795 109 57 dicit
771 1795 134 57 essentiam

182 1839 67 55 rei
221 1839 76 55 quae
268 1839 67 55 est
306 1839 133 55 diffinitio
411 1839 57 55 et
439 1839 67 55 est
477 1839 86 55 illud
534 1839 76 55 quod
582 1839 105 55 dicitur
658 1839 67 55 per
696 1839 57 55 se
724 1839 67 55 iet
762 1839 76 55 quod
800 1839 105 55 praedica-

190 1884 84 56 tur
238 1884 217 56 essentialiter.
419 1884 72 56 et
455 1884 120 56 innuit
539 1884 108 56 ipsum
611 1884 108 56 modum
683 1884 217 56 praedicabilium
852 1884 60 56 est

184 1918 150 65 sentialium
302 1918 129 65 scilicet
399 1918 183 65 diffinitionem
550 1918 64 65 Ex
582 1918 86 65 ista
636 1918 86 65 auc.
689 1918 107 65 patet:
765 1918 86 65 quod
808 1918 107 65 diffini-

189 1968 77 64 tio
233 1968 153 64 significat
353 1968 164 64 substantiam
484 1968 88 64 quae
539 1968 164 64 praedicatur
670 1968 186 64 essentialiter
823 1968 66 64 et
845 1968 55 64 pri

193 2012 72 60 mo
229 2012 108 60 modo.
301 2012 84 60 sed
349 2012 96 60 tale
409 2012 180 60 praedicatum
553 2012 84 60 non
600 2012 180 60 praedicatur
744 2012 96 60 nisi
804 2012 72 60 de
828 2012 84 60 pluri

183 2051 99 65 bus.
244 2051 99 65 ergo
306 2051 99 65 etc.
368 2051 62 65 ⁋
393 2051 99 65 Item
455 2051 136 65 Commen.
554 2051 87 65 xl.
603 2051 173 65 declaratum
739 2051 87 65 est
789 2051 87 65 ibi
826 2051 74 65 quid

178 2096 78 65 est
223 2096 157 65 substantia
346 2096 90 65 quae
402 2096 67 65 es
435 2096 157 65 quidditas.
558 2096 67 65 et
592 2096 90 65 ista
648 2096 157 65 substantia
771 2096 78 65 est
804 2096 101 65 praedi-

182 2147 112 62 cabilis
263 2147 61 62 de
293 2147 81 62 illo
344 2147 81 62 quod
395 2147 71 62 est
435 2147 142 62 subiectum:
547 2147 61 62 et
577 2147 81 62 quod
628 2147 71 62 hoc
669 2147 71 62 est
709 2147 81 62 eius
760 2147 122 62 secundum
841 2147 61 62 quod

185 2191 141 58 vniversalis.
300 2191 71 58 ergo
344 2191 88 58 aliqua
406 2191 124 58 substantia
503 2191 62 58 est
538 2191 150 58 praedicabilis
662 2191 106 58 secundum
741 2191 71 58 quod
776 2191 124 58 vniversalis.

232 2226 63 69 ⁋
258 2226 126 69 Contra
346 2226 114 69 istam
422 2226 177 69 opinionem.
560 2226 114 69 Primo
636 2226 139 69 contrai
724 2226 177 69 conclusionem

188 2279 67 55 no
221 2279 122 55 vrdetur
310 2279 89 55 quod
366 2279 111 55 aliqua
443 2279 78 55 res
488 2279 67 55 ex
521 2279 111 55 animam
599 2279 78 55 sit
643 2279 156 55 substantia
755 2279 144 55 vniversalis

176 2320 101 65 nisi
240 2320 114 65 forte
316 2320 89 65 per
366 2320 190 65 voluntariam
518 2320 228 65 institutionem.
708 2320 114 65 primo
784 2320 101 65 quia
835 2320 76 65 illa

180 2361 98 72 quae
241 2361 98 72 sunt
302 2361 146 72 opposita
412 2361 159 72 requirunt
534 2361 159 72 distincta
656 2361 122 72 quibus
741 2361 110 72 primo
802 2361 98 72 conue-

178 2417 101 49 uiant.
249 2417 71 49 sed
289 2417 172 49 vniversalitas
431 2417 61 49 et
461 2417 162 49 singularitas
593 2417 81 49 sunt
644 2417 142 49 huiusmodi:
755 2417 122 49 secundum
836 2417 61 49 omns

180 2452 120 62 istos.
264 2452 96 62 ergo
324 2452 96 62 quae
384 2452 108 62 primo
456 2452 72 62 et
492 2452 156 62 immediate
611 2452 192 62 denominantur
767 2452 72 62 ab
803 2452 108 62 illis
863 2452 48 62 di

181 2494 182 67 stinguuntur.
329 2494 80 67 Aut
374 2494 91 67 ergo
431 2494 194 67 distinguuntur
591 2494 171 67 formaliter:
728 2494 91 67 quod
785 2494 80 67 est
819 2494 80 67 prius

184 2540 168 61 improbatum.
318 2540 78 61 Aut
363 2540 179 61 distinguutur
508 2540 101 61 sicut
575 2540 78 61 res
620 2540 67 61 et
654 2540 90 61 res.
710 2540 67 61 et
743 2540 78 61 per
777 2540 134 61 consequens

178 2587 119 55 redit
257 2587 119 55 prima
336 2587 93 55 vel
389 2587 145 55 secunda
495 2587 132 55 opinio
588 2587 172 55 improbata
720 2587 79 55 in
760 2587 145 55 primis.
852 2587 53 55 q.

163 2625 82 77 Aut
210 2625 199 77 distinguuntur
374 2625 106 77 sicut
445 2625 82 77 ens
492 2625 141 77 rationis
597 2625 106 77 etens
667 2625 152 77 rationis.
785 2625 82 77 aut
820 2625 82 77 sicut

1057 259 76 73 ens
1101 259 98 73 reale
1166 259 65 73 et
1199 259 76 73 ens
1242 259 141 73 rationis.
1351 259 65 73 et
1383 259 109 73 certum
1460 259 76 73 est
1503 259 87 73 quod
1557 259 98 73 illud
1623 259 87 73 quod
1677 259 76 73 est
1710 259 65 73 sin-

1048 310 120 71 gulare
1132 310 108 71 primo
1204 310 72 71 et
1239 310 156 71 immediate
1359 310 84 71 non
1407 310 84 71 est
1455 310 84 71 ens
1503 310 156 71 rationis.
1622 310 96 71 ergo
1682 310 108 71 illud

1050 361 79 59 quod
1100 361 89 59 primo
1159 361 60 59 et
1189 361 129 59 immediate
1288 361 149 59 denominatur
1408 361 149 59 vniversale:
1527 361 70 59 est
1566 361 99 59 tantum
1636 361 70 59 ens
1676 361 70 59 ter
1705 361 70 59 anima

1051 400 74 56 et
1088 400 86 56 sic
1137 400 86 56 non
1186 400 86 56 est
1235 400 74 56 in
1272 400 74 56 re
1309 400 61 56 ⁋
1333 400 135 56 Secundo
1431 400 98 56 sic.
1493 400 86 56 Aut
1542 400 110 56 eadem
1615 400 86 56 res
1652 400 123 56 realiter

1043 439 75 78 est
1086 439 160 78 vniversalis
1214 439 64 78 et
1246 439 160 78 singularis.
1374 439 75 78 aut
1417 439 85 78 non.
1470 439 75 78 Non
1513 439 107 78 potest
1588 439 107 78 potest
1662 439 85 78 dici
1705 439 64 78 quod

1046 488 87 65 non:
1100 488 98 65 sicut
1166 488 130 65 probatum
1263 488 76 65 est
1307 488 65 65 in
1339 488 119 65 tribus.
1426 488 65 65 q.
1459 488 206 65 praecedentibus.
1633 488 65 65 Si
1665 488 87 65 sic.
1709 488 54 65 Con

1045 529 79 62 tra
1090 529 90 62 illa
1146 529 79 62 res
1191 529 90 62 quae
1248 529 79 62 est
1293 529 147 62 singulari
1405 529 79 62 non
1450 529 79 62 est
1496 529 192 62 praedicabilis
1653 529 68 62 de
1676 529 90 62 pluri-

1043 570 74 77 bus.
1089 570 65 77 sed
1126 570 74 77 quod
1173 570 65 77 est
1210 570 130 77 vniversale
1312 570 65 77 est
1349 570 149 77 praedicabile
1470 570 56 77 de
1498 570 121 77 pluribus.
1591 570 74 77 ergo
1637 570 65 77 non
1674 570 65 77 est
1702 570 56 77 idem

1041 617 71 69 Et
1077 617 83 69 hoc
1124 617 83 69 est
1172 617 83 69 sic
1220 617 143 69 arguere.
1327 617 179 69 Impossibile
1470 617 83 69 est
1518 617 214 69 contradictoria
1685 617 71 69 pri-

1036 661 79 67 mo
1075 661 79 67 de
1115 661 118 67 eodem
1193 661 197 67 verificari.
1351 661 92 67 sed
1403 661 210 67 praedicabile
1573 661 79 67 de
1613 661 157 67 pluribus
1718 661 52 67 et

1040 703 79 70 non
1085 703 180 70 praedicabile
1231 703 67 70 de
1265 703 135 70 pluribus
1366 703 180 70 verificantur
1512 703 67 70 de
1545 703 157 70 vniversali
1669 703 67 70 et
1692 703 67 70 sin-

1031 747 109 70 gulari
1108 747 131 70 secundum
1206 747 87 70 eos.
1260 747 87 70 ergo
1315 747 76 70 non
1359 747 87 70 sunt
1413 747 87 70 idem
1468 747 55 70 ⁋
1490 747 66 70 Si
1523 747 98 70 dicas
1588 747 87 70 quod
1632 747 131 70 vniversale

1027 802 83 57 non
1074 802 177 57 praedicatur
1216 802 71 57 de
1252 802 142 57 pluribus
1358 802 95 57 nisi
1417 802 83 57 per
1464 802 106 57 actum
1535 802 177 57 intellectus
1665 802 83 57 compo

1036 839 121 71 nentis.
1124 839 66 71 et
1157 839 88 71 ideo
1212 839 88 71 quod
1267 839 66 71 de
1300 839 66 71 se
1333 839 77 71 non
1377 839 165 71 praedicatur
1508 839 66 71 de
1541 839 132 71 pluribus
1640 839 110 71 potest
1706 839 55 71 per

1033 883 104 76 actum
1103 883 174 76 intellectus
1242 883 162 76 praedicari
1370 883 70 76 de
1404 883 139 76 pluribus
1509 883 58 76 ⁋
1532 883 81 76 hoc
1578 883 81 76 non
1625 883 104 76 valet
1682 883 70 76 quia

1036 929 71 69 non
1077 929 102 69 tantum
1148 929 143 69 praedicari
1260 929 61 69 de
1290 929 122 69 pluribus
1382 929 61 69 et
1413 929 71 69 non
1453 929 143 69 praedicari
1565 929 61 69 de
1596 929 122 69 pluribus
1678 929 81 69 contra

1033 970 132 68 dicunt.
1129 970 84 68 sed
1177 970 192 68 praedicabile
1333 970 72 68 de
1369 970 144 68 pluribus
1478 970 72 68 et
1514 970 84 68 non
1562 970 192 68 praedicabile
1706 970 48 68 de

1031 1018 124 62 pluribus
1124 1018 176 62 contradicunt.
1269 1018 135 62 Similiter
1372 1018 93 62 posse
1434 1018 145 62 praedicari
1548 1018 62 62 de
1579 1018 124 62 pluribus
1673 1018 62 62 et
1693 1018 52 62 non

1026 1065 93 60 posse
1088 1065 144 60 praedicari
1201 1065 62 60 de
1232 1065 124 60 pluribus
1324 1065 175 60 contradicunt.
1469 1065 124 60 secundum
1561 1065 93 60 autem
1623 1065 93 60 actum
1675 1065 82 60 intel-

1031 1104 103 64 lectus
1103 1104 144 64 vniversale
1216 1104 103 64 potest
1288 1104 144 64 praedicari
1402 1104 62 64 de
1433 1104 134 64 pluribus:
1536 1104 62 64 et
1567 1104 134 64 singulare
1670 1104 72 64 non
1700 1104 52 64 est

1023 1143 185 83 praedicabile:
1176 1143 76 83 nec
1219 1143 109 83 potest
1295 1143 153 83 praedicari
1415 1143 65 83 de
1448 1143 131 83 pluribus
1546 1143 131 83 secundum
1644 1143 87 83 eos.
1688 1143 65 83 ergo

1012 1187 90 78 sine
1068 1187 90 78 omni
1125 1187 90 78 actu
1181 1187 169 78 intellectus
1316 1187 147 78 singulare
1429 1187 79 78 non
1474 1187 79 78 est
1519 1187 158 78 vniversale
1643 1187 56 78 ⁋
1655 1187 90 78 Preter

1031 1238 63 60 ea
1062 1238 94 60 arguo
1125 1238 73 60 per
1167 1238 126 60 rationes
1261 1238 147 60 philosophi
1377 1238 73 60 per
1419 1238 84 60 quas
1471 1238 115 60 nititur
1555 1238 115 60 probare
1639 1238 63 60 et
1660 1238 84 60 demon-

1024 1274 108 71 strare
1100 1274 97 71 istam
1164 1274 161 71 conclusione
1293 1274 86 71 quod
1347 1274 108 71 nullum
1422 1274 151 71 vniversale
1541 1274 75 71 est
1584 1274 151 71 substantia
1691 1274 54 71 sic

1019 1321 133 68 substantia
1124 1321 67 68 rei
1162 1321 67 68 est
1200 1321 105 68 propria
1276 1321 95 68 illius
1343 1321 86 68 cuius
1400 1321 67 68 est
1438 1321 152 68 fsubstantia.
1562 1321 67 68 sed
1600 1321 133 68 vniversale
1695 1321 38 68 in

1025 1362 70 71 est
1065 1362 100 71 alicui
1135 1362 120 71 proprium
1226 1362 70 71 sed
1266 1362 120 71 commune.
1356 1362 80 71 ergo
1406 1362 140 71 vniversale
1516 1362 70 71 non
1556 1362 70 71 est
1597 1362 150 71 substantia.
1717 1362 50 71 ⁋
1727 1362 40 71 Si

1026 1412 103 72 dicatur
1100 1412 75 72 quod
1147 1412 140 72 philosophus
1260 1412 112 72 intendit
1344 1412 103 72 probare
1419 1412 75 72 quod
1465 1412 131 72 vniversale
1568 1412 65 72 non
1606 1412 65 72 est
1634 1412 112 72 substantia

1005 1459 208 59 praedicabilis
1176 1459 147 59 propria.
1286 1459 98 59 Unde
1347 1459 122 59 comen.
1432 1459 122 59 arguit
1518 1459 98 59 sic.
1579 1459 134 59 commen.
1665 1459 73 59 xlv.

1016 1499 172 63 substantia
1151 1499 172 63 cuiuslibet
1287 1499 86 63 rei
1336 1499 185 63 demonstrate
1484 1499 86 63 est
1533 1499 74 63 ei
1570 1499 148 63 propria.
1668 1499 62 63 Ule

1014 1542 81 62 autem
1068 1542 63 62 est
1104 1542 99 62 commune
1177 1542 108 62 pluribus
1258 1542 72 62 ergo
1303 1542 63 62 non
1339 1542 63 62 est
1375 1542 127 62 substantia
1475 1542 108 62 propria.
1556 1542 54 62 et
1583 1542 63 62 ita
1620 1542 63 62 non
1647 1542 90 62 probatur

1016 1586 117 73 absolute
1104 1586 78 73 quod
1153 1586 69 73 non
1192 1586 69 73 est
1232 1586 137 73 substantia
1339 1586 69 73 sed
1378 1586 78 73 quod
1427 1586 69 73 non
1466 1586 69 73 est
1506 1586 137 73 substantia
1613 1586 117 73 propria.
1701 1586 49 73 ⁋
1711 1586 49 73 hec

1014 1631 126 73 responsio
1111 1631 68 73 non
1150 1631 87 73 vatet
1208 1631 78 73 quia
1257 1631 116 73 intentio
1344 1631 136 73 philosophi
1450 1631 68 73 est
1489 1631 107 73 arguere
1567 1631 126 73 conraeos:
1663 1631 68 73 qui
1693 1631 48 73 po-

1007 1674 109 69 suerunt
1086 1674 149 69 vniversalia
1205 1674 79 69 esse
1255 1674 159 69 substantias:
1384 1674 89 69 sicut
1443 1674 109 69 fuerunt
1523 1674 139 69 platonici.
1632 1674 79 69 ipsi
1672 1674 69 69 autem

1014 1715 86 76 sicut
1072 1715 76 76 ipse
1120 1715 105 76 imponit
1196 1715 67 76 eis
1234 1715 67 76 non
1272 1715 124 76 posuerunt
1368 1715 143 76 vniversalia
1483 1715 76 76 esse
1530 1715 115 76 proprias
1607 1715 124 76 substantias

1004 1764 74 65 sed
1047 1764 137 65 communes.
1152 1764 74 65 Uum
1194 1764 126 65 dixerunt
1288 1764 116 65 quasdam
1373 1764 158 65 substantias
1499 1764 84 65 esse
1551 1764 179 65 particulares:
1688 1764 42 65 et

1011 1804 120 73 quaesdam
1101 1804 130 73 communes.
1202 1804 80 73 ergo
1252 1804 70 73 non
1292 1804 120 73 sufficit
1382 1804 80 73 sibi
1432 1804 110 73 probare
1512 1804 160 73 conclusioeos
1643 1804 80 73 quod
1683 1804 50 73 non

1004 1852 77 72 sunt
1053 1852 135 72 substantia
1159 1852 116 72 proprie.
1245 1852 77 72 nisi
1293 1852 96 72 probet
1361 1852 77 72 quod
1409 1852 67 72 non
1448 1852 77 72 sunt
1496 1852 145 72 substantia.
1611 1852 77 72 Unde
1650 1852 77 72 arguit

1004 1893 69 62 sic.
1048 1893 52 62 Si
1074 1893 122 62 vniversale
1169 1893 69 62 quod
1213 1893 61 62 est
1247 1893 95 62 commune
1317 1893 104 62 pluribus
1395 1893 61 62 est
1430 1893 139 62 ssubstantia.
1542 1893 61 62 aut
1577 1893 61 62 est
1612 1893 95 62 omnium.
1673 1893 43 62 aut

1005 1940 95 66 vnius.
1071 1940 66 66 non
1109 1940 85 66 autem
1166 1940 66 66 est
1203 1940 123 66 possibile
1298 1940 76 66 quod
1346 1940 66 66 sit
1383 1940 104 66 omnium.
1459 1940 76 66 ergo
1507 1940 76 66 erit
1554 1940 133 66 substantia
1649 1940 66 66 vnius

995 1983 57 69 et
1023 1983 66 69 per
1061 1983 132 69 consequens
1165 1983 85 69 omnia
1221 1983 94 69 quibus
1287 1983 66 69 est
1325 1983 104 69 commune
1401 1983 85 69 erunt
1457 1983 85 69 illud
1514 1983 76 69 vnum
1561 1983 76 69 quod
1608 1983 66 69 est
1637 1983 94 69 impossi-

1005 2022 109 74 bile.
1077 2022 97 74 Item
1138 2022 145 74 arguitur
1247 2022 85 74 sic
1295 2022 85 74 Ule
1343 2022 85 74 est
1392 2022 97 74 quod
1452 2022 181 74 praedicatur
1597 2022 73 74 de
1621 2022 97 74 aliquo

994 2066 136 75 subiecto
1096 2066 79 75 sen
1141 2066 159 75 substantia
1266 2066 79 75 non
1311 2066 170 75 praedicatur
1447 2066 68 75 de
1481 2066 136 75 subiecto
1583 2066 125 75 aliquo.
1662 2066 68 75 ergo

1001 2117 139 67 vniversale
1110 2117 70 67 non
1150 2117 70 67 est
1190 2117 139 67 substantia
1299 2117 50 67 ⁋
1319 2117 99 67 Tertio
1389 2117 119 67 arguitur
1478 2117 80 67 sic.
1528 2117 149 67 impossibile
1647 2117 70 67 est
1677 2117 50 67 in-

1006 2155 135 66 diuiduum
1107 2155 158 66 substantie
1231 2155 124 66 eomponi
1321 2155 68 66 ex
1355 2155 192 66 qualitatibus.
1513 2155 90 66 quia
1569 2155 90 66 tunc
1614 2155 113 66 qualitas

992 2204 114 69 esset
1068 2204 114 69 prior
1144 2204 177 69 indiuiduo.
1283 2204 88 69 ita
1333 2204 189 69 impossibile
1484 2204 88 69 est
1535 2204 177 69 indiuiduum
1661 2204 63 69 com

1000 2254 66 66 poni
1041 2254 50 66 ex
1066 2254 58 66 non
1099 2254 58 66 hoc
1132 2254 99 66 aliquid.
1206 2254 66 66 ergo
1248 2254 83 66 nullum
1306 2254 116 66 vniversale
1397 2254 58 66 est
1430 2254 66 66 pars
1471 2254 124 66 substantia.
1570 2254 50 66 et
1595 2254 58 66 per
1620 2254 99 66 consequens

997 2297 72 64 cum
1038 2297 72 64 non
1079 2297 72 64 sit
1119 2297 72 64 per
1160 2297 61 64 se
1191 2297 133 64 existens.
1293 2297 72 64 non
1334 2297 82 64 erit
1385 2297 143 64 substantia
1497 2297 102 64 aliquo
1569 2297 92 64 modo.
1630 2297 51 64 ⁋
1640 2297 72 64 Quar-

994 2336 77 69 to.
1038 2336 88 69 quia
1093 2336 99 69 nihil
1159 2336 77 69 fit
1203 2336 66 69 ex
1236 2336 110 69 duobus
1313 2336 66 69 in
1346 2336 99 69 actu.
1412 2336 88 69 ergo
1467 2336 110 69 quando
1544 2336 110 69 aliqua
1610 2336 99 69 distin-

992 2378 119 67 guuntur
1079 2378 65 67 et
1111 2378 119 67 faciunt
1198 2378 87 67 vnum
1252 2378 76 67 per
1295 2378 76 67 se:
1339 2378 119 67 oportet
1425 2378 87 67 quod
1480 2378 87 67 vnum
1534 2378 76 67 sit
1577 2378 130 67 potentia
1664 2378 43 67 et

995 2430 75 58 aliud
1045 2430 83 58 actus.
1103 2430 50 58 et
1128 2430 58 58 per
1161 2430 116 58 consequens
1252 2430 50 58 si
1277 2430 116 58 vniversale
1369 2430 75 58 esset
1419 2430 133 58 ssubstantia:
1527 2430 50 58 et
1552 2430 50 58 si
1577 2430 91 58 aliquid
1643 2430 75 58 esset
1685 2430 33 58 si

994 2466 67 71 bi
1027 2466 134 71 additum.
1127 2466 145 71 operteret
1239 2466 89 71 quod
1294 2466 67 71 se
1328 2466 134 71 haberent
1428 2466 100 71 sicut
1495 2466 100 71 actus
1561 2466 67 71 et
1584 2466 122 71 potentia.

981 2520 95 57 quod
1041 2520 83 57 est
1088 2520 203 57 inconueniens.
1255 2520 60 57 ⁋
1279 2520 119 57 Quito.
1362 2520 95 57 quia
1422 2520 95 57 tunc
1482 2520 107 57 esset
1553 2520 131 57 tertius
1637 2520 72 57 homo

999 2554 86 72 Item.
1057 2554 57 72 x.
1085 2554 95 72 metha.
1152 2554 86 72 dicit
1209 2554 143 72 philosophus
1323 2554 76 72 quod
1370 2554 143 72 impossibile
1484 2554 67 72 est
1522 2554 105 72 aliquod
1589 2554 133 72 vniversalium

990 2610 95 50 esse
1050 2610 167 50 subiectam.
1181 2610 84 50 Ubi
1229 2610 107 50 dicit
1300 2610 119 50 Comme.
1384 2610 119 50 comen.
1467 2610 95 50 vii.
1527 2610 84 50 cum
1575 2610 84 50 sit
1611 2610 95 50 decla-

981 2650 120 72 ratum
1061 2650 80 72 in
1101 2650 173 72 tractatum
1234 2650 80 72 de
1274 2650 187 72 substantia
1421 2650 80 72 et
1461 2650 80 72 de
1501 2650 173 72 generibus
1621 2650 107 72 eutis:
