2230 3049
436 147 49 71 ⁋
456 147 88 71 Sexto
514 147 78 71 sic.
563 147 117 71 secundum
651 147 146 71 philosophum
767 147 58 71 id
797 147 68 71 est
836 147 78 71 phi.
884 147 136 71 principium
991 147 117 71 contlusi
1069 147 88 71 mellis-

442 202 96 62 sum
497 202 82 62 et
538 202 192 62 permenidem
689 202 110 62 est:
758 202 110 62 quod
827 202 96 62 ens
881 202 82 62 et
923 202 110 62 vnum
978 202 178 62 multiplicit

429 252 200 54 dicuntur.
582 252 123 54 ergo
659 252 108 54 non
721 252 184 54 dicuntur
859 252 92 54 de
905 252 169 54 omnibus
1012 252 154 54 vniuoce.

450 292 60 66 ⁋
474 292 132 66 Septimo
570 292 144 66 secundum
679 292 156 66 auicemnam
799 292 72 66 id
835 292 84 66 est
883 292 120 66 metha.
967 292 72 66 c.
1004 292 84 66 vi.
1052 292 96 66 ens.
1100 292 60 66 ali

437 339 117 65 quid
510 339 73 65 e
539 339 189 65 huiusmodi
685 339 117 65 sunt
758 339 233 65 multiplicata
947 339 87 65 et
991 339 102 65 non
1035 339 131 65 vniuoca

442 375 99 79 ta.
498 375 71 79 ⁋
527 375 142 79 Qctauo
626 375 170 79 Bboetius
753 375 127 79 super
838 375 255 79 praedicamenta.
1037 375 113 79 necess

439 423 114 60 est.
510 423 85 60 x.
553 423 185 60 generibus
695 423 214 60 multitudine
866 423 185 60 couenire.
1008 423 128 60 neque
1080 423 85 60 enim

436 475 111 63 aliqua
513 475 111 63 natura
591 475 77 63 est
635 475 77 63 eis
679 475 144 63 communis.
790 475 77 63 sed
834 475 133 63 secundum
934 475 100 63 nomen
1000 475 111 63 tantum
1078 475 66 63 et
1100 475 66 63 omne

439 519 104 59 tale
504 519 91 59 est
556 519 183 59 equiuocum.
700 519 104 59 ergo
765 519 104 59 etc.
830 519 65 59 ⁋
856 519 104 59 Nono
921 519 130 59 linco.
1013 519 117 59 super
1078 519 78 59 ange

441 565 111 58 licam
515 565 136 58 hierar.
614 565 124 58 parte.
700 565 74 58 v.
737 565 74 58 c.
774 565 99 58 iii.
836 565 111 58 nihil
910 565 148 58 positiue
1021 565 124 58 dictum
1095 565 62 58 pos

432 599 98 69 de
481 599 114 69 deo
546 599 82 69 a
579 599 196 69 creatura
725 599 180 69 vniuoce
856 599 147 69 dici.
954 599 82 69 ⁋
987 599 180 69 Decimo.
1101 599 65 69 da

435 654 109 60 mas.
503 654 81 60 in
544 654 136 60 logica
639 654 109 60 sua.
707 654 81 60 c.
747 654 95 60 ii.
802 654 190 60 substantia
951 654 95 60 non
1005 654 149 60 accipit
1100 654 68 60 to-

442 692 96 68 tam
497 692 151 68 naturam
607 692 124 68 entis
690 692 96 68 nec
745 692 165 68 accidens
868 692 96 68 sec
923 692 165 68 vtrumque
1033 692 124 68 accipit

443 732 177 69 medietatem
582 732 114 69 eius.
658 732 101 69 ergo
722 732 89 69 ens
772 732 114 69 dicit
848 732 152 69 vtrunque
962 732 164 69 actualit:
1076 732 89 69 sicut

442 776 118 61 totum
521 776 118 61 dicit
599 776 157 61 vtramque
717 776 131 61 partem
809 776 197 61 actualiter.
966 776 66 61 ⁋
993 776 105 61 Iste
1045 776 118 61 vniuoca

448 818 91 66 sunt
505 818 91 66 illa
562 818 114 66 quorum
642 818 103 66 nomen
710 818 80 66 est
756 818 126 66 commune
847 818 69 66 et
882 818 103 66 ratio
950 818 114 66 eadem.
1030 818 57 66 ⁋
1042 818 114 66 Simliler

445 863 141 73 ibidem.
548 863 90 73 ens
599 863 166 73 diuiditur
727 863 77 73 in
765 863 192 73 substantiam
919 863 77 73 et
957 863 166 73 accidens.
1085 863 90 73 non
1124 863 51 73 si

441 912 87 68 cut
490 912 112 68 genus
565 912 74 68 in
602 912 149 68 species.
713 912 87 68 sed
763 912 112 68 sicut
837 912 87 68 vox
887 912 149 68 equiuoca
998 912 74 68 in
1036 912 74 68 ea
1073 912 99 68 quae
1122 912 50 68 ab

447 958 100 69 vno
504 958 85 69 et
546 958 85 69 ad
589 958 128 69 vnum.
674 958 71 69 ⁋
703 958 85 69 Ad
745 958 142 69 primum
845 958 156 69 istorum
959 958 171 69 dubiorum
1072 958 100 69 dico:

454 1002 88 64 quod
509 1002 77 64 non
553 1002 77 64 est
596 1002 110 64 aliqua
673 1002 164 64 praedicatio
805 1002 120 64 analoga
892 1002 142 64 distincta
1002 1002 142 64 conclusio
1100 1002 66 64 pri-

444 1047 198 65 dicationem
599 1047 169 65 vniuocam
726 1047 184 65 equiuocam
867 1047 85 65 et
910 1047 240 65 denominatiuam
1093 1047 71 65 lar

448 1091 142 57 gissime
551 1091 155 57 sumptam.
668 1091 116 57 tamen
745 1091 142 57 propter
848 1091 168 57 sanctorum
977 1091 194 57 intentionem
1119 1091 52 57 di

444 1132 161 66 stinguo
562 1132 103 66 tam
620 1132 88 66 de
664 1132 176 66 equiuoco
796 1132 117 66 quam
869 1132 88 66 de
913 1132 176 66 analogo.
1045 1132 88 66 De
1074 1132 103 66 equo-

440 1171 70 74 co
475 1171 93 74 quod
534 1171 105 74 sicut
604 1171 117 74 dictum
685 1171 82 74 est
732 1171 117 74 prius.
814 1171 152 74 equiuocum
930 1171 152 74 accipitur
1035 1171 140 74 dupliciter

440 1221 91 66 qui
492 1221 91 66 pro
544 1221 155 66 equiuoco
660 1221 65 66 a
686 1221 117 66 casu:
764 1221 91 66 vel
815 1221 65 66 a
841 1221 142 66 cosilio
945 1221 117 66 Acasu
1023 1221 91 66 est
1074 1221 117 66 illud

435 1270 134 71 nome:
524 1270 119 71 quod
599 1270 193 71 imponitur
747 1270 149 71 multis
851 1270 89 71 et
896 1270 178 71 cuilibet
1029 1270 149 71 primo.
1119 1270 59 71 et

438 1311 101 64 ita
495 1311 101 64 vni
553 1311 87 64 ac
597 1311 87 64 si
640 1311 101 64 non
698 1311 217 64 imponeretur
872 1311 159 64 alteri:
988 1311 87 64 vt
1031 1311 101 64 hoc
1075 1311 101 64 nomen

447 1362 137 54 sortes
543 1362 178 54 impositum
680 1362 137 54 multis
776 1362 68 54 a
803 1362 178 54 diuersis.
940 1362 82 54 et
981 1362 151 54 accidit
1077 1362 82 54 quod

447 1396 95 72 hoc
502 1396 122 72 nomen
583 1396 176 72 imponatur
718 1396 68 72 a
745 1396 162 72 diuersis
866 1396 216 72 imponentibus
1028 1396 149 72 diuersis.

446 1439 93 66 vel
499 1439 80 66 ab
539 1439 93 66 vno
593 1439 160 66 diuersis
713 1439 240 66 impositionibus
913 1439 80 66 et
953 1439 120 66 talis
1033 1439 93 66 vox
1087 1439 80 66 si
1113 1439 67 66 vna

450 1486 194 73 impositione
605 1486 168 73 imponatur
735 1486 155 73 pluribus
851 1486 129 73 posset
941 1486 103 73 esse
1006 1486 168 73 aliquibus
1122 1486 65 73 vni

453 1530 99 69 uoca
514 1530 74 69 et
551 1530 161 69 aliquibus
675 1530 161 69 equiuoca.
798 1530 111 69 Uerbi
873 1530 136 69 gratia.
971 1530 74 69 si
1008 1530 99 69 haec
1070 1530 86 69 vox
1107 1530 62 69 ca-

449 1575 108 69 nis
510 1575 231 69 imponeretur
695 1575 92 69 in
741 1575 108 69 vna
802 1575 154 69 lingua
910 1575 108 69 vel
971 1575 92 69 ab
1017 1575 108 69 vno
1079 1575 92 69 ad
1110 1575 61 69 si

454 1616 196 78 gnificandum
611 1616 131 78 animal
703 1616 183 78 latrabile.
847 1616 79 78 et
886 1616 79 78 in
925 1616 105 78 alia
991 1616 131 78 lingua
1082 1616 92 78 vel
1122 1616 52 78 ab

454 1665 107 65 alio
520 1665 200 65 imponeretur
681 1665 80 65 ad
721 1665 227 65 significandum
908 1665 120 65 sidus
988 1665 160 65 celeste.
1095 1665 80 65 ista

463 1705 81 65 vox
510 1705 128 65 scienti
603 1705 116 65 tantum
684 1705 93 65 vnam
742 1705 128 65 linguam
835 1705 104 65 esset
904 1705 139 65 vniuoca.
1009 1705 70 65 et
1044 1705 104 65 tamen
1102 1705 81 65 scien

446 1750 76 69 ti
484 1750 152 69 vtramque
598 1750 202 69 impositionem
763 1750 89 69 vel
813 1750 152 69 vtramque
927 1750 139 69 linguam
1028 1750 114 69 esset
1091 1750 89 69 equi-

451 1797 101 67 uoca
514 1797 76 67 et
552 1797 88 67 ita
603 1797 88 67 non
653 1797 88 67 est
704 1797 202 67 inconueniens
868 1797 101 67 quod
931 1797 114 67 eadem
1006 1797 88 67 vox
1057 1797 88 67 sit
1095 1797 88 67 equi-

461 1838 106 65 uoca
527 1838 80 65 et
567 1838 146 65 vniuoca
673 1838 172 65 diuersis.
805 1838 80 65 et
845 1838 106 65 tunc
912 1838 119 65 esset
991 1838 106 65 haoc
1057 1838 93 65 vox
1097 1838 93 65 equo-

468 1880 75 67 ca
505 1880 62 67 a
530 1880 112 67 casu.
604 1880 62 67 ⁋
629 1880 162 67 Equiuocum
754 1880 62 67 a
779 1880 149 67 consilio
890 1880 174 67 dupliciter
1027 1880 124 67 potest
1102 1880 87 67 acci-

471 1931 74 64 pi
508 1931 86 64 vno
557 1931 99 64 modo
618 1931 123 64 quando
705 1931 135 64 propter
803 1931 135 64 aliquam
902 1931 209 64 similitudinem
1074 1931 86 64 vel
1111 1931 74 64 pro-

471 1982 171 58 portionem
602 1982 184 58 diuersorum
747 1982 118 58 inter
825 1982 92 58 se.
878 1982 92 58 vel
930 1982 144 58 propter
1036 1982 144 58 aliquam
1127 1982 53 58 ta

471 2015 92 64 lem
524 2015 237 64 conuenientiam.
721 2015 106 64 idem
787 2015 119 64 nomen
866 2015 158 64 diuersis
985 2015 171 64 imponitur
1104 2015 79 64 sine

458 2061 145 59 vnitate
563 2061 171 59 conceptus
695 2061 105 59 Alio
760 2061 105 59 modo
826 2061 131 59 quando
918 2061 105 59 sola
984 2061 171 59 voluntate
1102 2061 79 59 idem

466 2106 129 67 nomen
552 2106 172 67 diuersis
680 2106 272 67 impositionibus.
909 2106 100 67 non
966 2106 157 67 propter
1067 2106 114 67 identi

467 2157 114 53 tatem
543 2157 177 53 conceptus:
682 2157 152 53 diuersis
796 2157 177 53 imponitur.
935 2157 139 53 Exeplum
1036 2157 139 53 secundi
1124 2157 63 53 po-

471 2192 111 67 situm
545 2192 124 67 prius.
631 2192 74 67 si
668 2192 136 67 aliquis
767 2192 74 67 ex
804 2192 210 67 deliberatione
977 2192 161 67 imponeret
1101 2192 86 67 hoc
1138 2192 49 67 no

455 2232 103 74 men
514 2232 148 74 sortes
618 2232 89 74 ad
662 2232 251 74 significandum
868 2232 118 74 tres
942 2232 162 74 homines
1045 2232 148 74 determi-

473 2284 120 59 natos
552 2284 66 59 ⁋
579 2284 133 59 Primum
672 2284 146 59 menbrum
778 2284 133 59 potest
871 2284 173 59 subdiuidi
991 2284 199 59 multipliciter

466 2327 88 61 Uno
517 2327 100 61 modo
579 2327 138 61 dicitur
679 2327 100 61 tale
742 2327 163 61 equiuocum
867 2327 125 61 quando
955 2327 100 61 idem
1018 2327 88 61 sub
1068 2327 125 61 eisdem
1143 2327 50 61 mo

472 2372 98 65 dis
528 2372 252 65 gramaticalibus
738 2372 196 65 significat
892 2372 168 65 diuersa.
1018 2372 84 65 vt
1060 2372 112 65 homo
1116 2372 70 65 est

467 2413 161 73 equiuocum
590 2413 74 73 ad
628 2413 136 73 hominem
727 2413 111 73 viuum
801 2413 74 73 et
838 2413 136 73 pictum.
937 2413 99 73 Alio
999 2413 99 73 modo
1061 2413 124 73 quando
1135 2413 62 73 si-

473 2461 185 67 gnificat
612 2461 170 67 diuersa
735 2461 185 67 diuersis
874 2461 155 67 modis.
983 2461 124 67 quia
1044 2461 155 67 respectu

463 2503 122 62 vnius
545 2503 203 62 significati
707 2503 95 62 est
761 2503 122 62 nomen
842 2503 230 62 connotatiuum.
1032 2503 81 62 et
1059 2503 135 62 respectu

463 2546 156 77 alterius
580 2546 91 77 non
632 2546 91 77 est
684 2546 221 77 connotatiuum.
866 2546 156 77 Exemplum
983 2546 78 77 de
1022 2546 117 77 sano.
1100 2546 104 77 quia
1152 2546 52 77 sa

1248 139 119 65 nitas
1327 139 132 65 quando
1420 139 185 65 significat
1566 139 185 65 qualitatem
1711 139 185 65 formaliter
1844 139 132 65 existen-

1258 194 79 51 tem
1303 194 68 51 in
1337 194 136 51 animali.
1439 194 79 51 non
1484 194 79 51 est
1529 194 90 51 nome
1586 194 192 51 connotatiuum.
1744 194 113 51 quando
1823 194 102 51 autem
1880 194 90 51 signi-

1256 241 119 54 ficat
1335 241 133 54 vrinam
1428 241 93 54 vel
1481 241 146 54 dietam.
1587 241 106 54 tunc
1654 241 93 54 est
1707 241 119 54 nomen
1773 241 199 54 connotatiuum.

1249 284 92 56 qui
1301 284 92 56 sic
1354 284 183 56 significat
1498 284 105 56 vnum
1563 284 79 56 in
1602 284 131 56 recto.
1694 284 79 56 et
1733 284 131 56 primum
1812 284 157 56 significa-

1255 326 87 58 tum
1304 326 99 58 suum
1366 326 74 58 in
1403 326 148 58 obliquo.
1514 326 99 58 quia
1576 326 74 58 si
1613 326 136 58 deberet
1712 326 136 58 exprimi
1811 326 99 58 quid
1861 326 111 58 nominis

1246 385 153 41 aliquod
1357 385 153 41 illorum
1469 385 153 41 deberet
1580 385 111 41 poni
1650 385 84 41 in
1692 385 139 41 recto.
1789 385 84 41 et
1831 385 153 41 sanitas
1928 385 56 41 in

1248 424 139 57 obliquo.
1353 424 93 57 quia
1411 424 104 57 sanum
1480 424 93 57 quod
1538 424 128 57 dicitur
1631 424 70 57 de
1666 424 116 57 dieta:
1747 424 104 57 habet
1817 424 104 57 istud
1886 424 93 57 quid
1933 424 46 57 no

1254 460 105 57 minis
1324 460 105 57 sanum
1394 460 81 57 est
1440 460 105 57 dieta
1510 460 151 57 effectiua
1626 460 151 57 sanitatis
1743 460 139 57 secundum
1847 460 105 57 autem
1905 460 70 57 quod

1261 504 132 55 dicitur
1357 504 72 55 de
1393 504 108 55 vrina
1465 504 108 55 habet
1537 504 108 55 istud
1609 504 96 55 quid
1670 504 144 55 nominis.
1778 504 108 55 sanum
1850 504 84 55 est
1886 504 84 55 vrina

1242 550 203 52 significans
1405 550 189 52 sanitatem.
1553 550 68 52 ⁋
1580 550 95 52 Sed
1634 550 81 52 de
1675 550 149 52 analogo
1783 550 135 52 potest
1864 550 108 52 disti-

1252 593 89 65 gui.
1307 593 78 65 Uno
1352 593 89 65 modo
1407 593 144 65 accipitur
1518 593 133 65 secundum
1618 593 89 65 quod
1673 593 78 65 est
1718 593 122 65 commune
1807 593 100 65 nomen
1862 593 122 65 impositum

1262 642 143 54 multis.
1366 642 143 54 propter
1469 642 181 54 consimilem
1612 642 207 54 proportionem
1781 642 104 54 quam
1845 642 130 54 habent
1923 642 52 54 di

1262 680 103 56 uersa
1330 680 69 56 ad
1365 680 103 56 illa.
1433 680 103 56 sicut
1502 680 103 56 ponit
1571 680 172 56 philosophus
1708 680 138 56 exemplum
1812 680 92 56 quod
1869 680 103 56 sicut
1926 680 46 56 se

1252 726 122 55 habet
1334 726 122 55 color
1415 726 81 55 ad
1456 726 149 55 colorem
1565 726 95 55 ita
1619 726 136 55 figura
1714 726 81 55 ad
1755 726 163 55 figuram.
1877 726 81 55 de
1904 726 68 55 qui

1258 781 79 53 bus
1303 781 112 53 simile
1381 781 123 53 dicitur
1471 781 157 53 analogice.
1594 781 90 53 quia
1651 781 101 53 sicut
1718 781 101 53 color
1785 781 123 53 similis
1875 781 79 53 est
1909 781 67 53 colo

1261 813 80 59 ri:
1306 813 80 59 ita
1352 813 115 59 figura
1432 813 126 59 similis
1524 813 80 59 est
1570 813 126 59 figure.
1661 813 92 59 Alio
1719 813 92 59 modo
1776 813 137 59 secundum
1867 813 115 59 intentio

1254 864 84 52 nem
1302 864 143 52 multorum
1409 864 167 52 loquentium
1540 864 131 52 dicitur
1636 864 155 52 analogum.
1755 864 119 52 quando
1839 864 119 52 aliqua
1910 864 72 52 deno

1254 902 164 57 minantur
1377 902 123 57 eodem
1459 902 137 57 nomine
1555 902 96 57 non
1609 902 150 57 propter
1719 902 164 57 vnitatem
1828 902 150 57 conceptus

1261 947 133 60 communis
1361 947 89 60 eis.
1416 947 78 60 sed
1461 947 122 60 propter
1550 947 167 60 identitatem
1683 947 133 60 alicuius
1783 947 133 60 alterius
1883 947 89 60 quod
1927 947 56 60 pri

1270 999 75 50 mo
1307 999 200 50 significatur
1469 999 100 50 isto
1532 999 137 50 nomine:
1632 999 75 50 ad
1669 999 100 50 quod
1731 999 100 50 ipsa
1794 999 125 50 habent
1869 999 112 50 aliqua-

1266 1036 76 61 lem
1310 1036 195 61 attributionem.
1472 1036 65 61 et
1505 1036 76 61 hoc
1548 1036 130 61 secundum
1646 1036 87 61 quod
1700 1036 65 61 in
1733 1036 174 61 diffinitione
1863 1036 119 61 exprimen-

1258 1084 66 54 te
1291 1084 88 54 quid
1346 1084 132 54 nominis.
1445 1084 132 54 secundum
1545 1084 88 54 quod
1600 1084 121 54 dicitur
1688 1084 66 54 de
1721 1084 99 54 illis
1787 1084 121 54 ponitur
1876 1084 99 54 illud
1931 1084 66 54 pri-

1261 1125 99 58 mum
1317 1125 226 58 significatum
1501 1125 85 58 in
1544 1125 156 58 obliquo
1657 1125 85 58 et
1699 1125 156 58 aliquid
1812 1125 127 58 aliud
1897 1125 85 58 in
1925 1125 57 58 re

1267 1167 110 59 cto.
1336 1167 123 59 sicut
1418 1167 219 59 exemplificat
1596 1167 82 59 de
1637 1167 110 59 sano
1705 1167 164 59 respectu
1829 1167 164 59 animalis
1938 1167 55 59 et

1261 1216 168 55 respectu
1387 1216 126 55 diete
1472 1216 84 55 et
1514 1216 140 55 vrine.
1612 1216 84 55 Ad
1654 1216 197 55 propositum
1808 1216 112 55 dico
1879 1216 112 55 quod
1935 1216 56 55 a-

1270 1256 125 56 nalogum
1361 1256 102 56 primo
1429 1256 91 56 modo
1486 1256 80 56 est
1532 1256 148 56 equiuocum
1645 1256 182 56 simpliciter.
1793 1256 80 56 non
1839 1256 102 56 tamen
1907 1256 57 56 a
1919 1256 68 56 casu

1271 1298 69 64 sed
1311 1298 50 64 a
1331 1298 119 64 cosilio.
1420 1298 59 64 et
1449 1298 69 64 hoc
1489 1298 89 64 dicit
1548 1298 149 64 philosophus
1667 1298 69 64 ii.
1707 1298 99 64 poste.
1776 1298 79 64 quod
1826 1298 99 64 simile
1895 1298 79 64 quod
1935 1298 59 64 dici

1270 1356 98 48 tur
1326 1356 84 48 de
1368 1356 140 48 colore
1466 1356 168 48 respectu
1592 1356 168 48 coloris.
1718 1356 84 48 et
1760 1356 84 48 de
1802 1356 140 48 figura
1886 1356 98 48 respe

1268 1390 91 54 ctu
1320 1390 130 54 figure
1411 1390 91 54 est
1462 1390 181 54 equiuocum.
1605 1390 78 54 et
1644 1390 156 54 secundum
1761 1390 169 54 analogiam
1877 1390 117 54 dictum.

1273 1437 90 51 Unde
1329 1437 101 51 dicit
1397 1437 79 51 sic
1442 1437 169 51 philosophus
1577 1437 124 51 similem
1667 1437 90 51 esse
1723 1437 124 51 colorem
1813 1437 113 51 colori
1892 1437 68 51 et
1914 1437 79 51 figu-

1261 1480 76 48 ram
1305 1480 109 48 figure
1381 1480 98 48 aliam
1446 1480 109 48 causam
1522 1480 120 48 oportet
1609 1480 98 48 esse.
1675 1480 141 48 equiuocum
1783 1480 87 48 enim
1838 1480 76 48 est
1881 1480 109 48 simile
1946 1480 44 48 in

1264 1525 128 54 omnibus
1357 1525 81 54 hoc
1404 1525 116 54 quidem
1485 1525 93 54 enim
1543 1525 151 54 fortassis
1660 1525 81 54 est
1706 1525 139 54 secundum
1811 1525 151 54 analogiam
1915 1525 70 54 habe

1261 1564 76 60 re
1299 1564 126 60 latera
1388 1564 76 60 et
1426 1564 139 60 equales
1527 1564 152 60 angulos.
1640 1564 76 60 in
1678 1564 164 60 coloribus
1805 1564 114 60 autem
1868 1564 126 60 secundum

1270 1609 89 58 vnum
1326 1609 89 58 esse
1382 1609 78 58 aut
1426 1609 123 58 aliquod
1516 1609 101 58 aliud
1583 1609 156 58 huiusmodi.
1706 1609 134 58 secundum
1806 1609 101 58 autem
1862 1609 134 58 analogiam.

1268 1652 76 59 he
1306 1652 115 59 eedem
1383 1652 115 59 sunt.
1459 1652 127 59 medium
1548 1652 76 59 se
1587 1652 115 59 habet
1663 1652 140 59 secundu
1765 1652 178 59 analogiam.
1905 1652 76 59 Ex
1930 1652 64 59 quo

1269 1697 105 65 patet
1339 1697 93 65 quod
1398 1697 105 65 illud
1467 1697 140 65 analogum
1572 1697 82 65 est
1619 1697 140 65 equocum.
1724 1697 70 65 et
1759 1697 82 65 ita
1806 1697 105 65 patet
1875 1697 70 65 ad
1899 1697 93 65 primam

1279 1743 166 55 auctoritat.
1412 1743 55 55 ⁋
1434 1743 67 55 Ad
1467 1743 133 55 secundum
1567 1743 89 55 quod
1623 1743 100 55 sanum
1689 1743 78 55 non
1734 1743 122 55 dicitur
1822 1743 122 55 vniuoce
1911 1743 78 55 vel
1944 1743 67 55 equi

1268 1784 106 55 uoce
1334 1784 199 55 equocatione
1493 1784 66 55 a
1520 1784 119 55 casu.
1599 1784 93 55 vel
1652 1784 106 55 tali
1719 1784 106 55 quae
1785 1784 93 55 est
1838 1784 146 55 eiusdem
1931 1784 66 55 no-

1267 1828 114 56 minis
1343 1828 88 56 non
1394 1828 114 56 eodem
1469 1828 101 56 modo
1533 1828 114 56 plura
1608 1828 227 56 significantur:
1798 1828 88 56 ita
1848 1828 101 56 quod
1912 1828 76 56 in
1937 1828 63 56 nul

1277 1875 85 54 lo
1319 1875 212 54 significato
1489 1875 99 54 vel
1545 1875 85 54 in
1588 1875 127 54 nulla
1672 1875 226 54 diffinitione
1842 1875 155 54 exprimen-

1270 1918 86 57 te
1313 1918 115 57 quid
1384 1918 158 57 nominis
1499 1918 158 57 ponitur
1613 1918 129 57 aliud
1699 1918 243 57 significatum.
1900 1918 100 57 nec
1943 1918 57 57 in

1280 1957 81 60 se
1320 1957 94 60 nec
1374 1957 81 60 in
1414 1957 94 60 suo
1468 1957 161 60 conceptu
1589 1957 94 60 vel
1642 1957 94 60 suo
1696 1957 148 60 nomine.
1803 1957 161 60 qualiter
1911 1957 94 60 tamen

1272 2005 103 59 ens
1331 2005 161 59 dicatur
1448 2005 103 59 nec
1507 2005 161 59 vniuoce
1624 2005 103 59 nec
1683 2005 161 59 equoce.
1800 2005 88 59 de
1844 2005 117 59 isto
1903 2005 88 59 post

1279 2051 85 54 ea
1321 2051 156 54 patebit
1434 2051 71 54 ⁋
1463 2051 85 54 Ad
1505 2051 170 54 secundum
1632 2051 141 54 dubium
1731 2051 127 54 dico:
1816 2051 113 54 quod
1873 2051 127 54 predica

1282 2092 108 58 tum
1343 2092 262 58 denominatiuum
1559 2092 262 58 multipliciter
1775 2092 216 58 accipitur.
1929 2092 77 58 Uno

1270 2135 134 61 modo
1354 2135 235 61 largissime
1539 2135 117 61 pro
1606 2135 134 61 omni
1689 2135 218 61 predicato
1857 2135 134 61 quod
1924 2135 84 61 non

1279 2183 83 55 ex
1321 2183 124 55 forma
1403 2183 207 55 praedicandi
1568 2183 165 55 supponit
1692 2183 96 55 pro
1747 2183 124 55 eodem
1830 2183 96 55 pro
1885 2183 96 55 quo
1926 2183 83 55 sub-

1279 2226 140 57 iectum
1377 2226 182 57 supponit.
1517 2226 98 57 vel
1573 2226 84 57 si
1615 2226 84 57 ex
1656 2226 126 57 forma
1740 2226 210 57 praedicandi
1894 2226 112 57 suppo-

1271 2274 93 50 nat
1324 2274 93 50 pro
1377 2274 133 50 eodem.
1470 2274 120 50 tamen
1550 2274 160 50 connotat
1670 2274 146 50 aliquam
1777 2274 226 50 praedicatione
1950 2274 53 50 de

1277 2320 206 50 subiecto.
1436 2320 95 50 in
1483 2320 111 50 qua
1547 2320 174 50 termini
1673 2320 111 50 non
1737 2320 206 50 supponunt
1895 2320 111 50 pro
1943 2320 63 50 eo

1277 2367 99 46 dem
1334 2367 85 46 et
1376 2367 113 46 isto
1447 2367 113 46 modo
1518 2367 128 46 omnis
1603 2367 199 46 predicatio
1759 2367 113 46 quae
1830 2367 99 46 non
1887 2367 99 46 est
1929 2367 71 46 vni

1283 2402 130 56 uoca
1364 2402 97 56 et
1412 2402 97 56 in
1461 2402 130 56 quid
1542 2402 113 56 nec
1607 2402 211 56 equiuoca:
1769 2402 113 56 est
1818 2402 194 56 denominati

1281 2447 104 61 ua.
1340 2447 104 61 Sub
1400 2447 118 61 ista
1474 2447 222 61 continentur
1651 2447 148 61 omnens
1755 2447 251 61 predicationes
1947 2447 59 61 in

1278 2489 180 68 obliquo.
1413 2489 90 68 et
1458 2489 135 68 omnes
1548 2489 270 68 equipollentes.
1774 2489 105 68 sed
1834 2489 105 68 sic
1894 2489 105 68 non
1939 2489 60 68 lo

1281 2533 128 77 quitur
1371 2533 192 77 philosophus
1524 2533 77 77 in
1562 2533 115 77 libro
1639 2533 256 77 predicamentorum.
1856 2533 128 77 Aliter
1946 2533 77 77 ad
