2267 3089
466 238 170 71 pluribus
593 238 213 71 praedicatur
764 238 113 71 quae
834 238 241 71 attributionem
1033 238 142 71 habent
1132 238 85 71 ad

475 296 122 51 vnum.
557 296 68 51 ⁋
584 296 82 51 Ad
625 296 136 51 sextum
720 296 109 51 dico
788 296 109 51 quod
856 296 163 51 sufficit
979 296 82 51 ad
1006 296 177 51 intentionem

469 333 175 67 philosophi
607 333 113 67 cotra
682 333 163 67 prmenidem
807 333 75 67 et
845 333 163 67 mellissum
970 333 100 67 quod
1033 333 88 67 ens
1083 333 75 67 de
1108 333 75 67 plu-

469 382 125 52 ribus
553 382 222 52 praedicatur.
733 382 111 52 siue
803 382 167 52 equiuoce
928 382 111 52 siue
997 382 167 52 vniuoce.
1109 382 83 52 quia

474 425 110 62 ipsi
543 425 165 62 negabant
667 425 124 62 omnem
750 425 303 62 pluralitatemrerum.
1011 425 83 62 et
1052 425 96 62 ita
1094 425 96 62 argu-

478 476 98 44 ere
534 476 139 44 contra
631 476 98 44 eos
687 476 125 44 nihil
771 476 139 44 refert
868 476 112 44 siue
938 476 112 44 vnum
1008 476 84 44 et
1050 476 98 44 ens
1091 476 98 44 dican

467 514 110 51 tur
530 514 266 51 multipticiter
749 514 172 51 vniuoce
874 514 125 51 siue
952 514 203 51 equiuoce.
1093 514 94 51 quia

472 554 166 62 quocumque
600 554 140 62 illorum
702 554 140 62 posito.
804 554 127 62 semper
893 554 166 62 contingit
1020 554 140 62 inferre
1110 554 76 62 plu-

472 602 169 58 ralitate
598 602 127 58 rerum
683 602 112 58 quam
753 602 112 58 ipsi
823 602 169 58 negabant
950 602 70 58 ⁋
978 602 84 58 Ad
1020 602 169 58 septimum
1133 602 56 58 et

481 637 66 65 ad
514 637 99 65 omnes
580 637 88 65 auc.
635 637 88 65 dico
691 637 88 65 quod
746 637 77 65 non
790 637 77 65 est
834 637 121 65 aliquod
922 637 143 65 vniuocum.
1033 637 77 65 sic
1077 637 88 65 quod
1121 637 66 65 ali-

471 686 120 64 quid
546 686 211 64 essentiale
712 686 181 64 creature
847 686 105 64 vel
907 686 226 64 accidentale
1073 686 120 64 habeat

470 732 169 63 perfectam
600 732 221 63 similitudinem
782 732 91 63 cum
834 732 130 63 aliquo
925 732 104 63 quod
990 732 91 63 est
1042 732 156 63 realiter
1146 732 52 63 in

470 774 114 55 deo.
541 774 86 55 et
584 774 129 55 talem
670 774 243 55 vniuocationem
870 774 143 55 negant
970 774 114 55 omns
1042 774 143 55 sancti
1128 774 72 55 re-

472 827 138 55 spectu
569 827 96 55 dei
624 827 83 55 et
665 827 179 55 creature.
803 827 96 55 non
858 827 124 55 tamen
941 827 138 55 negant
1024 827 165 55 vniuocatio

465 861 93 56 nem
518 861 173 56 conceptus
651 861 227 56 praedicabilis
838 861 80 56 de
878 861 93 56 deo
931 861 67 56 a
958 861 160 56 creatura
1078 861 80 56 in
1118 861 107 56 quid

480 907 75 64 per
523 907 65 64 se
556 907 97 64 primo
620 907 97 64 modo.
685 907 65 64 Et
717 907 65 64 si
749 907 118 64 dicatur
835 907 129 64 secundum
932 907 161 64 philosophum
1061 907 65 64 in
1083 907 118 64 praedica-

472 951 144 56 mentis:
577 951 144 56 vniuoca
681 951 105 56 sunt
746 951 131 56 quorum
838 951 118 56 nomen
916 951 144 56 commune
1021 951 92 56 est
1073 951 78 56 et
1099 951 92 56 ratio

477 993 216 59 substantialis
655 993 127 59 eadem.
745 993 89 59 sed
795 993 89 59 ens
846 993 89 59 non
897 993 115 59 habet
974 993 140 59 aliquam
1063 993 127 59 rationem

481 1039 210 58 substantialem
654 1039 136 58 eandem.
753 1039 99 58 quia
815 1039 87 58 non
864 1039 111 58 habet
939 1039 223 58 diffinitionem.
1112 1039 74 58 ergo

475 1084 88 55 non
526 1084 88 55 est
576 1084 164 55 vniuocum.
703 1084 164 55 Respondeo
829 1084 101 55 quod
892 1084 189 55 philosophus
1044 1084 126 55 ibidem
1119 1084 76 55 acci

483 1125 97 62 pit
539 1125 166 62 rationem
663 1125 222 62 substantiale
844 1125 97 62 pro
899 1125 166 62 conceptu
1024 1125 97 62 vno
1065 1125 139 62 abstrahi

474 1170 101 59 bili
537 1170 76 59 ab
575 1170 139 59 omnibus
676 1170 113 59 illis
752 1170 76 59 de
790 1170 126 59 quibus
878 1170 139 59 dicitur
979 1170 113 59 illud
1054 1170 126 59 nomen.
1130 1170 63 59 non

476 1226 102 47 autem
544 1226 80 47 pro
589 1226 182 47 diffinitione
737 1226 125 47 proprie
828 1226 114 47 dicta.
908 1226 68 47 et
942 1226 125 47 concedo
1033 1226 91 47 quod
1078 1226 114 47 secundum

471 1257 117 55 talem
549 1257 155 55 rationem
665 1257 220 55 substantialem
846 1257 129 55 eandem
937 1257 142 55 dicitur
1041 1257 91 55 ens
1092 1257 78 55 de
1118 1257 78 55 omni

485 1302 95 64 bus
540 1302 82 64 de
581 1302 136 64 quibus
676 1302 218 64 praedicatur.
853 1302 68 64 ⁋
880 1302 82 64 Ad
921 1302 82 64 ad
962 1302 191 64 argumentum
1098 1302 95 64 prin-

482 1346 125 56 cipale
570 1346 113 56 patet
645 1346 100 56 quod
708 1346 213 56 quantumcumque
883 1346 100 56 deus
945 1346 75 56 et
983 1346 150 56 creatura
1095 1346 100 56 sint
1145 1346 63 56 re-

472 1390 136 55 aliter
568 1390 190 55 distincta.
717 1390 122 55 tamen
799 1390 150 55 possunt
908 1390 136 55 habere
1003 1390 150 55 aliquem
1098 1390 109 55 conce-

482 1440 102 60 ptum
546 1440 153 60 vniuocum
661 1440 217 60 praedicabilem
840 1440 77 60 de
878 1440 102 60 eis.
942 1440 153 60 Questio.
1057 1440 77 60 x.
1096 1440 89 60 dis
1134 1440 64 60 ii.

647 1481 265 107 Irca
813 1481 298 107 istam
978 1481 232 107 parte

672 1559 150 59 istius
777 1559 165 59 distin.
897 1559 150 59 vltimo
1003 1559 150 59 quero.
1093 1559 105 59 Utrum

679 1620 116 43 tantum
761 1620 81 43 sit
807 1620 93 43 vnus
865 1620 105 43 deus.
935 1620 93 43 Quod
993 1620 93 43 non.
1051 1620 93 43 quia
1109 1620 81 43 ens
1144 1620 58 43 sim

688 1654 108 63 pliter
764 1654 108 63 primum
840 1654 76 63 est
883 1654 97 63 deus.
948 1654 76 63 sed
991 1654 76 63 non
1035 1654 76 63 est
1078 1654 108 63 tantum
1143 1654 65 63 vnum

484 1709 87 51 ens
533 1709 186 51 simpliciter
682 1709 136 51 primum.
781 1709 99 51 ergo
843 1709 87 51 non
892 1709 87 51 est
942 1709 124 51 tantum
1028 1709 99 51 vnus
1090 1709 111 51 deus.
1152 1709 62 51 ma-

490 1743 84 57 ior
538 1743 120 57 patet.
622 1743 108 57 minor
693 1743 120 57 probo.
777 1743 96 57 quia
837 1743 84 57 non
885 1743 108 57 magis
957 1743 84 57 est
1005 1743 96 57 vnum
1052 1743 156 57 simpliciter

486 1788 133 60 primum
579 1788 80 60 in
619 1788 107 60 toto
685 1788 133 60 ordine
779 1788 133 60 entium
872 1788 107 60 quam
939 1788 80 60 in
979 1788 133 60 aliquo
1072 1788 133 60 ordine
1152 1788 53 60 en

493 1830 114 53 tium
564 1830 227 53 determinato.
748 1830 99 53 sed
805 1830 85 53 in
848 1830 142 53 multis
947 1830 185 53 ordinibus
1075 1830 128 53 entium.

490 1875 86 50 non
539 1875 86 50 est
588 1875 136 50 aliquod
687 1875 99 50 vnum
749 1875 136 50 primum:
847 1875 86 50 sed
897 1875 86 50 est
946 1875 160 50 processus
1069 1875 74 50 in
1094 1875 111 50 infini-

494 1919 105 58 tum.
560 1919 119 58 sicut
639 1919 119 58 patet
718 1919 79 58 in
757 1919 145 58 numeris
863 1919 79 58 et
902 1919 145 58 figuris
1007 1919 79 58 et
1034 1919 171 58 intellectio

487 1966 137 54 nibus.
583 1966 110 54 ergo
652 1966 110 54 etc.
720 1966 82 54 Ad
762 1966 192 54 oppositum.
912 1966 137 54 Exodi.
1008 1966 110 54 iii.
1077 1966 110 54 Audi
1132 1966 82 54 isra

497 2002 81 58 el
537 2002 135 58 domins
632 2002 108 58 deus
699 2002 108 58 tuus
767 2002 108 58 vnus
834 2002 108 58 est.
902 2002 68 58 ⁋
929 2002 122 58 Circa
1010 2002 135 58 istam.
1104 2002 81 58 q.
1131 2002 81 58 quia

502 2050 175 52 poasequens
639 2050 187 52 intelligunt
789 2050 100 52 deum
851 2050 100 52 esse
913 2050 87 52 ens
963 2050 187 52 simpliciter
1101 2050 112 52 primum.

491 2093 122 53 ideo
567 2093 138 53 primo
659 2093 183 53 videndum
796 2093 122 53 est.
873 2093 138 53 Utrum
964 2093 107 53 sit
1026 2093 168 53 aliquod
1133 2093 76 53 ens

488 2133 190 60 simpliciter
640 2133 139 60 primum:
742 2133 89 60 ita
793 2133 101 60 quod
856 2133 114 60 nihil
932 2133 89 60 sit
983 2133 114 60 prius
1059 2133 89 60 eo.
1097 2133 114 60 Secundo

490 2181 81 58 an
531 2181 108 58 tale
599 2181 95 58 ens
653 2181 135 58 primum
748 2181 95 58 sit
802 2181 149 58 precise
910 2181 108 58 vnum
978 2181 108 58 sine
1046 2181 135 58 talium
1127 2181 81 58 plu-

503 2222 147 63 ralitate.
616 2222 57 63 ⁋
639 2222 102 63 Circa
707 2222 113 63 primum
786 2222 136 63 dicitur:
888 2222 91 63 quod
945 2222 113 63 potest
1024 2222 125 63 probari
1115 2222 91 63 quod
1160 2222 57 63 est

505 2266 160 60 aliquod
621 2266 102 60 ens
679 2266 145 60 primum
780 2266 189 60 primitate
925 2266 232 60 causalitatis
1099 2266 116 60 effes-

501 2310 133 60 ctiue
590 2310 89 60 et
634 2310 163 60 finalis
753 2310 89 60 et
797 2310 192 60 primitate
945 2310 207 60 eminentie.
1093 2310 118 60 Primum

496 2354 149 68 probatur
607 2354 99 68 sic:
669 2354 136 68 aliquod
768 2354 87 68 est
818 2354 198 68 effectibile.
979 2354 87 68 aut
1028 2354 99 68 ergo
1090 2354 62 68 a
1115 2354 87 68 se.
1152 2354 62 68 aut

493 2405 68 54 a
521 2405 135 54 nullo.
615 2405 95 54 aut
669 2405 81 54 ab
710 2405 135 54 aliquo
804 2405 122 54 alio.
885 2405 95 54 Non
939 2405 122 54 alse.
1020 2405 95 54 nec
1074 2405 95 54 est
1128 2405 68 54 a
1142 2405 81 54 nul-

496 2444 80 60 lo.
541 2444 115 60 patet.
622 2444 92 60 ergo
679 2444 69 60 ab
714 2444 103 60 alio.
783 2444 80 60 sit
829 2444 115 60 illud.
909 2444 69 60 a.
943 2444 92 60 tunc
1001 2444 115 60 quero.
1081 2444 92 60 aut.
1139 2444 69 60 a.
1162 2444 57 60 est

494 2485 213 65 simpliciter
664 2485 156 65 primum.
777 2485 85 65 et
820 2485 156 65 habetur
933 2485 213 65 propositum.
1104 2485 99 65 Aut
1146 2485 71 65 non

507 2541 76 48 et
545 2541 101 48 tunc
608 2541 88 48 est
659 2541 76 48 ab
697 2541 101 48 alio
760 2541 202 48 effectibile.
924 2541 88 48 sit
974 2541 126 48 illud.
1063 2541 76 48 b.
1100 2541 76 48 et
1126 2541 88 48 quero

495 2571 89 68 de.
546 2571 77 68 b.
585 2571 115 68 sicut
661 2571 128 68 prius.
751 2571 77 68 et
789 2571 89 68 ita
840 2571 89 68 vel
891 2571 102 68 erit
955 2571 166 68 processus
1083 2571 77 68 in
1108 2571 115 68 infini-

491 2614 120 72 tum.
566 2614 105 72 vel
626 2614 181 72 stabitur
762 2614 90 72 ad
807 2614 165 72 aliquid
927 2614 226 72 simpliciter
1093 2614 135 72 primum.

1283 221 91 73 sed
1335 221 194 73 impossibile
1490 221 91 73 est
1542 221 130 73 ponere
1633 221 169 73 processum
1763 221 78 73 in
1802 221 181 73 infinitum.
1931 221 78 73 ergo

1291 281 85 54 est
1339 281 121 54 status
1424 281 73 54 ad
1461 281 133 54 aliquid
1558 281 182 54 simpliciter
1703 281 133 54 primum.
1800 281 61 54 ⁋
1824 281 73 54 Et
1861 281 73 54 si
1885 281 121 54 instetur

1295 329 91 63 quod
1352 329 137 63 secundum
1454 329 171 63 philosophum
1591 329 68 63 in
1625 329 205 63 generationibus
1796 329 80 63 est
1841 329 114 63 ponere
1910 329 102 63 proces-

1292 371 90 59 sum
1343 371 77 59 in
1382 371 179 59 infinitum.
1523 371 141 59 dicitur
1625 371 102 59 quod
1689 371 102 59 ista
1753 371 166 59 instantia
1881 371 90 59 non
1919 371 90 59 valet

1286 416 85 55 qui
1334 416 170 55 philosophi
1468 416 85 55 non
1516 416 158 55 posuerunt
1637 416 158 55 processum
1759 416 73 55 in
1795 416 158 55 infinitum
1916 416 73 55 in
1940 416 61 55 cau

1288 465 87 46 sis
1337 465 210 46 essentialiter
1510 465 173 46 ordinatis.
1646 465 87 46 sed
1696 465 124 46 tantum
1782 465 74 46 in
1807 465 198 46 accidentaliter

1285 502 186 58 ordinatis.
1431 502 120 58 Circa
1511 502 106 58 quod
1577 502 133 58 dicunt
1670 502 106 58 esse
1736 502 159 58 sciendum
1856 502 106 58 quod
1909 502 93 58 aliud

1292 548 88 51 est
1343 548 113 51 loqui
1418 548 75 51 de
1456 548 126 51 causis
1544 548 88 51 per
1594 548 75 51 se
1632 548 75 51 et
1670 548 88 51 per
1720 548 163 51 accidens.
1846 548 75 51 et
1883 548 113 51 aliud
1946 548 63 51 est

1285 590 118 54 loqui
1363 590 79 54 de
1403 590 131 54 causis
1494 590 92 54 per
1547 590 79 54 se
1586 590 105 54 siue
1651 590 223 54 essentialiter
1835 590 79 54 et
1861 590 157 54 accidenta-

1293 635 111 57 liter
1367 635 173 57 ordinatis.
1503 635 86 57 Nam
1552 635 74 57 in
1589 635 111 57 primo
1663 635 124 57 tantum
1750 635 86 57 est
1799 635 173 57 comperatio
1923 635 86 57 vnius

1293 686 61 50 ad
1323 686 92 50 vnum.
1385 686 92 50 cause
1446 686 123 50 scilicet
1539 686 61 50 ad
1569 686 133 50 effectum.
1672 686 61 50 Et
1702 686 72 50 est
1743 686 92 50 causa
1805 686 72 50 per
1846 686 61 50 se
1877 686 82 50 quae
1918 686 102 50 secundum

1282 725 135 46 naturam
1380 725 147 46 propriam
1491 725 74 46 et
1527 725 86 46 non
1577 725 147 46 secundum
1687 725 135 46 aliquid
1786 725 98 46 sibi
1847 725 147 46 accidens
1945 725 74 46 cau-

1281 768 105 53 sat.
1347 768 79 53 et
1386 768 119 53 causa
1465 768 92 53 per
1518 768 158 53 accidens
1636 768 184 53 econuerso.
1781 768 79 53 In
1821 768 145 53 secundo
1913 768 92 53 autem

1289 808 93 57 est
1342 808 159 57 compatio
1461 808 133 57 duarum
1554 808 159 57 causarum
1673 808 119 57 inter
1753 808 80 57 se
1793 808 172 57 inquantum
1925 808 93 57 est
1965 808 53 57 ab

1293 853 83 56 eis
1341 853 155 56 causatum.
1460 853 71 56 Et
1496 853 155 56 differunt
1615 853 119 56 causae
1698 853 83 56 per
1746 853 71 56 se
1782 853 95 56 siue
1829 853 179 56 essentialiter

1283 901 161 62 ordinate
1403 901 80 62 et
1443 901 94 62 per
1497 901 161 62 accidens
1617 901 107 62 siue
1684 901 241 62 accidentaliter
1871 901 134 62 ordinate

1287 941 74 61 in
1324 941 135 61 tribus.
1422 941 61 61 ⁋
1446 941 110 61 Prima
1520 941 184 61 differentia
1667 941 98 61 est.
1729 941 74 61 in
1765 941 110 61 perse
1839 941 172 61 ordinatis.
1962 941 49 61 Se

1286 985 130 62 cunda
1372 985 188 62 inquantum
1517 985 130 62 causa
1603 985 173 62 dependet
1733 985 72 62 a
1762 985 144 62 prima.
1864 985 87 62 in
1892 985 116 62 pracci

1280 1031 112 55 dens
1350 1031 112 55 non:
1420 1031 126 55 licet
1505 1031 84 55 in
1547 1031 112 55 esse
1617 1031 98 55 vel
1673 1031 84 55 in
1715 1031 140 55 aliquo
1813 1031 112 55 alio
1870 1031 140 55 depedeat

1288 1080 55 58 ⁋
1310 1080 120 58 Secunda
1397 1080 164 58 differentia
1528 1080 87 58 est.
1583 1080 87 58 quod
1637 1080 65 58 in
1670 1080 98 58 perse
1735 1080 142 58 ordinatis
1844 1080 76 58 est
1877 1080 131 58 causalitas

1297 1127 149 45 alterius
1409 1127 162 45 rationis.
1533 1127 100 45 quia
1595 1127 149 45 superior
1707 1127 87 45 est
1757 1127 187 45 perfectior.
1906 1127 75 45 in
1931 1127 87 45 acci-

1285 1161 193 60 dentaliter
1437 1161 179 60 ordinatis
1574 1161 110 60 non.
1643 1161 96 60 hec
1698 1161 165 60 sequitur
1822 1161 83 60 ex
1864 1161 138 60 prima.
1946 1161 69 60 nam

1291 1208 111 49 nulla
1365 1208 111 49 causa
1439 1208 62 49 a
1463 1208 111 49 causa
1537 1208 136 49 eiusdem
1636 1208 148 49 rationis
1747 1208 148 49 dependet
1846 1208 160 49 essentialie

1285 1249 84 57 in
1327 1249 182 57 causando.
1467 1249 84 57 et
1508 1249 84 57 in
1550 1249 195 57 causatione
1704 1249 168 57 alicuius
1830 1249 168 57 sufficit
1941 1249 84 57 vnum

1291 1295 100 52 vnius
1358 1295 144 52 rationis.
1469 1295 56 52 ⁋
1491 1295 111 52 Tertia
1569 1295 167 52 differentia
1702 1295 89 52 est.
1757 1295 89 52 quod
1813 1295 100 52 omnes
1880 1295 100 52 cause
1935 1295 89 52 essen-

1299 1343 153 49 tialiter
1414 1343 153 49 ordinate
1529 1343 192 49 neccessario
1683 1343 115 49 simul
1759 1343 192 49 requiruntur
1913 1343 77 49 ad
1938 1343 77 49 cau-

1295 1383 158 51 sandum.
1410 1383 173 51 alioquin
1540 1383 144 51 aliqua
1640 1383 101 51 per
1698 1383 86 51 se
1741 1383 202 51 causalitas
1885 1383 130 51 deesset

1295 1426 180 52 effectui.
1434 1426 83 52 In
1476 1426 250 52 accidentaliter
1684 1426 125 52 autem
1767 1426 180 52 ordinatis
1906 1426 97 52 non
1948 1426 69 52 est

1283 1469 111 55 sic.
1352 1469 111 55 quia
1422 1469 97 55 non
1477 1469 194 55 requiritur
1630 1469 166 55 simultas
1755 1469 125 55 earum
1838 1469 83 55 in
1865 1469 153 55 causando.

1286 1510 68 62 ⁋
1314 1510 82 62 Ex
1355 1510 123 62 istis
1437 1510 205 62 ostenditur.
1601 1510 109 62 quod
1669 1510 178 62 infinitas
1806 1510 164 62 causarum
1916 1510 109 62 essen-

1295 1560 151 53 tialiter
1408 1560 188 53 ordinatarum
1559 1560 88 53 est
1609 1560 213 53 impossibilis.
1785 1560 138 53 Secundo
1885 1560 100 53 quod
1935 1560 88 53 infi-

1289 1605 129 50 nitas
1375 1605 259 50 accidentaliter
1591 1605 216 50 ordinatarum
1763 1605 101 50 est
1807 1605 201 50 impossibilis

1286 1643 110 63 nisi
1355 1643 152 63 ponatur
1466 1643 138 63 status
1562 1643 83 63 in
1604 1643 235 63 essentialiter
1797 1643 193 63 ordinatis.
1948 1643 69 63 ⁋
1962 1643 83 63 Prim

1302 1690 94 51 mum
1355 1690 162 51 probatur
1477 1690 135 51 primo.
1571 1690 108 51 quia
1639 1690 202 51 vniuersitas
1801 1690 189 51 causatorum
1936 1690 94 51 essen

1298 1743 163 50 tialiter
1421 1743 204 50 ordinatorum
1584 1743 95 50 est
1638 1743 163 50 causata.
1761 1743 109 50 ergo
1829 1743 82 50 ab
1870 1743 136 50 aliqua
1951 1743 82 50 cau-

1299 1774 73 53 sa
1335 1774 86 53 que
1384 1774 86 53 non
1433 1774 86 53 est
1482 1774 134 53 aliquid
1580 1774 220 53 vniuersitatis.
1763 1774 98 53 quia
1824 1774 98 53 tunc
1885 1774 110 53 esset
1946 1774 86 53 causa

1299 1819 206 57 suiipsius.
1461 1819 118 57 tota
1535 1819 118 57 enim
1608 1819 221 57 vniuersitas
1785 1819 235 57 dependentium
1961 1819 59 57 de

1292 1861 131 62 pendet
1384 1861 79 62 et
1423 1861 66 62 a
1450 1861 118 62 nullo
1529 1861 131 62 illius
1621 1861 237 62 vniuersitatis.
1818 1861 66 62 ⁋
1844 1861 145 62 Secundo
1936 1861 79 62 quia

1300 1908 131 48 cause
1388 1908 174 48 infinite
1518 1908 145 48 essent
1620 1908 131 48 simul
1707 1908 87 48 in
1751 1908 116 48 actu
1824 1908 87 48 ex
1867 1908 145 48 tertia
1954 1908 73 48 dif

1299 1950 158 55 ferentia.
1421 1950 61 55 ⁋
1445 1950 134 55 Tertio.
1543 1950 98 55 quia
1604 1950 110 55 prius
1677 1950 85 55 est
1725 1950 98 55 quod
1786 1950 85 55 est
1835 1950 158 55 principio
1945 1950 73 55 pro-

1297 1989 176 62 pinquius.
1433 1989 95 62 ex.
1487 1989 109 62 iii.
1555 1989 136 62 metha.
1650 1989 109 62 ergo
1718 1989 95 62 vbi
1772 1989 95 62 non
1827 1989 95 62 est
1867 1989 163 62 principium

1299 2044 116 50 nihil
1376 2044 90 50 est
1428 2044 219 50 essentialiter
1608 2044 129 50 prius.
1699 2044 64 50 ⁋
1725 2044 142 50 Quarto.
1828 2044 103 50 quia
1892 2044 116 50 causa
1957 2044 64 50 su-

1296 2081 119 60 perior
1379 2081 83 60 est
1427 2081 166 60 perfectior
1557 2081 71 60 in
1593 2081 154 60 causando.
1711 2081 71 60 ex
1747 2081 119 60 tertia
1830 2081 178 60 differentia
1961 2081 59 60 erg

1305 2138 75 41 in
1342 2138 162 41 infinitum
1467 2138 150 41 superior
1579 2138 87 41 est
1629 2138 75 41 in
1667 2138 162 41 infinitum
1792 2138 187 41 perfectior.
1942 2138 75 41 et
1967 2138 62 41 ita

1312 2176 99 51 erit
1373 2176 148 51 infinite
1484 2176 197 51 perfectionis
1645 2176 74 51 in
1682 2176 160 51 causando.
1805 2176 74 51 et
1842 2176 86 51 per
1879 2176 148 51 consequens

1304 2214 129 50 nihil
1390 2214 172 50 causabit
1518 2214 86 50 in
1561 2214 157 50 virtute
1676 2214 186 50 alterius.
1819 2214 72 50 ⁋
1847 2214 157 50 Quinto.
1947 2214 86 50 quia

1297 2267 199 42 effectiuum
1453 2267 142 42 nullam
1552 2267 255 42 imperfectionem
1765 2267 128 42 ponit
1836 2267 184 42 necessario.

1308 2301 105 55 ergo
1373 2301 131 55 potest
1465 2301 105 55 esse
1531 2301 79 55 in
1570 2301 131 55 aliquo
1662 2301 105 55 sine
1727 2301 236 55 imperfectione.
1924 2301 105 55 ergo
1977 2301 52 55 si

1301 2340 85 61 ne
1343 2340 211 61 dependentia
1512 2340 85 61 ad
1555 2340 155 61 aliquid
1667 2340 141 61 prius.
1766 2340 113 61 ergo
1837 2340 113 61 etc.
1907 2340 70 61 ⁋
1921 2340 113 61 Consi-

1310 2389 149 52 militer
1419 2389 135 52 probat
1513 2389 108 52 quod
1581 2389 95 52 est
1635 2389 149 52 aliquid
1743 2389 135 52 primum
1838 2389 176 52 primitate
1959 2389 68 52 cau

1302 2435 161 52 salitatis
1426 2435 136 52 finalis
1525 2435 74 52 et
1562 2435 174 52 eminentie.
1699 2435 74 52 et
1736 2435 99 52 quod
1798 2435 99 52 ista
1860 2435 136 52 triplex
1947 2435 74 52 pri-

1299 2478 131 55 mitas
1387 2478 87 55 in
1430 2478 131 55 eodem
1517 2478 189 55 inuenitur
1663 2478 73 55 ⁋
1692 2478 87 55 Ex
1735 2478 131 55 istis
1823 2478 189 55 respondet
1968 2478 87 55 ad

1306 2520 139 51 secundum
1411 2520 151 51 articulum
1527 2520 93 51 quod
1585 2520 93 51 tale
1643 2520 163 51 principium
1771 2520 81 51 est
1818 2520 116 51 tantum
1899 2520 105 51 vnum.
1957 2520 70 51 Cir-

1302 2564 77 59 ca
1341 2564 103 59 quod
1405 2564 168 59 probandum
1534 2564 116 59 primo
1612 2564 129 59 probat
1702 2564 103 59 quod
1767 2564 103 59 tale
1831 2564 181 59 principium
1960 2564 65 59 eft

1298 2608 144 77 necesse
1402 2608 117 77 esse.
1481 2608 144 77 Secundo
1585 2608 78 77 ex
1624 2608 91 77 hoc
1677 2608 131 77 arguit
1768 2608 104 77 quod
1833 2608 91 77 est
1885 2608 131 77 tantum
1964 2608 78 77 vnum
