2285 3085
307 227 69 82 ⁋
335 227 138 82 Primum
432 227 111 82 sic.
501 227 111 82 quia
570 227 83 82 si
612 227 97 82 due
667 227 138 82 nature
764 227 111 82 sint
833 227 152 82 necesse
930 227 83 82 esse

279 297 168 52 aliquibus
408 297 155 52 propriis
525 297 207 52 realitatibus
693 297 90 52 vel
744 297 181 52 rationibus
874 297 129 52 realibus

293 344 239 53 distinguuntur:
492 344 80 53 et
532 344 173 53 dicantur.
665 344 80 53 a.
705 344 93 53 et.
758 344 80 53 b.
798 344 106 53 Tunc
865 344 120 53 arguo
931 344 80 53 sic.

283 383 93 54 iste
342 383 140 54 rationes
446 383 116 54 reales
528 383 140 54 scilicet
633 383 70 54 a.
667 383 70 54 et
702 383 70 54 b.
737 383 81 54 aut
784 383 93 54 sunt
842 383 140 54 rationes
935 383 70 54 for-

287 433 151 45 maliter
397 433 193 45 necessario
549 433 165 45 essendi.
673 433 96 45 Aut
728 433 110 45 non.
797 433 83 45 si
838 433 110 45 sic.
907 433 83 45 et
934 433 69 45 pre

278 473 96 51 ter
333 473 96 51 hoc
388 473 110 51 ista
457 473 96 51 duo
512 473 96 51 per
567 473 124 51 illud
650 473 83 51 in
691 473 96 51 quo
746 473 193 51 conueniunt
898 473 110 51 sunt
953 473 55 51 ne

276 518 109 53 cesse
349 518 97 53 esse
410 518 182 53 formaliter.
555 518 97 53 ergo
616 518 146 53 vtrumque
725 518 122 53 duabus
811 518 170 53 rationibus
932 518 73 53 for-

278 564 150 55 malibus
387 564 109 55 erit
455 564 150 55 necesse
564 564 109 55 esse
632 564 109 55 quod
700 564 95 55 est
754 564 218 55 impossibile.
917 564 82 55 quia

278 606 99 55 cum
334 606 141 55 neutra
433 606 155 55 illarum
546 606 169 55 rationum
673 606 169 55 includat
800 606 169 55 alteram.
913 606 85 55 vtra

280 651 87 50 que
329 651 136 50 illarum
428 651 211 50 circumscripta
602 651 99 50 erit
664 651 136 50 necesse
763 651 99 50 esse
825 651 87 50 per
875 651 124 50 aliam.
949 651 50 50 et

279 690 86 55 ita
328 690 99 55 erit
390 690 136 55 aliquid
489 690 136 55 necesse
587 690 99 55 esse
649 690 86 55 per
699 690 148 55 aliquid.
810 690 86 55 quo
847 690 148 55 circumscri

272 729 110 59 pto:
341 729 124 59 nihil
424 729 124 59 minus
506 729 124 59 esset
589 729 151 59 necesse
699 729 124 59 esse.
781 729 83 59 Si
822 729 110 59 vero
891 729 96 59 per
932 729 69 59 il-

282 784 93 49 las
335 784 160 49 rationes
455 784 133 49 quibus
548 784 186 49 differunt.
695 784 147 49 neutrum
801 784 93 49 sit
841 784 160 49 formaliter

279 830 127 48 necesse
372 830 104 48 esse.
441 830 93 48 ergo
499 830 93 48 ille
557 830 139 48 rationes
661 830 81 48 non
708 830 93 48 sunt
766 830 139 48 rationes
858 830 139 48 necessario

279 876 157 51 essendi.
397 876 78 51 et
436 876 92 51 ita
488 876 170 51 sequitur:
619 876 105 51 quod
684 876 131 51 neutra
776 876 183 51 includitur
920 876 78 51 in
946 876 52 51 ne

286 913 104 49 cesse
356 913 104 49 esse.
425 913 92 49 quia
482 913 161 49 quaecumque
609 913 127 49 entitas
701 913 81 49 non
747 913 81 49 est
793 913 127 49 necesse
885 913 92 49 esse
931 913 58 49 est

277 954 82 63 de
318 954 82 63 se
359 954 205 63 possibilis.
523 954 96 63 sed
578 954 123 63 nihil
660 954 178 63 possibile
797 954 191 63 includitur
933 954 55 63 in

280 1004 131 42 necesse
375 1004 107 42 esse.
446 1004 95 42 quia
506 1004 131 42 necesse
600 1004 95 42 esse
660 1004 107 42 nihil
731 1004 142 42 includit
838 1004 95 42 quod
897 1004 83 42 non
933 1004 59 42 sit

273 1045 146 54 necesse
379 1045 120 54 esse.
459 1045 93 54 vel
512 1045 120 54 ratio
592 1045 186 54 necessario
738 1045 159 54 essendi.
857 1045 66 54 ⁋
870 1045 120 54 Secundo

273 1091 151 46 probatur
387 1091 113 46 idem.
463 1091 101 46 quia
526 1091 88 46 due
576 1091 126 46 nature
664 1091 214 46 eminentissime
841 1091 88 46 non
879 1091 113 46 possunt

283 1134 96 61 esse
343 1134 72 61 in
379 1134 156 61 vniuerso.
500 1134 96 61 ergo
560 1134 84 61 nec
608 1134 84 61 duo
656 1134 168 61 effectiua.
788 1134 144 61 probatio
885 1134 108 61 anecent

278 1178 91 47 qui
330 1178 143 47 species
434 1178 78 47 se
472 1178 117 47 habet
550 1178 117 47 sicut
628 1178 143 47 numeri.
732 1178 91 47 ex.
784 1178 117 47 viii.
861 1178 130 47 metha.
939 1178 52 47 et

277 1222 81 52 per
324 1222 161 52 consequens
450 1222 81 52 due
496 1222 81 52 non
543 1222 127 52 possunt
635 1222 92 52 esse
692 1222 69 52 in
727 1222 104 52 eodem
796 1222 127 52 ordine.
888 1222 92 52 ergo
934 1222 58 52 nec

277 1268 97 54 due
333 1268 125 54 prime
416 1268 152 54 possunt
527 1268 111 54 esse
596 1268 97 54 nec
651 1268 97 54 due
707 1268 250 54 eminentissime.
915 1268 69 54 ⁋
929 1268 69 54 hoc

280 1313 103 53 etiam
348 1313 137 53 probatur
451 1313 114 53 tertio
531 1313 80 53 per
577 1313 137 53 rationem
680 1313 69 53 de
714 1313 126 53 ratione
806 1313 114 53 finis.
886 1313 92 53 quia
932 1313 57 53 due

270 1354 166 55 species
390 1354 151 55 vltime
496 1354 90 55 si
541 1354 151 55 essent
647 1354 181 55 haberent
782 1354 121 55 duas
842 1354 151 55 coordina

270 1395 134 64 tiones
363 1395 134 64 entium
457 1395 80 64 ad
497 1395 94 64 se.
550 1395 94 64 ita
604 1395 107 64 quod
670 1395 107 64 ista
737 1395 120 64 entia
817 1395 80 64 ad
857 1395 107 64 illa
911 1395 80 64 nul-

268 1434 85 66 lum
316 1434 133 66 ordinem
413 1434 145 66 haberent
522 1434 97 66 quia
583 1434 85 66 nec
632 1434 73 66 ad
668 1434 109 66 finem
741 1434 145 66 illorum.
850 1434 85 66 nam
898 1434 97 66 quae
947 1434 36 66 o

277 1485 202 56 dinarentur
435 1485 87 56 ad
479 1485 115 56 vnum
551 1485 130 56 finem
637 1485 159 56 vltimum
753 1485 101 56 non
810 1485 159 56 possent
911 1485 87 56 ordi

270 1532 107 44 nari
337 1532 80 44 ad
377 1532 134 44 alium.
470 1532 107 44 quia
537 1532 147 44 eiusdem
644 1532 147 44 causati
751 1532 107 44 duas
818 1532 107 44 esse
872 1532 107 44 causat

264 1575 162 59 totales
382 1575 103 59 vel
441 1575 192 59 perfectas
588 1575 88 59 in
633 1575 133 59 eodem
721 1575 147 59 ordine
824 1575 103 59 est
868 1575 133 59 impossi

262 1612 123 67 bile.
345 1612 110 67 tunc
413 1612 110 67 enim
482 1612 151 67 aliquid
591 1612 123 67 esset
674 1612 82 67 in
715 1612 137 67 aliquo
811 1612 137 67 ordine
893 1612 96 67 causa

271 1666 97 49 quo
327 1666 97 49 non
382 1666 153 49 posito.
494 1666 125 49 nihil
577 1666 125 49 minus
661 1666 125 49 esset
744 1666 167 49 causatum
856 1666 139 49 perfecte

264 1709 175 54 ordinata
396 1709 117 54 ergo
469 1709 88 54 ad
513 1709 117 54 vnum
586 1709 132 54 finem
674 1709 161 54 vltimum
790 1709 132 54 nullo
878 1709 117 54 modo
937 1709 58 54 or

269 1752 191 51 dinarentur
419 1752 82 51 ad
460 1752 136 51 alium.
555 1752 82 51 et
596 1752 95 51 ita
651 1752 82 51 ex
691 1752 109 51 hiis
760 1752 82 51 et
800 1752 82 51 ex
841 1752 123 51 illis
909 1752 82 51 nul-

269 1787 94 66 lo
316 1787 126 66 modo
395 1787 157 66 fieret
505 1787 126 66 vnum
584 1787 220 66 vniuersum.
757 1787 79 66 ⁋
788 1787 110 66 hoc
836 1787 157 66 confirma

275 1841 88 46 tur
326 1841 75 46 in
363 1841 150 46 communi.
476 1841 100 46 quia
538 1841 113 46 nulla
613 1841 88 46 duo
664 1841 175 46 terminatia
801 1841 138 46 possunt
889 1841 100 46 termi-

265 1876 114 59 nare
336 1876 185 59 totaliter
478 1876 228 59 dependentiam
663 1876 171 59 alicuius
791 1876 128 59 vnius
862 1876 128 59 eiusdem

259 1926 101 54 qui
316 1926 115 54 tunc
388 1926 130 54 illud
475 1926 202 54 terminaret
634 1926 231 54 dependentiam
821 1926 101 54 quo
865 1926 115 54 subtra

255 1961 107 62 cto
316 1961 138 62 nihil
408 1961 138 62 minus
500 1961 245 62 terminaretur
699 1961 123 62 illa
760 1961 215 62 dependentia.

261 2010 91 56 ita
313 2010 91 56 non
365 2010 117 56 esset
443 2010 195 56 dependentia
599 2010 78 56 ad
638 2010 130 56 illud.
729 2010 91 56 sed
781 2010 78 56 ad
820 2010 169 56 efficiens
937 2010 52 56 et

260 2057 142 63 eminens
363 2057 77 63 et
402 2057 116 63 finem
479 2057 168 63 dependent
608 2057 103 63 alia
673 2057 232 63 essentialiter.
866 2057 103 63 ergo
918 2057 64 63 nul

262 2093 82 59 le
303 2093 96 59 due
358 2093 137 59 nature
454 2093 151 59 possunt
564 2093 110 59 esse
633 2093 123 59 primo
715 2093 206 59 terminantes
879 2093 110 59 alia
934 2093 55 59 en

262 2147 76 56 tia
306 2147 131 56 secundum
404 2147 98 56 istam
470 2147 175 56 dependentiam
612 2147 142 56 triplicem
721 2147 142 56 praecise.
830 2147 76 56 est
874 2147 87 56 ergo
917 2147 66 56 ali-

273 2190 94 56 qua
326 2190 94 56 vna
380 2190 134 56 natura
473 2190 174 56 terminans
607 2190 120 56 entia
687 2190 160 56 secundum
807 2190 120 56 illam
874 2190 107 56 tripli

261 2237 95 49 cem
316 2237 230 49 dependentiam.
505 2237 81 49 et
546 2237 95 49 ita
600 2237 135 49 habens
695 2237 122 49 istam
776 2237 176 49 triplicem
898 2237 81 49 pri-

257 2268 181 65 mitatem.
392 2268 75 65 ⁋
422 2268 105 65 Sed
483 2268 150 65 contra
588 2268 196 65 praedicta
738 2268 120 65 sunt
814 2268 150 65 aliqua
904 2268 75 65 du-

276 2324 98 44 bia.
337 2324 123 44 Primum
423 2324 98 44 quod
485 2324 135 44 diciter
583 2324 74 44 de
620 2324 111 44 causa
694 2324 86 44 per
743 2324 74 44 se
780 2324 74 44 et
817 2324 111 44 causa
891 2324 86 44 per
928 2324 61 44 ac-

266 2364 138 57 cidens.
367 2364 75 57 si
405 2364 101 57 enim
468 2364 176 57 intelligat
606 2364 113 57 sicut
681 2364 163 57 communter
807 2364 201 57 intelligitur

260 2412 104 45 quod
325 2412 91 45 hec
377 2412 91 45 sit
429 2412 117 45 vera.
507 2412 143 45 calidum
611 2412 91 45 per
663 2412 78 45 se
702 2412 182 45 calefacit.
845 2412 78 45 et
884 2412 91 45 hec
923 2412 65 45 non

266 2460 104 48 album
336 2460 81 48 per
382 2460 69 48 se
416 2460 162 48 calefacit.
543 2460 81 48 sed
590 2460 92 48 quod
647 2460 81 48 hec
693 2460 81 48 sit
740 2460 104 48 vera.
809 2460 104 48 album
878 2460 81 48 per
913 2460 69 48 acci

263 2493 101 52 dens
326 2493 176 52 calefacit.
465 2493 88 52 hoc
515 2493 88 52 non
566 2493 88 52 est
616 2493 126 52 verum.
704 2493 101 52 quia
767 2493 202 52 quandocunque
918 2493 76 52 ali-

265 2544 109 55 quod
333 2544 204 55 praedicatum
497 2544 123 55 inest
579 2544 109 55 illi
647 2544 95 55 pro
701 2544 95 55 quo
756 2544 177 55 subiectum
878 2544 109 55 suppo-

269 2589 104 45 nit.
334 2589 91 45 vel
386 2589 169 45 pronomini
515 2589 207 45 demonstranti
684 2589 156 45 praecise
801 2589 117 45 illud
878 2589 91 45 pro
917 2589 65 45 quo

263 2625 184 66 subiectum
404 2625 184 66 supponit.
545 2625 85 66 et
588 2625 113 66 tali
658 2625 113 66 modo
729 2625 99 66 quo
785 2625 184 66 denotatur
912 2625 85 66 sibi

1091 237 153 80 inesse:
1202 237 111 80 illa
1271 237 194 80 propositio
1424 237 97 80 est
1479 237 208 80 simpliciter
1646 237 125 80 vera.
1729 237 97 80 sed
1771 237 55 80 in

1093 307 126 64 istis
1177 307 140 64 duabus
1275 307 280 64 propositionibus.
1512 307 154 64 calidum
1624 307 98 64 per
1680 307 84 64 se
1708 307 126 64 calefa-

1104 349 85 55 cit
1152 349 73 55 et
1189 349 109 55 album
1262 349 85 55 per
1310 349 73 55 se
1347 349 158 55 calefacit
1469 349 73 55 si
1505 349 97 55 idem
1566 349 85 55 sit
1614 349 109 55 album
1687 349 73 55 et
1712 349 109 55 calidum

1102 391 176 61 subiecta
1234 391 190 61 supponunt
1381 391 103 61 pro
1439 391 147 61 eodem.
1542 391 117 61 ergo
1615 391 88 61 si
1659 391 103 61 vna
1718 391 103 61 sit
1762 391 73 61 ve-

1099 435 92 67 ra.
1151 435 144 67 reliqua
1256 435 105 67 erit
1322 435 118 67 vera.
1400 435 66 67 ⁋
1427 435 79 67 Si
1466 435 144 67 dicatur
1571 435 105 67 quod
1636 435 105 67 tunc
1702 435 92 67 ita
1741 435 92 67 esset

1096 478 96 62 hec
1151 478 96 62 per
1206 478 83 62 se
1248 478 124 62 album
1330 478 193 62 calefacit.
1481 478 124 62 sicut
1564 478 96 62 hec
1619 478 96 62 est
1674 478 96 62 per
1729 478 96 62 se.
1770 478 55 62 ca

1093 525 119 67 lidum
1172 525 185 67 calefacit.
1317 525 105 67 Dico
1383 525 105 67 quod
1449 525 105 67 siue
1515 525 132 67 aliqua
1607 525 145 67 istarum
1713 525 92 67 sit
1752 525 66 67 per

1096 573 64 58 se
1128 573 85 58 siue
1182 573 85 58 non.
1235 573 171 58 consequentia
1373 573 75 58 non
1416 573 107 58 valet.
1491 573 85 58 quia
1544 573 139 58 possibile
1650 573 75 58 est
1693 573 117 58 aliquod
1768 573 53 58 per

1098 611 140 66 dicatum
1200 611 127 66 inesse
1289 611 165 66 aliquibus
1416 611 89 66 cum
1466 611 102 66 nota
1530 611 203 66 perseitatis:
1695 611 89 66 ita
1733 611 76 66 quod

1106 661 149 45 vtraque
1215 661 149 45 illarum
1324 661 231 45 propositionum
1514 661 149 45 sumatur
1623 661 82 45 in
1664 661 122 45 sensu
1731 661 82 45 diui

1095 705 93 54 so.
1148 705 93 54 vel
1201 705 146 54 vtraque
1307 705 185 54 propositio
1452 705 93 54 sit
1505 705 199 54 equipollens
1664 705 132 54 sensui
1744 705 79 54 diui

1090 744 82 62 so.
1137 744 70 62 et
1172 744 105 62 tamen
1242 744 93 62 quod
1300 744 82 62 vna
1347 744 163 62 propositio
1476 744 152 62 praedicas
1592 744 175 62 praedicatum
1732 744 70 62 de
1756 744 58 62 sub

1085 795 117 56 iecto
1163 795 91 56 sit
1215 795 182 56 possibilis
1358 795 78 56 et
1397 795 104 56 alia
1463 795 221 56 impossibilis.
1645 795 117 56 Uerbi
1710 795 104 56 gratia

1101 827 148 60 ponatur
1208 827 108 60 quod
1275 827 108 60 idem
1343 827 108 60 homo
1410 827 94 60 sit
1464 827 188 60 gramaticus
1611 827 81 60 et
1652 827 134 60 albus.
1732 827 81 60 tunc

1089 884 143 55 vtraque
1193 884 143 55 istarum
1297 884 91 55 est
1349 884 117 55 vera.
1427 884 182 55 gramaticum
1570 884 130 55 potest
1661 884 104 55 esse
1713 884 104 55 nigrum

1084 924 66 61 et
1117 924 100 61 album
1183 924 111 61 potest
1261 924 88 61 esse
1316 924 122 61 nigrum.
1405 924 66 61 Et
1438 924 100 61 causa
1504 924 88 61 est.
1560 924 88 61 quia
1615 924 77 61 per
1659 924 100 61 istam
1714 924 100 61 proposi

1091 970 129 52 tionem
1181 970 116 52 album
1259 970 129 52 potest
1349 970 103 52 esse
1413 970 142 52 nigrum.
1517 970 90 52 non
1568 970 168 52 denotatur
1697 970 103 52 plus
1749 970 64 52 ni-

1075 1011 82 56 si
1116 1011 109 56 quod
1185 1011 82 56 de
1226 1011 164 56 subiecto
1349 1011 96 56 vel
1404 1011 82 56 de
1445 1011 178 56 pronomine
1581 1011 219 56 demonstrante
1746 1011 68 56 il-

1081 1054 103 54 lud
1140 1054 103 54 pro
1199 1054 103 54 quo
1258 1054 192 54 subiectum
1405 1054 177 54 supponit
1538 1054 147 54 possit
1626 1054 192 54 praedicari.

1087 1097 200 56 praedicatum.
1249 1097 75 56 et
1286 1097 87 56 hoc
1336 1097 112 56 nihil
1411 1097 112 56 aliud
1486 1097 100 56 est.
1548 1097 100 56 nisi
1610 1097 100 56 quod
1660 1097 150 56 propositio

1092 1138 74 59 in
1129 1138 86 59 qua
1178 1138 184 59 praedicatum
1325 1138 184 59 praedicatur
1473 1138 74 59 de
1510 1138 98 59 illo
1571 1138 86 59 pro
1621 1138 86 59 quo
1670 1138 98 59 modo
1719 1138 86 59 album

1083 1190 157 52 supponit
1201 1190 92 52 sit
1253 1190 197 52 possibilis.
1411 1190 79 52 et
1450 1190 92 52 non
1502 1190 170 52 denotatur
1634 1190 105 52 quod
1686 1190 118 52 proposi

1083 1230 91 53 tio
1135 1230 78 53 in
1174 1230 91 53 qua
1225 1230 194 53 praedicatur
1381 1230 91 53 hoc
1433 1230 194 53 praedicatum
1588 1230 78 53 de
1627 1230 104 53 isto
1679 1230 129 53 subiecto

1077 1267 92 56 sit
1129 1267 197 56 possibilis.
1287 1267 79 56 et
1327 1267 105 56 bene
1393 1267 118 56 stant
1472 1267 132 56 simul.
1564 1267 105 56 quod
1630 1267 184 56 propositio
1761 1267 53 56 in

1089 1310 93 69 qua
1142 1310 200 69 praedicatum
1302 1310 200 69 praedicatur
1462 1310 80 69 de
1502 1310 160 69 subiecto
1622 1310 93 69 sit
1662 1310 160 69 impossibi-

1090 1361 87 49 lis.
1144 1361 65 49 et
1177 1361 98 49 tamen
1242 1361 87 49 quod
1297 1361 152 49 propositio
1416 1361 65 49 in
1449 1361 76 49 qua
1492 1361 87 49 idem
1546 1361 163 49 praedicatum
1666 1361 141 49 praedicatur

1079 1405 86 51 de
1122 1405 115 51 illo
1194 1405 101 51 pro
1251 1405 101 51 quo
1308 1405 101 51 hoc
1366 1405 187 51 subiectum
1509 1405 172 51 supponit
1639 1405 101 51 vel
1696 1405 86 51 de
1725 1405 86 51 pro-

1086 1454 131 55 nomine
1178 1454 210 55 demonstrante
1349 1454 118 55 illud
1428 1454 92 55 sit
1480 1454 197 55 possibilis.
1638 1454 79 55 Et
1678 1454 118 55 ratio
1743 1454 66 55 est

1081 1484 102 69 qui
1140 1484 189 69 subiectum
1285 1484 232 69 contingentur
1474 1484 174 69 supponit
1605 1484 102 69 pro
1663 1484 102 69 quo
1706 1484 102 69 suppo

1070 1541 103 47 nit.
1134 1541 103 47 quia
1199 1541 77 47 in
1237 1541 103 47 ista
1301 1541 218 47 propositione.
1481 1541 116 47 album
1558 1541 128 47 potest
1648 1541 103 47 esse
1699 1541 103 47 nigrum

1070 1585 178 48 subiectum
1207 1585 165 48 supponit
1331 1585 96 48 pro
1386 1585 137 48 sorte:
1482 1585 82 48 si
1523 1585 137 48 sortes
1619 1585 96 48 sit
1674 1585 137 48 albus.
1756 1585 55 48 si

1071 1628 121 56 autem
1151 1628 108 56 fiat
1219 1628 135 56 niger:
1313 1628 108 56 tunc
1380 1628 94 56 hoc
1434 1628 175 56 subiectum
1568 1628 94 56 non
1622 1628 161 56 supponit
1730 1628 67 56 pro

1075 1669 141 61 sorte.
1174 1669 113 61 quia
1244 1669 99 61 hoc
1300 1669 183 61 subiectum
1441 1669 127 61 album
1526 1669 99 61 non
1582 1669 169 61 supponit
1709 1669 85 61 in
1738 1669 70 61 pro

1077 1712 168 59 positione
1206 1712 103 59 mere
1271 1712 77 59 de
1309 1712 142 59 inesse.
1412 1712 103 59 mere
1477 1712 77 59 de
1515 1712 168 59 possunti.
1644 1712 103 59 nisi
1709 1712 90 59 pro
1748 1712 64 59 il-

1081 1757 84 51 lis
1129 1757 95 51 quae
1188 1757 95 51 sunt
1248 1757 107 51 alba:
1320 1757 72 51 et
1356 1757 143 51 praecise
1463 1757 84 51 dum
1511 1757 95 51 sunt
1570 1757 107 51 alba.
1642 1757 72 51 et
1678 1757 84 51 ita
1725 1757 84 51 est
1761 1757 48 51 in

1084 1803 173 49 proposito.
1219 1803 99 49 quod
1281 1803 74 49 si
1318 1803 86 49 hec
1367 1803 86 49 sit
1417 1803 111 49 vera.
1490 1803 136 49 calidum
1589 1803 86 49 per
1638 1803 74 49 se
1663 1803 148 49 calefacit.

1080 1847 90 56 hec
1131 1847 102 56 erit
1195 1847 115 56 etiam
1272 1847 115 56 vera.
1349 1847 115 56 album
1425 1847 90 56 per
1477 1847 77 56 se
1515 1847 179 56 calefacit:
1656 1847 77 56 si
1694 1847 102 56 idem
1745 1847 64 56 sit

1085 1893 118 52 calidum
1171 1893 64 52 et
1203 1893 107 52 album.
1278 1893 64 52 et
1310 1893 97 52 tamen
1375 1893 64 52 ex
1407 1893 75 52 hoc
1450 1893 75 52 non
1493 1893 129 52 sequitur
1589 1893 172 52 consequentia
1718 1893 75 52 forma

1079 1928 78 62 li.
1124 1928 90 62 quod
1180 1928 67 62 si
1213 1928 78 62 hec
1258 1928 78 62 sit
1303 1928 78 62 per
1348 1928 78 62 se.
1393 1928 123 62 calidum
1482 1928 157 62 calefacit.
1605 1928 90 62 quod
1662 1928 78 62 hec
1706 1928 78 62 sit
1740 1928 56 62 per

1070 1973 84 59 se
1112 1973 126 59 album
1196 1973 196 59 calefacit.
1350 1973 98 59 Nec
1406 1973 126 59 credo
1489 1973 140 59 aliter
1587 1973 126 59 istum
1657 1973 140 59 doctorem

1075 2018 190 49 sensisse.
1222 2018 161 49 propter
1339 2018 146 49 magnam
1442 2018 176 49 notitiam
1573 2018 117 49 quam
1647 2018 146 49 habuit
1734 2018 59 49 in

1074 2062 136 52 logica.
1173 2062 74 52 Et
1210 2062 99 52 ideo
1271 2062 124 52 potest
1358 2062 99 52 dici
1420 2062 99 52 quod
1482 2062 111 52 causa
1556 2062 87 52 per
1605 2062 148 52 accidens
1716 2062 87 52 est
1754 2062 49 52 il

1073 2109 90 44 lud
1125 2109 103 44 quod
1189 2109 103 44 agit
1254 2109 90 44 per
1305 2109 142 44 aliquid
1409 2109 116 44 aliud
1486 2109 77 44 ab
1525 2109 90 44 eo.
1577 2109 90 44 sed
1628 2109 103 44 tale
1693 2109 90 44 non
1731 2109 65 44 est

1066 2154 111 57 nisi
1135 2154 194 57 subiectum.
1288 2154 97 57 vel
1343 2154 125 57 totum
1426 2154 138 57 habens
1523 2154 138 57 partem
1620 2154 97 57 qua
1675 2154 125 57 agit.
1745 2154 55 57 Et

1069 2194 103 51 isto
1134 2194 103 51 modo
1198 2194 129 51 potest
1289 2194 103 51 dici
1353 2194 103 51 quod
1418 2194 116 51 ignis
1495 2194 90 51 per
1547 2194 155 51 accidens
1650 2194 155 51 calefacit.

1064 2239 76 50 et
1102 2239 114 50 eodem
1179 2239 102 50 modo
1242 2239 102 50 quod
1306 2239 140 50 calidum
1407 2239 89 50 per
1458 2239 152 50 accidens
1572 2239 178 50 calefacit.
1712 2239 76 50 Et
1737 2239 64 50 il-

1078 2282 82 49 lo
1119 2282 109 49 modo
1187 2282 136 49 potest
1282 2282 109 49 dici
1350 2282 109 49 quod
1418 2282 109 49 homo
1486 2282 95 49 per
1541 2282 163 49 accidens
1649 2282 150 49 ratiocina

1073 2330 90 43 tur.
1129 2330 67 43 et
1162 2330 146 43 similiter
1275 2330 101 43 totum
1342 2330 78 43 per
1387 2330 134 43 accidens
1487 2330 90 43 agit
1543 2330 112 43 quando
1622 2330 101 43 actio
1689 2330 90 43 sibi
1734 2330 56 43 non

1068 2367 146 66 conuenit
1177 2367 97 66 nisi
1238 2367 146 66 mediante
1348 2367 110 66 parte
1421 2367 97 66 sua.
1482 2367 73 66 et
1518 2367 110 66 ratio
1591 2367 110 66 huius
1664 2367 97 66 est.
1713 2367 73 66 quia

1073 2412 122 63 illud
1155 2412 95 63 dic
1209 2412 95 63 tur
1264 2412 95 63 per
1318 2412 163 63 accidens
1440 2412 136 63 alicui
1535 2412 190 63 competere.
1684 2412 95 63 quo
1725 2412 68 63 amo

1071 2461 77 53 to
1110 2461 116 53 nihil
1187 2461 116 53 minus
1264 2461 129 53 potest
1354 2461 116 53 esse.
1432 2461 90 53 sed
1483 2461 103 53 igne
1547 2461 167 53 destructo
1676 2461 77 53 et
1702 2461 90 53 resdu

1066 2503 116 49 uato
1138 2503 145 49 calore
1239 2503 217 49 nihilominus
1413 2503 159 49 poterit
1529 2503 130 49 sequi
1601 2503 188 49 calefactio.

1069 2545 109 53 quia
1138 2545 123 53 sicut
1220 2545 191 53 ostendetur
1370 2545 82 53 in
1411 2545 150 53 quarto.
1520 2545 164 53 accidens
1643 2545 109 53 actu
1697 2545 96 53 sepa-

1076 2588 123 48 ratum
1158 2588 95 48 ita
1213 2588 136 48 potest
1308 2588 123 48 agere
1390 2588 123 48 sicut
1472 2588 205 48 coniunctum.
1635 2588 123 48 Eodem
1717 2588 109 48 modo

1065 2634 101 49 illa
1129 2634 114 49 actio
1204 2634 101 49 quae
1268 2634 152 49 competit
1382 2634 101 49 homi
1445 2634 152 49 mediante
1559 2634 114 49 anima
1622 2634 177 49 intellectiua
