2239 3062
419 228 179 94 gnitionis:
560 228 140 94 tanquam
662 228 115 94 causa
738 228 179 94 efficiens.
878 228 89 94 non
929 228 140 94 tanquam
1019 228 128 94 obiectum

422 287 170 69 cognitum.
553 287 78 69 Et
592 287 78 69 si
631 287 144 69 dicatur
736 287 105 69 quod
801 287 92 69 est
853 287 118 69 finis
932 287 131 69 nostre
1010 287 144 69 cognitio-

423 341 97 56 nis:
484 341 133 56 tanquam
581 341 146 56 obiectum
690 341 158 56 cognitum.
811 341 97 56 ergo
872 341 109 56 eadem
945 341 133 56 ratione
1042 341 85 56 est
1078 341 73 56 prin

429 376 143 64 cipium
529 376 143 64 nostre
628 376 200 64 cognitiois
785 376 143 64 tamque
885 376 171 64 obiectum
999 376 157 64 cognitum.

427 427 87 64 Dico
481 427 87 64 quod
536 427 174 64 consequentia
677 427 76 64 non
720 427 108 64 valet.
796 427 87 64 quia
850 427 108 64 vltima
926 427 141 64 perfectio
1035 427 108 64 nostra
1100 427 43 64 et

423 466 235 77 perfectissima
617 466 97 77 est
672 466 166 77 respectu
797 466 97 77 dei
852 466 83 77 in
894 466 97 77 se.
949 466 97 77 non
1005 466 125 77 autem
1074 466 69 77 pri

436 507 79 66 ma
475 507 158 66 cognitio
594 507 132 66 nostra
686 507 92 66 est
739 507 158 66 respectu
858 507 92 66 dei
911 507 79 66 in
950 507 92 66 se.
1003 507 92 66 vel
1042 507 106 66 saltem

434 550 117 74 potest
516 550 140 74 cognitio
621 550 117 74 nostra
703 550 82 74 non
750 550 93 74 esse
808 550 129 74 propria
902 550 93 74 deo.
960 550 70 74 et
995 550 93 74 ideo
1054 550 82 74 non
1089 550 58 74 est

430 599 131 62 simile
522 599 66 62 ⁋
548 599 79 62 Ad
588 599 145 62 tertium
693 599 105 62 dico
759 599 105 62 quod
824 599 158 62 creatura
943 599 131 62 potest
1022 599 131 62 perfecte

435 641 187 64 cognosci.
579 641 101 64 deo
636 641 101 64 non
694 641 173 64 perfecte
824 641 173 64 cognito.
953 641 130 64 sicut
1025 641 130 64 aliqua-

437 684 118 66 liter
516 684 131 66 dictum
608 684 92 66 est
660 684 131 66 prius:
752 684 79 66 et
792 684 105 66 post
858 684 158 66 dicetur.
976 684 118 66 Tamen
1055 684 92 66 hoc
1094 684 66 66 po-

443 730 95 62 sito
502 730 107 62 adhuc
573 730 83 62 non
621 730 118 62 vatet.
704 730 95 62 quia
763 730 107 62 totum
834 730 83 62 non
882 730 118 62 potest
964 730 142 62 perfecte
1059 730 95 62 cogno-

439 781 79 57 sci
484 781 91 57 nisi
541 781 147 57 quaelibet
654 781 91 57 pars
710 781 91 57 eius
767 781 170 57 cognoscatur
903 781 147 57 perfecte.
1016 781 68 57 et
1050 781 102 57 tamen
1106 781 57 57 to-

438 821 82 62 tum
485 821 117 62 potest
567 821 141 62 cognosci
673 821 141 62 confuse:
779 821 129 62 quamuis
872 821 82 62 non
919 821 153 62 quaelibet
1037 821 94 62 pars
1084 821 70 62 eius

435 857 208 71 cognoscatur
602 857 167 71 confuse.
727 857 69 71 ⁋
754 857 83 71 Ad
796 857 153 71 vltimum
907 857 111 71 dico
977 857 111 71 quod
1032 857 125 71 aliquod

444 907 96 62 ens
499 907 205 62 particulare
663 907 136 62 potest
758 907 177 62 cognosci:
895 907 150 62 quamuis
1004 907 109 62 ille
1058 907 96 62 inter

441 948 147 67 tiones
544 948 191 67 generales
692 948 133 67 entis
780 948 88 67 et
824 948 133 67 vnius
913 948 103 67 non
957 948 206 67 cognoscantur

448 996 91 64 qui
500 996 104 64 ille
565 996 196 64 intentiones
722 996 91 64 non
774 996 104 64 sunt
840 996 104 64 nisi
905 996 131 64 quedam
996 996 118 64 entia
1062 996 104 64 ratio-

449 1031 97 69 nis.
510 1031 85 69 vel
558 1031 122 69 saltem
643 1031 85 69 non
692 1031 97 69 sunt
753 1031 73 69 de
789 1031 146 69 essentia
899 1031 97 69 rei.
959 1031 73 69 et
996 1031 97 69 ideo
1057 1031 85 69 cum
1093 1031 73 69 quod

450 1081 128 70 libet
535 1081 128 70 reale
620 1081 142 70 potest
720 1081 170 70 cognosci
847 1081 99 70 non
904 1081 156 70 cognito
1018 1081 142 70 aliquo
1103 1081 71 70 en-

442 1125 82 64 te
483 1125 178 64 rationis.
620 1125 96 64 vel
674 1125 96 64 non
729 1125 150 64 cognito
838 1125 137 64 aliquo
934 1125 109 64 sibi
989 1125 178 64 extrinseco.

442 1166 114 70 ideo
513 1166 143 70 potest
613 1166 100 70 res
670 1166 172 70 cognosci
799 1166 157 70 talibus
914 1166 243 70 intentionibus
1100 1166 72 70 non

449 1212 169 64 cognitis.
579 1212 104 64 Unde
643 1212 78 64 si
682 1212 169 64 sensibile
812 1212 130 64 potest
903 1212 143 64 sentiri
1006 1212 143 64 talibus
1097 1212 65 64 non

456 1252 156 67 sensatis:
576 1252 108 67 eadem
648 1252 132 67 ratione
744 1252 120 67 potest
827 1252 156 67 intelligi
947 1252 132 67 talibus
1043 1252 84 67 non
1079 1252 84 67 intel

452 1307 114 63 lectis.
535 1307 62 63 Et
566 1307 104 63 quando
638 1307 114 63 dicitur
721 1307 83 63 quod
773 1307 73 63 ens
814 1307 124 63 rationis
908 1307 62 63 et
939 1307 73 63 res
980 1307 62 63 et
1011 1307 145 63 huiusmodi.
1115 1307 62 63 pri-

461 1341 75 67 ma
498 1341 187 67 impressione
648 1341 187 67 imprimuntur
797 1341 75 67 in
834 1341 125 67 anima.
922 1341 100 67 Dico
984 1341 100 67 quod
1046 1341 112 67 verum
1109 1341 62 67 est

453 1384 101 72 inter
520 1384 101 72 omnia
588 1384 169 72 vniversalia
722 1384 135 72 communia
824 1384 112 72 multis
902 1384 79 72 non
947 1384 101 72 solum
1015 1384 112 72 numero
1082 1384 90 72 diffe-

458 1430 203 67 rentibus:
614 1430 140 67 sicut
708 1430 125 67 post
786 1430 187 67 patebit.
926 1430 78 67 ⁋
957 1430 93 67 Ad
988 1430 187 67 argumentum

460 1472 180 76 principale
602 1472 103 76 dico
666 1472 103 76 quod
731 1472 180 76 coniunctum
873 1472 90 76 cum
924 1472 142 76 materia
1027 1472 90 76 ita
1066 1472 103 76 potest

454 1518 180 70 intelligi
593 1518 69 70 a
621 1518 139 70 nobis.
718 1518 125 70 sicut
801 1518 180 70 separatum
940 1518 69 70 a
968 1518 167 70 materia:
1093 1518 111 70 immo

465 1563 200 67 coniunctum
622 1563 100 67 cum
679 1563 157 67 materia
794 1563 100 67 est
851 1563 129 67 illud
937 1563 114 67 quod
1008 1563 129 67 primo
1080 1563 100 67 intel

450 1611 215 78 ligitur
607 1611 98 78 a
646 1611 195 78 nobis.
783 1611 215 78 Questio
920 1611 195 78 secunda.

626 1666 431 106 gcundo
884 1666 302 106 quero

668 1735 139 70 Utrum
760 1735 154 70 diuina
868 1735 185 70 essentia
1007 1735 108 70 sit
1069 1735 77 70 a
1084 1735 108 70 nobis

659 1787 267 65 cognoscibilis.
882 1787 74 65 ⁋
911 1787 119 65 Quod
985 1787 119 65 sic.
1060 1787 119 65 omne
1119 1787 74 65 sim

677 1834 105 62 plex
743 1834 92 62 aut
795 1834 171 62 totaliter
927 1834 211 62 cognoscitur.
1098 1834 92 62 aut
1137 1834 53 62 to

471 1878 131 60 taliter
566 1878 167 60 ignoratur.
698 1878 83 60 sed
745 1878 95 60 deus
805 1878 83 60 non
852 1878 155 60 totaliter
972 1878 155 60 ignoratur
1091 1878 60 60 a
1103 1878 95 60 nobis.

483 1930 85 67 ergo
537 1930 139 67 totaliter
643 1930 171 67 cognoscitur.
782 1930 64 67 et
814 1930 75 67 per
857 1930 149 67 consequens
974 1930 85 67 ipsa
1027 1930 107 67 diuina
1091 1930 107 67 essentia

481 1966 117 64 valet
559 1966 104 64 suam
623 1966 194 64 quidditatem
779 1966 65 64 a
805 1966 117 64 nobis
882 1966 207 64 cognoscitur.
1051 1966 65 64 ⁋
1064 1966 129 64 Preterea

476 2006 134 73 quanto
569 2006 147 73 aliquid
677 2006 94 73 est
730 2006 121 73 magis
811 2006 174 73 visibile:
944 2006 121 73 tanto
1025 2006 80 73 in
1065 2006 134 73 minori
1145 2006 54 73 lu

479 2054 104 64 mine
544 2054 143 64 videtur
648 2054 65 64 a
675 2054 104 64 visu
740 2054 104 64 quae
805 2054 91 64 non
857 2054 196 64 debilitatur
1013 2054 78 64 ex
1053 2054 143 64 aspectu
1144 2054 52 64 ta

479 2094 89 69 lis
530 2094 179 69 visibilis.
671 2094 89 69 sed
722 2094 102 69 deus
786 2094 89 69 est
837 2094 128 69 maxime
926 2094 153 69 visibile
1041 2094 77 69 et
1066 2094 128 69 intelle-

483 2136 98 71 ctus
544 2136 123 71 noster
630 2136 98 71 quia
691 2136 196 71 immaterialis
851 2136 86 71 non
900 2136 184 71 debilitatur
1047 2136 74 71 ab
1084 2136 98 71 illo
1133 2136 74 71 visi

483 2181 112 72 bili.
557 2181 99 72 ergo
619 2181 124 72 potest
706 2181 124 72 videri
793 2181 74 72 in
830 2181 124 72 minore
917 2181 124 72 lumine
1004 2181 99 72 quam
1053 2181 149 72 quodcumque

486 2231 149 62 visibile
598 2231 149 62 creatum.
710 2231 87 62 sed
760 2231 137 62 aliquod
859 2231 137 62 creatum
959 2231 125 62 potest
1046 2231 125 62 videri
1133 2231 62 62 a
1146 2231 62 62 no-

496 2273 97 70 pis
552 2273 83 70 in
593 2273 139 70 lumine
690 2273 180 70 naturali.
829 2273 111 70 ergo
898 2273 83 70 et
940 2273 111 70 deus
1009 2273 125 70 ipse.
1092 2273 69 70 ⁋
1120 2273 83 70 Ad
1148 2273 69 70 op-

483 2311 172 83 positum.
612 2311 172 83 cognitio
741 2311 229 83 quidditatiua
927 2311 143 83 diuine
1027 2311 172 83 essentie
1142 2311 57 83 si

491 2356 79 77 cut
536 2356 136 77 alterius
638 2356 79 77 rei
683 2356 79 77 est
728 2356 147 77 perfecta.
842 2356 79 77 sed
887 2356 91 77 deus
944 2356 79 77 non
989 2356 113 77 potest
1068 2356 136 77 perfecte
1159 2356 45 77 co

490 2411 131 79 gnosci
582 2411 65 79 a
608 2411 131 79 nobis.
699 2411 105 79 ergo
765 2411 105 79 etc.
830 2411 65 79 ⁋
857 2411 92 79 Ad.
909 2411 79 79 q.
948 2411 144 79 dicitur
1053 2411 105 79 quod
1105 2411 105 79 cogno-

492 2452 106 61 acere
563 2452 94 61 quid
622 2452 82 61 est
669 2452 153 61 contingit
786 2452 177 61 dupliciter.
928 2452 141 61 scilicet
1034 2452 177 61 determinate
1163 2452 47 61 et

485 2488 80 78 in
525 2488 213 78 particulari.
698 2488 93 78 vel
751 2488 227 78 indeterminate
938 2488 80 78 et
978 2488 80 78 in
1018 2488 187 78 vniversali
1151 2488 67 78 Pri

494 2535 77 75 mo
533 2535 102 75 modo
597 2535 90 75 non
648 2535 128 75 potest
737 2535 102 75 deus
801 2535 154 75 cognosci
917 2535 64 75 a
942 2535 128 75 nobis:
1032 2535 102 75 quia
1083 2535 128 75 perfecta

494 2576 162 77 cognitio
615 2576 94 77 non
669 2576 162 77 procedit
790 2576 108 77 nisi
858 2576 81 77 ex
898 2576 162 77 perfecta
1006 2576 202 77 assimilatione

494 2628 209 83 cognoscentis
664 2628 79 83 ad
703 2628 157 83 cognitum
821 2628 105 83 quod
887 2628 92 83 non
939 2628 131 83 potest
1031 2628 118 83 fieri
1109 2628 92 83 per
1149 2628 65 83 cre

1239 204 130 81 aturam
1330 204 104 81 quae
1395 204 91 81 est
1447 204 182 81 inferioris
1590 204 156 81 ordinis.
1708 204 91 81 Est
1760 204 117 81 tamen
1825 204 130 81 creatura

1241 265 103 72 quo
1300 265 88 72 ad
1344 265 147 72 aliqua
1447 265 191 72 attributa
1595 265 250 72 substantialia
1801 265 147 72 diuine
1889 265 74 72 na-

1243 311 106 62 ture
1309 311 186 62 conformis.
1455 311 80 62 et
1495 311 93 62 hoc
1548 311 93 62 non
1601 311 80 62 vt
1641 311 106 62 sunt
1708 311 106 62 ipsa
1774 311 133 62 diuina
1854 311 106 62 essen-

1235 350 85 62 tia
1283 350 73 62 in
1320 350 97 62 esse
1380 350 181 62 particulari
1525 350 193 62 considerata.
1682 350 85 62 sed
1730 350 73 62 vt
1767 350 97 62 sunt
1827 350 109 62 quasi
1887 350 73 62 quae

1242 393 75 70 dam
1285 393 139 70 dispiones
1392 393 171 70 vniversales:
1531 393 64 70 et
1563 393 96 70 quasi
1627 393 64 70 in
1659 393 75 70 eis
1702 393 160 70 communicate
1831 393 107 70 aliquo
1895 393 64 70 modo

1249 441 178 63 creature.
1386 441 96 63 Ita
1441 441 82 63 in
1482 441 137 63 aliquo
1577 441 164 63 conceptu
1700 441 150 63 analogo
1810 441 164 63 scilicet
1919 441 41 63 a

1249 482 124 69 tributo
1339 482 113 69 aliquo
1418 482 158 69 vniversali
1542 482 113 69 potest
1621 482 90 69 deus
1678 482 135 69 cognosci
1779 482 90 69 quid
1836 482 79 69 est
1881 482 68 69 ex
1904 482 56 69 cre

1238 527 145 64 aturis
1340 527 87 64 vt
1384 527 203 64 cognoscedo
1543 527 131 64 bonum
1630 527 102 64 hoc
1688 527 116 64 quod
1761 527 102 64 est
1819 527 87 64 in
1848 527 116 64 creatu

1250 567 72 69 ra
1286 567 169 69 sensibili.
1419 567 181 69 abstrahimus
1564 567 109 69 bonum
1636 567 193 69 simpliciter.
1793 567 72 69 vt
1829 567 84 69 est
1865 567 109 69 commune

1258 616 114 74 quoddam
1341 616 62 74 et
1372 616 156 74 vniversale.
1497 616 73 74 non
1538 616 62 74 vt
1569 616 73 74 hoc
1611 616 73 74 vel
1652 616 104 74 illud:
1725 616 73 74 sed
1767 616 93 74 tamen
1829 616 62 74 vt
1850 616 114 74 participa

1246 667 91 62 tum
1298 667 156 62 existens
1415 667 78 62 in
1455 667 169 62 creaturis
1585 667 143 62 Secundo
1689 667 196 62 abstrahimus
1846 667 91 62 per
1885 667 78 62 inte

1252 712 139 62 lectum
1349 712 83 62 ab
1391 712 111 62 alio
1460 712 153 62 omnino:
1571 712 83 62 et
1613 712 222 62 consideramus
1794 712 125 62 ipsum
1877 712 83 62 vt
1905 712 69 62 bo-

1250 744 82 72 num
1297 744 187 72 simpliciter.
1449 744 82 72 non
1496 744 70 72 vt
1531 744 82 72 hoc
1578 744 82 72 vel
1625 744 117 72 illud:
1707 744 105 72 neque
1777 744 105 72 huius
1847 744 82 72 vel
1882 744 94 72 illius

1255 788 85 75 sed
1304 788 73 75 vt
1340 788 134 75 nullius
1438 788 134 75 omnino:
1535 788 97 75 quod
1596 788 85 75 est
1645 788 110 75 bonum
1718 788 73 75 in
1754 788 73 75 se
1791 788 183 75 subsistens.
1925 788 61 75 so-

1252 837 103 78 lius
1316 837 180 78 creatoris.
1458 837 77 78 et
1497 837 90 78 sic
1548 837 90 78 est
1600 837 77 78 de
1638 837 142 78 omnibus
1741 837 180 78 attributis
1883 837 90 78 deo
1922 837 51 78 et

1253 877 156 78 creature
1370 877 248 78 conuenientibus.
1579 877 78 78 Et
1618 877 104 78 isto
1683 877 104 78 modo
1748 877 130 78 potest
1827 877 143 78 intelligi

1253 922 223 86 generaliter.
1434 922 209 86 generalius.
1602 922 84 86 et
1643 922 237 86 generalissime
1839 922 70 86 ⁋
1866 922 84 86 In
1894 922 84 86 modo

1260 965 237 73 intelligendi
1453 965 251 73 generalissimo
1660 965 118 73 tres
1734 965 118 73 sunt
1808 965 163 73 gradus.
1911 965 74 73 Pri

1253 1009 103 74 mus.
1318 1009 207 74 intelligendo
1485 1009 90 74 hoc
1537 1009 129 74 bonum.
1627 1009 181 74 intelligis
1769 1009 103 74 quid
1834 1009 90 74 est
1873 1009 103 74 ipsius

1251 1067 167 61 creature
1376 1067 83 61 et
1418 1067 139 61 bonum.
1515 1067 83 61 et
1557 1067 83 61 si
1599 1067 209 61 subtraxeris
1766 1067 111 61 hoc:
1821 1067 167 61 intelliges

1263 1105 123 69 bonum
1345 1105 123 69 minus
1427 1105 205 69 contractum.
1591 1105 109 69 quod
1660 1105 96 69 est
1714 1105 164 69 analogum
1837 1105 96 69 deo
1878 1105 96 69 crea.

1265 1146 107 70 tori
1331 1146 80 70 et
1371 1146 173 70 creature.
1504 1146 80 70 Et
1544 1146 93 70 est
1598 1146 160 70 secundus
1718 1146 120 70 modus
1798 1146 200 70 generalissi-

1260 1185 81 76 me.
1307 1185 70 76 et
1342 1185 81 76 est
1388 1185 70 76 de
1423 1185 128 76 praemis
1516 1185 210 76 intentionibus.
1691 1185 70 76 Et
1726 1185 105 76 licet
1796 1185 140 76 secundum
1901 1185 70 76 se
1924 1185 58 76 fa-

1272 1230 98 79 ciat
1333 1230 146 79 diuersos
1443 1230 183 79 intellectus
1589 1230 146 79 scilicet
1699 1230 110 79 bonum
1772 1230 171 79 creatoris.
1906 1230 73 79 et
1930 1230 49 79 bo

1277 1274 79 80 num
1322 1274 147 80 creature.
1435 1274 91 80 quia
1492 1274 102 80 tamen
1560 1274 125 80 proxime
1651 1274 102 80 sunt.
1719 1274 170 80 intellectus
1855 1274 125 80 nionter
1934 1274 57 80 con

1264 1322 118 74 cipit
1342 1322 105 74 modo
1408 1322 144 74 confuso
1513 1322 157 74 vtrumque
1631 1322 79 74 vt
1670 1322 118 74 vnum.
1748 1322 79 74 Si
1788 1322 118 74 autem
1853 1322 131 74 distinxe

1273 1363 94 77 ris
1326 1363 80 77 et
1366 1363 214 77 intellexeris
1540 1363 120 77 bonum
1620 1363 80 77 vt
1660 1363 200 77 subsistens.
1820 1363 80 77 et
1860 1363 94 77 non
1914 1363 80 77 in
1941 1363 53 77 al

1274 1409 95 75 tero
1333 1409 142 75 existens
1440 1409 130 75 tamquam
1535 1409 142 75 alterum:
1641 1409 59 75 a
1665 1409 107 75 bonis
1736 1409 95 75 quae
1795 1409 95 75 sunt
1842 1409 154 75 participati

1267 1454 86 66 ue
1310 1454 129 66 bona.
1396 1454 100 66 est
1453 1454 158 66 tertius
1567 1454 129 66 modus
1653 1454 229 66 intelligendi
1839 1454 115 66 deum
1897 1454 100 66 gene-

1279 1490 145 76 ralissime.
1392 1490 62 76 et
1423 1490 83 76 tunc
1475 1490 93 76 magis
1537 1490 62 76 de
1568 1490 124 76 properie
1661 1490 155 76 prospicitur
1785 1490 83 76 deus
1837 1490 124 76 secundum
1919 1490 83 76 deatum

1275 1548 220 59 Augustinum.
1451 1548 161 59 Secundo
1568 1548 234 59 intelligitur
1759 1548 117 59 deus
1817 1548 176 59 generalius

1277 1591 128 62 quando
1367 1591 205 62 intelligitur
1533 1591 77 62 in
1571 1591 102 62 suis
1635 1591 192 62 generalibus
1788 1591 192 62 attributis.
1929 1591 64 62 non

1277 1627 155 73 simpliciter
1401 1627 62 73 et
1431 1627 134 73 absolute.
1535 1627 72 73 sed
1576 1627 72 73 sub
1617 1627 103 73 quadam
1689 1627 175 73 praeminentia.
1834 1627 62 73 vt
1865 1627 124 73 scilicet
1947 1627 52 73 est

1275 1671 137 79 quadam
1371 1671 137 79 natura
1467 1671 274 79 excellentissima.
1700 1671 82 79 et
1741 1671 96 79 sic
1796 1671 206 79 cognoscitur
1947 1671 55 79 ex

1288 1716 178 77 eminentia
1425 1716 205 77 conditionum
1589 1716 178 77 laudabil.
1726 1716 82 77 um
1767 1716 82 77 in
1808 1716 192 77 creaturis.
1945 1716 55 77 et

1275 1758 86 88 ex
1318 1758 173 88 amotione
1447 1758 144 88 omnium
1548 1758 202 88 defectuum.
1707 1758 72 88 ⁋
1735 1758 144 88 Tertio
1822 1758 187 88 cognoscitur

1277 1804 247 79 generaliter:
1477 1804 201 79 reducendo
1631 1804 154 79 diuina
1739 1804 201 79 attributa
1878 1804 139 79 nobili-

1288 1850 126 68 tatis
1372 1850 84 68 et
1414 1850 197 68 dignitatis
1569 1850 84 68 in
1611 1850 112 68 vnum
1681 1850 197 68 principium
1821 1850 197 68 simplicissi-

1286 1888 99 77 mum.
1348 1888 74 77 vt
1385 1888 99 77 quod
1447 1888 99 77 eius
1509 1888 149 77 essentia
1621 1888 112 77 nihil
1695 1888 124 77 omnino
1782 1888 87 77 sit
1832 1888 112 77 aliud
1894 1888 124 77 realiter

1278 1938 180 80 intensiue
1417 1938 111 80 quam
1486 1938 208 80 existentia.
1652 1938 69 80 ⁋
1680 1938 139 80 Contra
1777 1938 125 80 istam
1847 1938 152 80 opinionem

1287 1981 119 74 probo
1366 1981 119 74 primo
1445 1981 106 74 quod
1511 1981 106 74 deus
1577 1981 92 74 non
1630 1981 198 74 cognoscitur
1788 1981 79 74 in
1828 1981 158 74 conceptu
1933 1981 66 74 an-

1295 2025 110 71 logo.
1368 2025 98 71 quia
1429 2025 122 71 quaero
1515 2025 73 71 de
1552 2025 98 71 isto
1613 2025 147 71 conceptu
1723 2025 147 71 analogo.
1833 2025 86 71 aut
1882 2025 86 71 est
1919 2025 98 71 praeci

1298 2074 78 62 se
1337 2074 104 62 vnus
1402 2074 169 62 conceptus
1532 2074 104 62 sine
1597 2074 104 62 omni
1663 2074 195 62 multitudine
1819 2074 182 62 conceptuum
1949 2074 65 62 aut

1300 2111 69 71 est
1340 2111 148 71 simpliciter
1458 2111 99 71 plures
1527 2111 129 71 conceptus
1626 2111 59 71 Si
1656 2111 89 71 detur
1715 2111 109 71 primum.
1794 2111 79 71 ergo
1844 2111 69 71 est
1873 2111 129 71 simpliciter

1299 2157 145 71 vniuocus.
1410 2157 89 71 quia
1466 2157 100 71 omnis
1533 2157 145 71 conceptus
1644 2157 167 71 simpliciter
1777 2157 89 71 vnus
1833 2157 189 71 praedicabilis
1978 2157 45 71 de

1301 2203 121 66 multis
1386 2203 85 66 est
1434 2203 145 66 vniuocus
1543 2203 73 66 il
1579 2203 97 66 illo
1640 2203 97 66 modo
1700 2203 85 66 quo
1749 2203 157 66 conceptus
1870 2203 121 66 potest
1942 2203 73 66 esse

1296 2249 145 59 vniuocus.
1407 2249 78 59 Sed
1452 2249 78 59 hoc
1496 2249 78 59 est
1541 2249 134 59 conlusio
1641 2249 100 59 dicta
1708 2249 78 59 sua
1752 2249 67 59 in
1785 2249 178 59 praecedenti.
1930 2249 67 59 q.
1952 2249 67 59 quia

1296 2292 95 62 tunc
1356 2292 95 62 ille
1415 2292 155 62 conceptus
1535 2292 84 62 non
1582 2292 107 62 esset
1654 2292 72 62 de
1690 2292 167 62 quidditate
1821 2292 95 62 rei.
1881 2292 84 62 sed
1917 2292 95 62 tantum

1296 2335 80 70 ens
1341 2335 149 70 rationis.
1456 2335 69 70 et
1491 2335 80 70 per
1537 2335 161 70 consequens
1663 2335 80 70 non
1709 2335 115 70 posset
1790 2335 92 70 esse
1847 2335 115 70 primum
1916 2335 115 70 cognitum

1302 2378 55 70 a
1324 2378 110 70 nobis.
1401 2378 66 70 Si
1434 2378 121 70 dicitur
1522 2378 88 70 quod
1577 2378 88 70 ille
1632 2378 143 70 conceptus
1742 2378 132 70 analogus
1841 2378 77 70 est
1874 2378 143 70 simpliciter

1307 2421 125 77 pilerses.
1404 2421 77 77 tunc
1452 2421 106 77 oportet
1529 2421 77 77 quod
1578 2421 77 77 vnus
1626 2421 68 77 sit
1665 2421 116 77 proprius
1751 2421 77 77 deo.
1800 2421 58 77 et
1829 2421 87 77 alius
1887 2421 68 77 sit
1915 2421 97 77 proprius

1299 2475 137 55 creature
1401 2475 80 55 Sed
1447 2475 80 55 hoc
1493 2475 80 55 est
1538 2475 194 55 inconueniens.
1698 2475 103 55 primo
1767 2475 91 55 quia
1824 2475 114 55 quando
1903 2475 126 55 aliquid
1983 2475 46 55 co

1296 2510 133 85 graoscitur
1400 2510 57 85 in
1428 2510 114 85 conceptu
1514 2510 76 85 sibi
1561 2510 133 85 propositio
1666 2510 76 85 tunc
1713 2510 142 85 cognoscitur
1827 2510 57 85 in
1855 2510 152 85 particulari.
1969 2510 57 85 ergo

1301 2561 165 63 quidditas
1428 2561 127 63 divina
1517 2561 76 63 in
1555 2561 190 63 particulari
1707 2561 216 63 cognosceretur
1885 2561 63 63 a
1910 2561 89 63 nob
1961 2561 63 63 ⁋
1973 2561 51 63 Si

1297 2597 118 72 dicatur
1383 2597 86 72 quod
1437 2597 75 72 non
1480 2597 86 72 omne
1534 2597 129 72 cognitum
1631 2597 65 72 in
1663 2597 129 72 conceptu
1760 2597 161 72 propositio:
1878 2597 140 72 cognoscitu
