2259 3109
430 229 86 71 in
473 229 100 71 hac
530 229 115 71 vita
602 229 143 71 potest
702 229 115 71 deum
774 229 215 71 cognoscere.
946 229 86 71 et
989 229 100 71 hoc
1047 229 100 71 est
1090 229 57 71 v-

425 295 92 46 rum
477 295 79 46 in
517 295 79 46 se
556 295 92 46 ita
609 295 105 46 quod
675 295 118 46 nihil
754 295 118 46 aliud
832 295 171 46 concurrat
964 295 79 46 in
1003 295 145 46 ratione
1095 295 53 46 ol

423 339 119 48 iecti
502 339 159 48 respectu
621 339 119 48 actus
701 339 132 48 nostri
794 339 212 48 cognoscendi.
966 339 185 48 Ueruntamen
1098 339 53 48 si

429 382 138 55 tenetur
530 382 126 55 opinio
618 382 101 55 quod
681 382 164 55 conceptus
807 382 88 55 seu
857 382 151 55 intentio
970 382 113 55 anime
1046 382 88 55 est
1084 382 75 55 ipsa

422 423 97 63 met
477 423 207 63 intellectio
643 423 110 63 tunc
712 423 138 63 posset
808 423 110 63 dici
877 423 110 63 quod
946 423 110 63 deus
1015 423 97 63 non
1056 423 97 63 cogno

435 470 121 47 scitur
520 470 73 47 in
556 470 85 47 se.
605 470 97 47 quia
665 470 85 47 non
714 470 182 47 cognoscitur
860 470 170 47 cognitione
993 470 146 47 propria.
1090 470 61 47 sed

427 514 124 57 communi
517 514 90 57 sibi
573 514 68 57 et
607 514 113 57 aliis.
686 514 68 57 et
720 514 90 57 ideo
776 514 79 57 non
821 514 124 57 dicitur
911 514 68 57 in
945 514 68 57 se
979 514 147 57 cognosci.
1080 514 68 57 quia

430 557 107 50 aliud
501 557 154 50 concurrit
620 557 71 50 in
655 557 130 50 ratione
750 557 142 50 obiecti.
857 557 71 50 et
892 557 107 50 tamen
963 557 142 50 secundum
1058 557 83 50 istam

428 602 214 58 opinionem
592 602 214 58 immediate
756 602 230 58 terminaret
937 602 148 58 actum
1019 602 132 58 cogno-

434 637 148 61 scendi.
541 637 67 61 ⁋
568 637 81 61 Ad
608 637 161 61 secundum
729 637 134 61 dubium
823 637 108 61 dico
891 637 108 61 quod
958 637 134 61 nullus
1038 637 108 61 potest

429 690 227 46 naturaliter
611 690 212 46 cognoscere
777 690 227 46 abstractiue
959 690 167 46 aliquam
1065 690 76 46 rem

422 736 78 53 in
461 736 91 53 se.
513 736 104 53 nisi
578 736 220 53 praecognoscat
759 736 130 53 eandem
850 736 181 53 intuitiue.
992 736 104 53 quia
1044 736 104 53 aliter

425 773 109 63 ita
488 773 155 63 posset
596 773 233 63 abstractiue
782 773 140 63 cecus
875 773 140 63 natus
953 773 186 63 cognoscere

432 821 143 49 colores
536 821 117 49 sicut
614 821 181 49 quaecumque
756 821 130 49 alius.
847 821 104 49 quod
912 821 91 49 est
964 821 143 49 falsum.
1067 821 65 49 ⁋
1093 821 78 49 Ad

421 863 141 54 primam
520 863 212 54 probationem
690 863 113 54 dico
760 863 113 54 quod
831 863 156 54 angelus
944 863 85 54 si
986 863 141 54 habuit
1071 863 71 54 no-

424 910 146 50 titiam
527 910 233 50 quidditatum.
716 910 102 50 hoc
774 910 102 50 est
833 910 204 50 conceptuum
979 910 160 50 communium

415 952 267 50 quidditatiuorum
640 952 112 50 ante
710 952 225 50 productionem
893 952 141 50 rerum.
991 952 98 50 non
1034 952 112 50 habuit

412 999 136 45 talem
503 999 182 45 notitiam
639 999 91 45 ex
684 999 136 45 puris
775 999 227 45 naturalibus
941 999 197 45 acquisitam.

409 1037 101 53 sed
466 1037 72 53 a
495 1037 101 53 deo
553 1037 173 53 infusam.
683 1037 72 53 ⁋
712 1037 87 53 Ad
755 1037 173 53 secundam
885 1037 217 53 probationem
1044 1037 87 53 dico

412 1087 113 55 quod
483 1087 128 55 agnus
568 1087 99 55 non
625 1087 184 55 cognoscit
766 1087 128 55 talem
851 1087 213 55 iuimicitiam
1022 1087 99 55 sub
1064 1087 71 55 spe

413 1123 127 62 ciebus
502 1123 153 62 fensatis
617 1123 102 62 nisi
681 1123 216 62 equiualenter.
859 1123 102 62 quia
923 1123 153 62 scilicet
1037 1123 89 62 ita
1075 1123 64 62 per

411 1179 166 50 notitiam
536 1179 207 50 sensibilium
702 1179 194 50 exteriorum
854 1179 166 50 causatur
978 1179 83 50 in
1006 1179 138 50 appetitu

417 1217 194 57 sensitiuo
566 1217 149 57 ipsius
671 1217 134 57 agni.
760 1217 194 57 appetitus
909 1217 179 57 fugiendi
1029 1217 104 57 lupum

413 1258 128 51 sicut
498 1258 85 51 si
541 1258 100 51 per
598 1258 214 51 intellectum
769 1258 242 51 cognosceretur
954 1258 185 51 inimicitia.

405 1304 203 59 causaretur
565 1304 87 59 in
609 1304 189 59 appetitum
754 1304 232 59 intellectiuo
943 1304 131 59 actus
1016 1304 116 59 nolen-

412 1351 92 46 di
458 1351 107 46 vel
519 1351 183 46 fugiendi
656 1351 107 46 vel
717 1351 168 46 aliquis
840 1351 260 46 correspondens
1038 1351 92 46 actu

411 1387 168 55 ximoris
533 1387 92 55 in
579 1387 199 55 appetitum
732 1387 214 55 sensitiuo.
900 1387 92 55 Et
946 1387 107 55 hoc
1008 1387 122 55 modo
1069 1387 61 55 po

403 1441 127 53 nenda
488 1441 99 53 est
544 1441 198 53 estimatiua
700 1441 99 53 per
757 1441 255 53 equiualentiam.
969 1441 85 53 si
1012 1441 113 53 bene
1068 1441 71 53 po-

409 1487 135 42 natur.
504 1487 108 42 Quod
572 1487 108 42 enim
639 1487 122 42 esset
720 1487 162 42 cognitio
842 1487 135 42 talium
937 1487 95 42 non
977 1487 149 42 sensatori

409 1524 86 46 in
452 1524 143 46 brutis
552 1524 100 46 non
610 1524 143 46 posset
710 1524 158 46 coniici
825 1524 115 46 nisi
896 1524 86 46 ex
939 1524 115 46 fuga
1011 1524 100 46 vel
1054 1524 72 46 tal

421 1569 96 48 actu
481 1569 168 48 consimili.
612 1569 120 48 quando
696 1569 132 48 luperus
792 1569 144 48 videtur.
900 1569 96 48 ergo
959 1569 72 48 si
995 1569 84 48 hac
1031 1569 96 48 posset

403 1612 154 52 saluari
515 1612 112 52 sine
585 1612 196 52 cognitione
739 1612 112 52 alia
808 1612 70 52 a
836 1612 196 52 cognitione
976 1612 154 52 sensibili

411 1652 80 60 um
451 1652 186 60 exteriorum
597 1652 133 60 potest
690 1652 120 60 talis
770 1652 173 60 appetitus
904 1652 160 60 saluari.
1023 1652 80 60 eo
1050 1652 80 60 quod

403 1700 164 46 diuersa
523 1700 209 46 sensibilia
687 1700 164 46 sensata
806 1700 149 46 habent
911 1700 179 46 diuersos
1030 1700 105 46 actus

403 1744 211 45 appetitiuos
571 1744 168 45 causare.
698 1744 84 45 et
740 1744 98 45 non
796 1744 126 45 solum
880 1744 112 45 hoc.
950 1744 98 45 sed
1007 1744 126 45 etiam
1077 1744 56 45 in

402 1786 185 59 diuersis
540 1786 139 59 eadem
633 1786 216 59 sensibilia
802 1786 169 59 causant
925 1786 139 59 actus
1002 1786 139 59 appeti-

408 1825 132 52 tiuos
496 1825 205 52 oppositos.
657 1825 117 52 ergo
730 1825 161 52 frustra
847 1825 132 52 talis
934 1825 175 52 cognitio
1051 1825 88 52 poni

404 1871 110 56 tur.
473 1871 219 56 Confirmatur.
651 1871 110 56 quia
719 1871 82 56 si
760 1871 96 56 per
815 1871 178 56 potentiam
952 1871 151 56 diuinam
1048 1871 82 56 ouis

404 1914 157 47 haberet
518 1914 128 47 omnia
603 1914 199 47 accidentia
760 1914 199 47 consimilia
916 1914 185 47 exteriora
1045 1914 85 47 sen-

410 1959 145 44 sibilia
516 1959 212 44 accidentibus
688 1959 212 44 sensibilibus
859 1959 212 44 exterioribus
1018 1959 106 44 ipsius

397 1997 126 57 lupi.
481 1997 84 57 et
523 1997 183 57 retineret
664 1997 126 57 omnia
748 1997 112 57 alia
818 1997 197 57 accidentia
973 1997 140 57 eadem.
1057 1997 70 57 hoc

405 2043 173 63 posito.
531 2043 142 63 agnus
626 2043 110 63 ita
689 2043 173 63 fugeret
815 2043 158 63 matrem
925 2043 142 63 sicut
1004 2043 126 63 lupum.

390 2095 120 43 Tunc
465 2095 135 43 quero
555 2095 75 43 a
585 2095 105 43 quo
645 2095 210 43 causaretur
811 2095 120 43 ille
886 2095 135 43 actus
961 2095 165 43 appetitus

393 2137 173 48 fugiendi:
526 2137 93 48 non
579 2137 80 48 ab
618 2137 199 48 inimicitia.
778 2137 106 48 quia
844 2137 120 48 nulla
924 2137 93 48 est
977 2137 93 48 ibi
1030 2137 80 48 et
1057 2137 66 48 non

401 2179 95 51 ens
456 2179 150 51 nullius
565 2179 136 51 potest
660 2179 109 51 esse
729 2179 136 51 causa.
824 2179 109 51 ergo
892 2179 164 51 causatur
1015 2179 68 51 a
1029 2179 95 51 cogni

396 2231 118 52 tione
475 2231 197 52 sensibilium
633 2231 197 52 exteriorum.
790 2231 105 52 ergo
856 2231 118 52 eadem
935 2231 145 52 ratione
1027 2231 92 52 sens-

392 2272 139 49 bilia
484 2272 201 49 exteriora
639 2272 155 49 ipsius
747 2272 124 49 lupi
824 2272 201 49 immediate
963 2272 155 49 poterunt

397 2320 163 44 causare
516 2320 134 44 talem
605 2320 134 44 actum
694 2320 89 44 in
738 2320 193 44 appetitum
887 2320 193 44 sensitiuo
1020 2320 104 44 agni.

403 2360 71 47 ⁋
431 2360 86 47 Si
474 2360 157 47 dicatur
588 2360 114 47 quod
659 2360 114 47 illa
731 2360 200 47 accidentia
888 2360 157 47 causant
987 2360 143 47 immedia-

390 2403 84 56 te
432 2403 112 56 vnam
502 2403 210 56 cognitionem
670 2403 168 56 respecum
796 2403 210 56 inimicitie.
964 2403 98 56 ita
1006 2403 112 56 respe-

391 2446 108 51 ctu
452 2446 155 51 matris
561 2446 155 51 quando
669 2446 139 51 habet
762 2446 217 51 consimilia
917 2446 201 51 accidentia.

394 2488 135 48 sicut
484 2488 180 48 respectu
618 2488 120 48 lupi
693 2488 75 48 ⁋
723 2488 150 48 Contra
828 2488 105 48 qua
888 2488 165 48 ratione
992 2488 135 48 possent

392 2535 157 54 causare
506 2535 171 54 notitiam
634 2535 171 54 respectu
762 2535 199 54 inimicitie
919 2535 128 54 eadem
990 2535 128 54 ratione

393 2583 179 49 possent
523 2583 179 49 causare
653 2583 146 49 actum
751 2583 244 49 appetitiuum
930 2583 195 49 immediate.

395 2624 83 64 Et
437 2624 96 64 hoc
492 2624 220 64 confirmatur.
671 2624 110 64 quia
739 2624 151 64 nullius
849 2624 165 64 cognitio
960 2624 151 64 praesuppo

1244 231 123 84 nitur
1326 231 123 84 actui
1408 231 205 84 appetitiuo.
1572 231 109 84 nisi
1641 231 137 84 illius
1737 231 109 84 quod
1805 231 150 84 deberet
1901 231 68 84 de-

1247 300 185 52 terminare
1389 300 128 52 actum
1475 300 200 52 appetendi.
1632 300 100 52 sed
1689 300 200 52 inimicitia
1846 300 114 52 illo
1903 300 57 52 pe

1244 342 110 70 sito
1313 342 96 70 non
1368 342 165 70 terminat
1492 342 124 70 actum
1575 342 220 70 appetitiuum.
1754 342 110 70 quia
1823 342 124 70 nulla
1891 342 83 70 est.

1240 402 87 55 sed
1289 402 186 55 simplicitur
1438 402 99 55 illa
1500 402 173 55 accidentia
1636 402 161 55 exteriora
1760 402 99 55 quae
1821 402 136 55 sentit.
1908 402 62 55 er-

1242 443 89 57 go
1287 443 177 57 cognitio
1419 443 207 57 inimicitie
1582 443 103 57 non
1641 443 266 57 praesupponitur
1862 443 74 57 ⁋
1877 443 89 57 Prer

1249 486 84 51 ea
1291 486 127 51 nulla
1376 486 155 51 notitia
1488 486 183 51 sensitiua
1629 486 141 51 potest
1728 486 155 51 causare
1826 486 141 51 notitiam

1251 528 150 47 alicuius
1364 528 100 47 pure
1427 528 238 47 intelligibilis.
1628 528 88 47 sed
1678 528 163 47 possibile
1803 528 88 47 est
1853 528 100 47 quod
1903 528 63 47 ta-

1248 568 90 54 lis
1300 568 180 54 inimicitia
1441 568 90 54 sit
1493 568 116 54 purum
1570 568 232 54 intelligibile.
1763 568 77 54 si
1802 568 116 54 tamen
1866 568 103 54 possit

1251 617 103 47 esse
1315 617 154 47 aliquid.
1431 617 103 47 ergo
1495 617 141 47 notitia
1597 617 128 47 illius
1687 617 90 47 non
1738 617 141 47 poterit
1841 617 141 47 causari
1931 617 38 47 a

1239 663 160 53 notitia
1356 663 189 53 sensitiua
1502 663 175 53 brutali.
1633 663 73 53 ⁋
1662 663 189 53 Preterea.
1793 663 175 53 inimicitia

1238 705 112 55 lupi
1308 705 98 55 non
1364 705 127 55 dicit
1449 705 155 55 aliquid
1561 705 183 55 absolutum
1702 705 112 55 nisi
1772 705 112 55 actu
1828 705 141 55 appeten-

1237 750 88 49 di
1281 750 161 49 nocere.
1398 750 102 49 vel
1457 750 190 49 potentiam
1603 750 102 49 vel
1661 750 161 49 naturam
1778 750 88 49 in
1807 750 161 49 potentia.

1241 793 85 59 ad
1283 793 127 59 talem
1368 793 127 59 actum
1452 793 183 59 appetendi
1593 793 113 59 siue
1664 793 141 59 actiue
1763 793 113 59 siue
1819 793 141 59 passiue.

1237 838 93 58 sed
1290 838 93 58 non
1343 838 146 58 videtur
1450 838 106 58 quod
1516 838 106 58 tale
1583 838 173 58 absolutum
1716 838 133 58 possit
1809 838 160 58 cognosci
1915 838 40 58 a

1237 881 141 49 bruto.
1335 881 84 49 Si
1378 881 127 49 autem
1462 881 197 49 inimicitia
1617 881 127 49 dicat
1701 881 197 49 respectum.
1856 881 98 49 non
1898 881 70 49 vi-

1238 927 118 51 detur
1317 927 105 51 quod
1382 927 131 51 brutum
1474 927 170 51 respectus
1605 927 197 51 apprehendat
1762 927 92 51 cum
1815 927 92 51 vix
1854 927 105 51 intel-

1240 965 152 60 lectus
1346 965 106 60 eos
1407 965 152 60 capere
1513 965 167 60 possit.
1634 965 76 60 ⁋
1665 965 91 60 Ad
1710 965 137 60 aliam
1786 965 197 60 probationem

1235 1008 107 52 dico
1302 1008 107 52 quod
1369 1008 121 52 nulla
1449 1008 188 52 substantia
1596 1008 161 52 corporea
1717 1008 161 52 exterior
1837 1008 134 52 potest
1918 1008 40 52 a

1239 1061 117 48 nobis
1317 1061 78 48 in
1356 1061 78 48 se
1394 1061 194 48 naturaliter
1550 1061 168 48 cognosci.
1679 1061 155 48 quicquid
1796 1061 91 48 sit
1847 1061 78 48 de
1873 1061 91 48 anima

1233 1099 207 59 intellectiua
1401 1099 90 59 vel
1453 1099 168 59 quacumque
1582 1099 181 59 substantia
1724 1099 103 59 quae
1789 1099 90 59 est
1841 1099 78 59 de
1867 1099 90 59 essen

1240 1143 100 60 tia
1297 1143 242 60 cognoscentis.
1496 1143 71 60 ⁋
1525 1143 86 60 Ad
1568 1143 157 60 tertium
1682 1143 143 60 dubium
1781 1143 114 60 dico
1853 1143 114 60 quod
1910 1143 71 60 nec

1228 1184 191 66 quidditas
1376 1184 147 66 diuina
1479 1184 103 66 nec
1538 1184 177 66 essentia
1670 1184 162 66 diuina.
1788 1184 103 66 nec
1832 1184 118 66 aliqui

1233 1229 111 62 quod
1302 1229 97 62 est
1358 1229 208 62 intrinsecum
1524 1229 111 62 deo.
1593 1229 138 62 potest
1690 1229 69 62 a
1718 1229 125 62 nobis
1801 1229 166 62 cognosci
1912 1229 55 62 in

1228 1276 71 48 se
1264 1276 71 48 et
1299 1276 71 48 in
1335 1276 189 48 particulari.
1488 1276 83 48 ita
1535 1276 142 48 scilicet
1642 1276 95 48 quod
1701 1276 106 48 nihil
1772 1276 106 48 aliud
1831 1276 130 48 concurrat

1226 1321 84 50 in
1268 1321 155 50 ratione
1381 1321 169 50 obiecti.
1507 1321 98 50 nec
1563 1321 127 50 debet
1648 1321 98 50 hoc
1704 1321 112 50 plus
1774 1321 141 50 negari
1873 1321 70 50 a
1887 1321 70 50 deo

1240 1370 103 55 vel
1299 1370 73 55 a
1328 1370 190 55 voluntate
1475 1370 161 55 diuina.
1592 1370 103 55 vel
1650 1370 205 55 sapientia.
1812 1370 103 55 vel
1870 1370 73 55 a
1885 1370 73 55 quo

1237 1410 120 47 cumque
1321 1410 108 47 alio.
1393 1410 96 47 quam
1453 1410 60 47 a
1477 1410 168 47 quidditate
1610 1410 120 47 diuina
1694 1410 84 47 vel
1742 1410 156 47 essentia.
1862 1410 72 47 et
1886 1410 72 47 ideo

1226 1451 124 50 nihil
1309 1451 207 50 intrinsecum
1475 1451 110 50 deo:
1544 1451 110 50 siue
1613 1451 152 50 vocetur
1723 1451 207 50 attributum:
1875 1451 83 50 siue

1219 1493 177 56 perfectio
1356 1493 218 56 simplicitur:
1533 1493 109 56 siue
1601 1493 177 56 quocumque
1737 1493 150 56 nomine:
1832 1493 123 56 poterit

1225 1543 120 43 plus
1300 1543 180 43 cognosci
1435 1543 120 43 quam
1510 1543 180 43 essentia
1646 1543 150 43 diuina
1751 1543 105 43 vel
1796 1543 165 43 quidditas

1223 1584 158 55 diuina.
1337 1584 72 55 ⁋
1366 1584 86 55 Ad
1409 1584 143 55 primam
1509 1584 215 55 probationem
1682 1584 115 55 dico
1753 1584 115 55 quod
1825 1584 100 55 nec
1868 1584 86 55 vni-

1226 1626 122 53 tatem
1308 1626 95 53 dei
1362 1626 95 53 nec
1417 1626 177 53 primitate
1552 1626 95 53 nec
1607 1626 177 53 infinitam
1742 1626 190 53 potentiam.
1878 1626 68 53 nec

1224 1669 191 62 bonitatem
1371 1669 103 62 nec
1430 1669 235 62 perfectionem
1621 1669 161 62 diuinam
1738 1669 176 62 possumus
1870 1669 88 62 in
1899 1669 59 62 se

1225 1717 231 48 cognoscere.
1409 1717 108 48 sed
1471 1717 123 48 illa
1548 1717 108 48 que
1609 1717 200 48 immediate
1748 1717 200 48 cognoscimus

1224 1753 118 66 sunt
1298 1753 148 66 aliqui
1401 1753 192 66 conceptus
1549 1753 103 66 qui
1608 1753 103 66 non
1667 1753 118 66 sunt
1741 1753 118 66 deus
1800 1753 148 66 realiter

1238 1801 138 56 quibus
1335 1801 124 56 tamen
1417 1801 138 56 vtimur
1514 1801 83 56 in
1555 1801 262 56 propositionibus
1776 1801 96 56 pro
1831 1801 110 56 deo.
1886 1801 69 56 vel

1230 1846 193 52 cognoscimus
1385 1846 180 52 cognitione
1526 1846 142 52 communi
1629 1846 116 52 plura
1706 1846 103 52 quam
1771 1846 116 52 deum.
1848 1846 77 52 et
1874 1846 77 52 ideo

1215 1893 118 62 illa
1289 1893 163 62 entitas
1407 1893 103 62 que
1466 1893 103 62 est
1526 1893 118 62 deus
1599 1893 103 62 vel
1658 1893 192 62 potentia:
1806 1893 103 62 vel
1851 1893 103 62 perfe

1225 1936 110 54 ctio
1294 1936 207 54 simplicitur
1460 1936 97 54 que
1515 1936 97 54 est
1570 1936 110 54 deus
1639 1936 97 54 non
1694 1936 138 54 potest
1791 1936 69 54 a
1818 1936 124 54 nobis
1887 1936 69 54 co-

1221 1979 154 50 gnosci
1328 1979 92 50 in
1374 1979 92 50 se
1420 1979 77 50 ⁋
1451 1979 92 50 Si
1497 1979 169 50 dicatur
1620 1979 108 50 nos
1682 1979 246 50 demonstramus
1866 1979 77 50 vnu

1214 2023 113 49 tatem
1290 2023 76 49 de
1328 2023 88 49 deo
1378 2023 88 49 eat
1429 2023 202 49 perfectionem
1592 2023 202 49 simplicitur:
1756 2023 88 49 sed
1806 2023 88 49 non
1844 2023 101 49 demen-

1218 2059 173 56 stramus
1344 2059 126 56 nisi
1422 2059 235 56 cognoscimus
1611 2059 126 56 quid
1689 2059 267 56 demonstramus.
1893 2059 63 56 er

1214 2113 84 49 go
1256 2113 209 49 cognoscimus
1423 2113 167 49 vnitatem
1548 2113 97 49 dei
1604 2113 223 49 perfectionem
1771 2113 181 49 simpliciter

1217 2157 79 49 et
1256 2157 171 49 huiusmodi
1388 2157 66 49 ⁋
1414 2157 105 49 Dico
1480 2157 105 49 quod
1545 2157 79 49 si
1585 2157 105 49 ista
1651 2157 158 49 supponat
1756 2157 197 49 personaliter.

1222 2194 156 56 assumptum
1342 2194 84 56 est
1390 2194 181 56 simpliciter
1535 2194 96 56 ssm.
1595 2194 96 56 quia
1655 2194 108 56 illam
1727 2194 144 56 vnitatem
1836 2194 96 56 quae
1884 2194 72 56 deus

1218 2247 92 56 est
1270 2247 92 56 non
1323 2247 210 56 demonstramus
1493 2247 92 56 nec
1546 2247 118 56 illam
1624 2247 210 56 perfectionem
1782 2247 170 56 simpliciter

1215 2277 115 68 que
1280 2277 131 68 deus
1362 2277 115 68 est
1428 2277 279 68 demonstramus.
1657 2277 98 68 Si
1706 2277 147 68 autem
1788 2277 164 68 supponat

1216 2326 191 55 simpliciter.
1371 2326 155 55 Assumptum
1491 2326 84 55 est
1539 2326 119 55 verum.
1622 2326 96 55 quia
1682 2326 108 55 istos
1754 2326 155 55 conceptus
1861 2326 72 55 qust

1203 2376 105 45 non
1263 2376 120 45 sunt
1338 2376 120 45 deus
1413 2376 165 45 quamuis
1533 2376 135 45 stent
1624 2376 105 45 pro
1684 2376 105 45 deo
1729 2376 210 45 demonstramus

1208 2414 82 52 de
1249 2414 137 52 aliquo
1345 2414 178 52 conceptu.
1482 2414 82 52 et
1523 2414 110 52 ideo
1592 2414 123 52 istos
1674 2414 178 52 conceptus
1811 2414 82 52 in
1852 2414 82 52 se
1879 2414 55 52 co

1215 2465 185 51 gnoscimus.
1360 2465 93 51 vel
1413 2465 119 51 ipsis
1493 2465 199 51 cognoscimus
1652 2465 106 51 deum
1718 2465 79 51 et
1758 2465 119 51 alia.
1837 2465 93 51 sed
1877 2465 66 51 non

1214 2508 96 62 ipsum
1278 2508 86 62 deum
1332 2508 64 62 in
1364 2508 75 62 se.
1407 2508 75 62 sed
1450 2508 107 62 tantum
1525 2508 64 62 in
1557 2508 96 62 istis
1621 2508 160 62 conceptibus
1749 2508 86 62 quae
1803 2508 96 62 tamen
1856 2508 75 62 super

1217 2543 131 66 ponunt
1308 2543 92 66 pro
1361 2543 105 66 ipso
1426 2543 92 66 deo
1478 2543 78 66 in
1518 2543 78 66 se
1557 2543 144 66 quamuis
1661 2543 118 66 ipsum
1740 2543 78 66 in
1779 2543 78 66 se
1818 2543 78 66 no
1844 2543 92 66 cogno

1210 2593 124 54 scamus
1296 2593 62 54 ⁋
1321 2593 74 54 Ad
1359 2593 149 54 secundum
1470 2593 99 54 dico
1532 2593 99 54 quod
1594 2593 124 54 peccat
1681 2593 223 54 multipliciter.
1855 2593 87 54 primo

1219 2633 87 69 per
1268 2633 149 69 fallacia
1380 2633 235 69 equiuocationis.
1578 2633 99 69 quia
1640 2633 173 69 cognoscere
1776 2633 136 69 aliquid
1875 2633 99 69 quid
