2227 3058
367 192 99 87 nem
423 192 226 87 extrinsecam.
607 192 99 87 non
664 192 269 87 distinguerentur
890 192 99 87 per
932 192 170 87 relationes

376 254 153 61 rationis
491 254 114 61 mutuo
567 254 76 61 se
605 254 216 61 respicientes.
783 254 89 61 sed
834 254 89 61 per
885 254 178 61 relationes
1012 254 89 61 ratio

371 296 85 68 nis
419 296 97 68 illa
480 296 170 68 extrinseca
614 296 194 68 respicientes
772 296 146 68 secundum
881 296 97 68 eum.
942 296 73 68 Et
978 296 85 68 ita
1015 296 85 68 patet

367 346 112 61 quod
437 346 98 61 non
493 346 197 61 intelligit
648 346 84 61 de
690 346 169 61 talibus.
817 346 112 61 esse
887 346 197 61 creatiuum.
1028 346 84 61 esse

369 386 266 63 beatificatiuum.
593 386 112 63 esse
663 386 238 63 gubernatiuum.
858 386 84 63 et
900 386 98 63 sic
956 386 84 63 de
984 386 112 63 aliis.

379 433 110 65 quia
448 433 110 65 isti
516 433 110 65 sunt
585 433 137 65 plures
681 433 82 65 et
722 433 219 65 denominatiui
900 433 82 65 et
928 433 178 65 conuertibi-

373 477 90 63 les.
429 477 78 63 sed
474 477 134 63 secundum
574 477 101 63 istum
641 477 78 63 non
686 477 190 63 distinguuntur
843 477 90 63 nisi
899 477 134 63 secundum
988 477 112 63 relatio-

376 528 90 55 nes
428 528 154 55 rationis
543 528 77 55 ad
582 528 154 55 diuersas
698 528 180 55 creaturas.
839 528 116 55 sicut
916 528 141 55 dicitur
1006 528 90 55 crea-

373 567 124 63 tiuus
456 567 179 63 inquantum
594 567 138 63 potest
690 567 124 63 omnem
773 567 179 63 creaturam
910 567 83 63 de
952 567 138 63 nihilo
1034 567 69 63 pro

383 613 169 54 ducere.
505 613 276 54 beatificatiuus
735 613 199 54 inquantum
888 613 153 54 potest
980 613 123 54 nature

370 660 236 55 intellectuali
564 660 111 55 dare
634 660 125 55 vitam
717 660 166 55 eternam.
842 660 83 55 et
883 660 97 55 sic
939 660 83 55 de
980 660 125 55 aliis
1050 660 55 55 im

373 695 191 74 portantibus
526 695 153 74 secundum
641 695 89 74 eum
692 695 127 74 tantum
781 695 166 74 respectum
908 695 153 74 rationis
1023 695 64 74 â‹
1035 695 64 74 Sed

373 754 116 47 istud
450 754 90 47 non
502 754 90 47 est
553 754 129 47 verum.
644 754 103 47 quod
708 754 103 47 enim
772 754 77 47 de
811 754 116 47 eadem
888 754 77 47 re
927 754 155 47 simplici
1030 754 77 47 sine

383 788 120 59 omni
458 788 240 59 distinctione
653 788 210 59 intrinseca
818 788 90 59 et
863 788 210 59 extrinseca
1013 788 105 59 habe-

383 831 125 60 antur
467 831 139 60 plures
564 831 195 60 conceptus.
718 831 139 60 quorum
815 831 112 60 vnus
885 831 98 60 sit
927 831 181 60 quidditati-

383 878 93 57 uus
436 878 80 57 et
476 878 120 57 alius
556 878 226 57 denominatiuus
742 878 93 57 est
795 878 213 57 impossibile.
969 878 107 57 quia
1022 878 93 57 sicut

382 917 130 63 dictum
473 917 91 63 est
525 917 169 63 conceptus
655 917 91 63 est
707 917 143 63 aliquid
812 917 104 63 tale
877 917 78 63 in
916 917 104 63 esse
968 917 143 63 obiectiuo

378 967 212 58 intelligibili
552 967 112 58 quale
627 967 87 58 est
677 967 100 58 ipsa
739 967 87 58 res
789 967 125 58 extra.
876 967 87 58 ita
926 967 100 58 quod
988 967 75 58 si
1013 967 100 58 posset

393 1005 135 72 produci
491 1005 147 72 realiter
601 1005 110 72 sicut
675 1005 123 72 potest
761 1005 110 72 fingi
835 1005 246 72 intellectualiter
1031 1005 86 72 esset

385 1047 151 68 realiter
499 1047 126 68 simile
587 1047 88 68 rei
637 1047 164 68 singulari
763 1047 113 68 prius
838 1047 113 68 note.
914 1047 88 68 sed
951 1047 164 68 impossibile

385 1095 95 59 est
440 1095 68 59 a
467 1095 122 59 parte
549 1095 95 59 rei
603 1095 163 59 respectu
725 1095 95 59 rei
780 1095 190 59 simplicis.
929 1095 163 59 inuenire
1038 1095 68 59 duo

377 1137 132 68 similia
473 1137 84 68 vni
521 1137 96 68 rei.
581 1137 84 68 ita
629 1137 96 68 quod
689 1137 132 68 neutrum
784 1137 84 68 sit
832 1137 120 68 simile
916 1137 84 68 nec
964 1137 120 68 possit
1036 1137 72 68 esse

381 1183 118 71 simile
464 1183 94 71 nisi
523 1183 94 71 illi
582 1183 83 71 rei
629 1183 83 71 vel
676 1183 118 71 alteri
758 1183 153 71 similium.
876 1183 94 71 quin
935 1183 153 71 equaliter
1041 1183 71 71 vnum

384 1227 131 70 illorum
479 1227 83 70 sit
527 1227 119 70 simile
610 1227 95 70 illi
670 1227 83 70 rei
717 1227 107 70 sicut
789 1227 143 70 alterum.
896 1227 107 70 Uerbi
967 1227 119 70 gratia
1051 1227 71 70 si
1074 1227 48 70 b.

385 1270 68 61 et
419 1270 68 61 c.
452 1270 135 61 praecise
554 1270 124 61 possunt
644 1270 90 61 esse
701 1270 124 61 similia
791 1270 90 61 ipsi
847 1270 68 61 a.
881 1270 90 61 quod
938 1270 79 61 est
971 1270 147 61 simpliciter

389 1318 142 58 simplex
492 1318 103 58 sine
557 1318 103 58 omni
621 1318 206 58 distinctione
789 1318 142 58 partium
892 1318 142 58 eiusdem
982 1318 129 58 rationis

383 1360 79 63 et
422 1360 158 63 alterius
541 1360 171 63 rationis.
673 1360 79 63 et
712 1360 105 63 sine
778 1360 105 63 omni
844 1360 211 63 distinctione
1016 1360 66 63 a
1029 1360 92 63 parte

391 1402 89 62 rei.
446 1402 133 62 neccesse
546 1402 78 62 est
591 1402 89 62 quod
646 1402 133 62 vtrumque
746 1402 122 62 illorum
835 1402 189 62 essentialiter
980 1402 144 62 assimiletur

396 1447 106 67 ipsi.
467 1447 71 67 et
502 1447 82 67 hoc
549 1447 71 67 si
584 1447 141 67 vtrumque
690 1447 129 67 illorum
784 1447 82 67 sit
831 1447 94 67 eque
890 1447 141 67 simplex.
996 1447 94 67 ergo
1043 1447 82 67 eodem

395 1495 110 55 modo
464 1495 97 55 est
519 1495 83 55 de
561 1495 221 55 conceptibus.
740 1495 110 55 quod
809 1495 83 55 si
851 1495 110 55 sint
920 1495 97 55 duo
961 1495 152 55 conceptus

390 1535 184 60 simpliciter
537 1535 172 60 simplices.
672 1535 74 60 et
708 1535 98 60 sint
770 1535 110 60 vnius
843 1535 74 60 et
880 1535 159 60 simplicis
1002 1535 98 60 sine
1051 1535 74 60 omni

395 1578 190 61 distinctione
550 1578 214 61 correspondente
728 1578 131 61 necesse
824 1578 83 61 est
871 1578 95 61 quod
931 1578 131 61 vterque
1014 1578 107 61 illorum

396 1623 90 68 eque
452 1623 169 68 assimiletur
587 1623 101 68 sibi.
655 1623 68 68 et
688 1623 79 68 per
733 1623 158 68 consequens
857 1623 68 68 si
891 1623 90 68 vnus
947 1623 79 68 sit
981 1623 146 68 quidditati-

391 1668 99 58 uus
447 1668 85 58 et
490 1668 184 58 reliquus.
631 1668 99 58 Nec
687 1668 99 58 est
744 1668 127 58 maior
829 1668 127 58 ratio
913 1668 85 58 de
956 1668 99 58 vno
1012 1668 113 58 quam
1069 1668 56 58 de

387 1716 120 60 alio.
467 1716 67 60 â‹
493 1716 160 60 Preterea
613 1716 133 60 quando
707 1716 107 60 tota
773 1716 173 60 quidditas
907 1716 93 60 rei
960 1716 80 60 et
1000 1716 120 60 nihil
1067 1716 53 60 ex

386 1763 98 51 tra
442 1763 210 51 quidditatem
610 1763 98 51 rei
666 1763 196 51 exprimitur
821 1763 98 51 per
877 1763 154 51 aliquem
975 1763 154 51 conceptum

394 1803 199 54 simpliciter
553 1803 173 54 absolutum
686 1803 93 54 qui
739 1803 93 54 nec
792 1803 93 54 est
845 1803 212 54 connotatiuus
1018 1803 93 54 nec
1058 1803 66 54 re-

388 1844 175 59 spectiuus
522 1844 94 59 nec
576 1844 188 59 negatiuus.
723 1844 107 59 tunc
790 1844 107 59 ille
857 1844 175 59 conceptus
992 1844 94 59 est
1032 1844 94 59 quid-

396 1888 174 58 ditatiuus.
532 1888 99 58 quia
594 1888 112 58 nihil
669 1888 99 58 plus
731 1888 174 58 requiritur
868 1888 75 58 ad
905 1888 87 58 hoc
955 1888 99 58 quod
1004 1888 112 58 aliquis

399 1934 162 63 conceptus
523 1934 87 63 sit
573 1934 225 63 quidditatiuus.
760 1934 87 63 sed
810 1934 87 63 sic
860 1934 87 63 est
910 1934 75 63 in
947 1934 162 63 proposito
1060 1934 62 63 per

398 1974 143 69 positum.
505 1974 95 69 ergo
565 1974 95 69 etc.
624 1974 60 69 â‹
648 1974 71 69 Si
684 1974 131 69 dicatur
779 1974 95 69 quod
838 1974 143 69 respicit
945 1974 107 69 idem.
1017 1974 83 69 sed
1053 1974 71 69 alio

390 2018 135 61 modo.
480 2018 150 61 Contra
585 2018 135 61 quero
674 2018 90 61 de
719 2018 120 61 illo
794 2018 135 61 modo.
884 2018 105 61 non
943 2018 150 61 potest
1033 2018 90 61 esse

400 2063 63 61 a
426 2063 113 61 parte
501 2063 100 61 rei.
563 2063 100 61 quia
626 2063 100 61 tunc
688 2063 63 61 a
713 2063 113 61 parte
788 2063 88 61 rei
838 2063 113 61 esset
913 2063 125 61 aliqua
1001 2063 88 61 non
1038 2063 88 61 iden-

396 2103 115 64 titas.
477 2103 92 64 ergo
535 2103 81 64 est
581 2103 115 64 tantum
661 2103 69 64 in
696 2103 173 64 intellectu.
834 2103 69 64 et
868 2103 92 64 tunc
926 2103 81 64 non
972 2103 92 64 erit
1029 2103 92 64 nisi
1075 2103 58 64 qui

400 2158 107 55 dam
461 2158 215 55 conceptus.
630 2158 92 55 Et
676 2158 138 55 quero
768 2158 92 55 de
814 2158 123 55 illo
891 2158 138 55 sicut
983 2158 153 55 prius.
1075 2158 61 55 et

401 2196 103 64 erit
465 2196 167 64 processus
594 2196 77 64 in
632 2196 180 64 infinitum.
774 2196 90 64 vel
825 2196 141 64 dabitur
928 2196 103 64 quod
992 2196 103 64 ille
1043 2196 90 64 conce

411 2239 92 61 ptus
468 2239 80 61 sit
514 2239 206 61 quidditatiuus.
685 2239 69 61 et
720 2239 80 61 per
766 2239 160 61 consequens
892 2239 80 61 non
937 2239 103 61 facit
1006 2239 103 61 alium
1063 2239 69 61 con-

396 2287 124 55 ceptum
483 2287 87 55 non
532 2287 211 55 quidditatiuum
706 2287 62 55 â‹
731 2287 99 55 Dico
793 2287 99 55 ergo
855 2287 75 55 ad
893 2287 149 55 rationem
1004 2287 99 55 quod
1054 2287 87 55 posi-

404 2322 77 64 to
443 2322 103 64 quod
507 2322 116 64 maior
585 2322 116 64 esset
662 2322 116 64 vera.
739 2322 77 64 et
778 2322 103 64 quod
842 2322 116 64 talia
907 2322 232 64 distinguerentur.

403 2366 109 74 Dico
472 2366 109 74 quod
540 2366 205 74 impossibile
703 2366 95 74 est
758 2366 136 74 habere
854 2366 123 74 tales
935 2366 177 74 conceptus
1058 2366 82 74 con-

402 2415 204 68 uertibiles
563 2415 102 68 non
621 2415 233 68 connotatiuos
810 2415 248 68 distinctorum.
1014 2415 87 68 et
1044 2415 87 68 ideo

398 2463 118 59 nulla
477 2463 105 59 erit
542 2463 184 59 distinctio
687 2463 171 59 rationis.
819 2463 118 59 sicut
897 2463 92 59 nec
950 2463 92 59 est
989 2463 145 59 distictio

407 2501 82 73 ex
448 2501 137 73 natura
544 2501 109 73 rei.
612 2501 82 73 et
653 2501 96 73 ita
708 2501 137 73 nullus
803 2501 109 73 ordo
872 2501 178 73 rationis.
1008 2501 82 73 Et
1049 2501 82 73 si
1077 2501 68 73 di-

401 2547 114 74 catur
478 2547 102 74 quod
541 2547 140 74 bonitas
643 2547 127 74 diuina
732 2547 152 74 secundum
846 2547 165 74 conceptum
960 2547 178 74 distinguitur

399 2590 79 66 ab
438 2590 158 66 essentia
557 2590 145 66 diuina.
662 2590 171 66 Similiter
794 2590 92 66 hic
846 2590 105 66 sunt
912 2590 171 66 distincti
1031 2590 105 66 conce

1181 187 119 73 ptus
1255 187 223 73 intellectus
1433 187 163 73 diuinus
1552 187 89 73 et
1597 187 178 73 voluntas
1730 187 163 73 diuina.
1834 187 89 73 Dico

1192 250 108 58 quod
1259 250 94 58 hic
1313 250 108 58 sunt
1380 250 175 58 distincti
1515 250 175 58 conceptus
1650 250 148 58 propter
1744 250 175 58 distinctio-

1188 290 97 54 nem
1244 290 195 54 conceptuum
1397 290 209 54 partialium.
1564 290 97 54 qui
1619 290 97 54 vel
1675 290 111 54 sunt
1744 290 125 54 omnes
1828 290 125 54 quidÂ¬

1194 335 155 56 ditatiui
1311 335 78 56 et
1349 335 91 56 eis
1401 335 220 56 correspondent
1582 335 91 56 res
1634 335 129 56 alique
1725 335 181 56 distincte.
1854 335 65 56 vel

1191 378 116 58 sunt
1264 378 218 58 connotatiui
1438 378 218 58 connotantes
1613 378 102 58 res
1671 378 218 58 distinctas.
1831 378 87 58 Unde

1193 426 153 53 dicendo
1304 426 209 53 intellectus
1471 426 153 53 diuinus
1582 426 83 53 et
1624 426 167 53 voluntas
1749 426 153 53 diuina.
1847 426 83 53 isti

1198 470 189 53 conceptus
1344 470 160 53 totales
1460 470 116 53 sunt
1532 470 247 53 conuertibiles
1735 470 87 53 et
1764 470 160 53 conuenien

1205 515 92 51 tes
1258 515 105 51 deo.
1323 515 79 51 et
1363 515 119 51 tamen
1442 515 105 51 isti
1508 515 171 51 conceptus
1640 515 171 51 partiales
1759 515 171 51 intellectus

1200 553 102 58 est
1259 553 190 58 voluntas.
1405 553 102 58 vel
1463 553 131 58 habet
1551 553 146 58 aliqua
1653 553 190 58 distincta
1784 553 146 58 contenta

1206 607 162 55 secundum
1327 607 162 55 ponentes
1448 607 175 55 potentias
1583 607 121 55 anime
1664 607 175 55 distingui
1786 607 148 55 realiter.

1206 647 103 54 vel
1265 647 190 54 connotant
1411 647 103 54 res
1470 647 220 54 distinctas.
1646 647 117 54 puta
1719 647 132 54 actum
1792 647 132 54 intelli

1196 699 113 53 gendi
1272 699 76 53 et
1310 699 113 53 actum
1385 699 139 53 volendi
1486 699 151 53 secundum
1599 699 101 53 vnam
1662 699 164 53 opinionem
1788 699 101 53 quae
1839 699 88 53 ponit

1199 734 105 60 quod
1265 734 118 60 nulla
1343 734 92 60 est
1396 734 118 60 talis
1475 734 197 60 distinctio.
1633 734 92 60 nec
1685 734 92 60 rei
1738 734 92 60 nec
1777 734 145 60 rationis.

1197 777 149 69 praeuia
1306 777 82 69 in
1347 777 122 69 anima
1428 777 122 69 ipsis
1510 777 149 69 actibus
1619 777 204 69 distinctis.
1782 777 122 69 sicut
1849 777 82 69 post

1203 827 221 54 ostendetur.
1380 827 74 54 â‹
1409 827 88 54 Ad
1453 827 206 54 argumentum
1615 827 132 54 prime
1703 827 191 54 opinionis
1836 827 88 54 dico

1209 868 113 61 quod
1279 868 155 61 commune
1392 868 85 61 ad
1435 868 127 61 multa
1519 868 141 61 potest
1618 868 197 61 praedicari
1773 868 99 61 vel
1829 868 85 61 in
1858 868 71 61 con

1205 910 118 58 creto
1283 910 92 58 vel
1336 910 78 58 in
1375 910 183 58 abstracto.
1519 910 78 58 si
1558 910 78 58 in
1597 910 183 58 abstracto.
1728 910 196 58 praedicabitur

1198 956 79 52 de
1237 956 159 52 quolibet
1357 956 225 52 quidditatiue.
1542 956 79 52 et
1582 956 106 52 ideo
1648 956 172 52 sapientia
1767 956 172 52 praedicatur

1199 1001 77 57 in
1238 1001 115 57 quid.
1315 1001 77 57 et
1353 1001 77 57 de
1392 1001 167 57 sapientia
1520 1001 154 57 increata
1635 1001 77 57 et
1674 1001 77 57 de
1712 1001 141 57 creata.
1815 1001 77 57 Si
1840 1001 90 57 autem

1198 1043 189 65 praedicetur
1349 1043 75 65 in
1387 1043 151 65 concreto
1500 1043 138 65 poterit
1601 1043 176 65 praedicari
1739 1043 75 65 de
1777 1043 88 65 vno
1827 1043 75 65 in
1865 1043 101 65 quid

1211 1087 77 57 et
1250 1087 77 57 de
1288 1087 102 57 alio
1352 1087 217 57 denominatiue.
1531 1087 115 57 licet
1607 1087 77 57 ex
1646 1087 115 57 forma
1722 1087 192 57 praedicandi
1863 1087 64 57 non

1205 1137 167 54 sequatur
1330 1137 125 54 ipsum
1414 1137 195 54 praedicari
1567 1137 83 54 in
1608 1137 111 54 quid
1678 1137 83 54 de
1720 1137 181 54 quocumque
1845 1137 97 54 Quare

1203 1178 124 55 autem
1286 1178 207 55 praedicatur
1452 1178 83 55 de
1494 1178 97 55 vno
1549 1178 83 55 in
1590 1178 111 55 quid
1659 1178 83 55 et
1701 1178 83 55 de
1742 1178 111 55 alio
1798 1178 138 55 denomina

1214 1223 128 55 tiue.
1299 1223 128 55 Ratio
1385 1223 100 55 est
1442 1223 114 55 quia
1513 1223 114 55 vnum
1585 1223 185 55 contentum
1727 1223 128 55 habet
1813 1223 157 55 aliquod

1201 1272 193 52 subiectum
1350 1272 134 52 natum
1439 1272 89 52 ab
1483 1272 119 52 ipso
1557 1272 223 52 denominari.
1735 1272 89 52 Ab
1780 1272 119 52 alio
1839 1272 104 52 autem

1218 1310 148 55 contento
1329 1310 86 55 non
1378 1310 86 55 est
1427 1310 111 55 natum
1501 1310 135 55 aliquid
1599 1310 185 55 denominari.
1747 1310 74 55 Et
1784 1310 99 55 ideo
1833 1310 99 55 quando

1209 1363 184 55 praedicatur
1356 1363 74 55 de
1393 1363 86 55 vno
1442 1363 184 55 praedicatur
1589 1363 209 55 denominatiue.
1761 1363 74 55 et
1798 1363 74 55 de
1835 1363 98 55 alio
1884 1363 49 55 in

1210 1396 122 62 quid.
1292 1396 68 62 â‹
1319 1396 81 62 Ad
1360 1396 190 62 principale
1509 1396 122 62 patet
1591 1396 109 62 quod
1658 1396 149 62 eiusdem
1767 1396 95 62 rei
1808 1396 122 62 possunt

1208 1444 114 56 esse
1279 1444 143 56 plures
1379 1444 257 56 similitudines.
1594 1444 100 56 vna
1651 1444 200 56 imperfecta
1808 1444 86 56 et
1837 1444 100 56 commu

1205 1485 95 61 nis
1260 1485 136 61 alicui
1355 1485 95 61 cui
1410 1485 123 61 prima
1492 1485 191 61 similitudo
1642 1485 95 61 non
1696 1485 95 61 est
1751 1485 177 61 communis.
1873 1485 55 61 Ad

1202 1530 203 51 argumentum
1361 1530 87 51 in
1404 1530 203 51 oppositum.
1564 1530 116 51 quia
1636 1530 101 51 aut
1694 1530 101 51 ibi
1752 1530 101 51 ita
1795 1530 145 51 exprimit

1214 1572 184 58 conceptus
1355 1572 226 58 connotatiuos
1539 1572 127 58 dici.
1623 1572 127 58 sicut
1708 1572 198 58 absolutos.
1849 1572 85 58 ideo

1206 1616 103 55 dico
1270 1616 103 55 quod
1335 1616 116 55 omnia
1412 1616 154 55 dicuntur
1527 1616 167 55 secundum:
1656 1616 205 55 substantiam.
1823 1616 103 55 quia
1874 1616 77 55 ipsa

1208 1665 211 57 substantia
1374 1665 105 57 dei
1434 1665 105 57 est
1494 1665 136 57 illud
1585 1665 90 57 de
1630 1665 105 57 quo
1690 1665 196 57 immediate
1841 1665 90 57 et
1871 1665 75 57 pri

1202 1703 151 69 mo
1277 1703 303 69 dicuntur
1504 1703 277 69 Questio
1681 1703 227 69 quarta.

1383 1748 361 94 Upposito
1654 1748 241 94 quod
1774 1748 151 94 de-

1400 1837 99 49 us
1449 1837 115 49 sit
1515 1837 164 49 aliquo
1630 1837 132 49 modo
1712 1837 82 49 a
1745 1837 148 49 nobis
1827 1837 115 49 cogno

1384 1876 195 59 scibilis.
1534 1876 150 59 Quero.
1639 1876 135 59 Utrum
1730 1876 120 59 deum
1805 1876 120 59 esse
1865 1876 75 59 sit

1410 1918 81 65 per
1457 1918 69 65 se
1491 1918 116 65 notum.
1573 1918 69 65 et
1607 1918 174 65 naturaliter
1746 1918 116 65 notum.
1827 1918 93 65 Quia
1874 1918 69 65 sic.

1219 1965 108 54 quia
1287 1965 189 54 propositio
1436 1965 189 54 necessaria
1584 1965 81 54 in
1625 1965 95 54 qua
1679 1965 203 54 praedicatur
1841 1965 108 54 idem
1895 1965 54 54 de

1221 2005 71 60 se
1257 2005 83 60 est
1304 2005 83 60 per
1352 2005 71 60 se
1387 2005 107 60 nota.
1459 2005 83 60 sed
1506 2005 71 60 in
1542 2005 107 60 ista.
1613 2005 119 60 deitas
1696 2005 83 60 est
1744 2005 178 60 praedicatur
1875 2005 71 60 idem

1218 2049 79 56 de
1257 2049 92 56 se.
1310 2049 105 56 quia
1376 2049 105 56 esse
1442 2049 92 56 dei
1495 2049 79 56 et
1534 2049 132 56 deitas
1627 2049 79 56 in
1666 2049 119 56 nullo
1732 2049 211 56 distinguuntur.

1230 2100 94 61 ergo
1289 2100 94 61 etc.
1348 2100 59 61 â‹
1371 2100 71 61 Ad
1407 2100 165 61 oppositum.
1536 2100 165 61 propositio
1666 2100 177 61 dubitabilis
1807 2100 82 61 non
1854 2100 82 61 est
1889 2100 59 61 per

1222 2137 103 58 nota.
1290 2137 80 58 sed
1336 2137 80 58 hec
1382 2137 92 58 deus
1440 2137 92 58 est:
1497 2137 69 58 et
1532 2137 161 58 huiusmodi.
1658 2137 92 58 ergo
1715 2137 92 58 etc.
1773 2137 57 58 â‹
1796 2137 69 58 In
1830 2137 92 58 ista
1876 2137 69 58 quae

1218 2183 108 59 stione
1294 2183 151 59 communiter
1412 2183 119 59 tenetur
1498 2183 86 59 quod
1552 2183 86 59 deum
1606 2183 86 59 esse
1660 2183 75 59 non
1703 2183 75 59 est
1746 2183 75 59 per
1789 2183 65 59 se
1822 2183 108 59 notum.
1886 2183 65 59 Unus

1220 2233 121 56 tamen
1300 2233 161 56 subtilis
1421 2233 94 56 hoc
1474 2233 161 56 declarat
1595 2233 188 56 assignando
1743 2233 121 56 primo
1810 2233 134 56 rationem

1223 2274 206 64 propositionis
1392 2274 85 64 per
1441 2274 73 64 se
1477 2274 109 64 note.
1550 2274 97 64 quia
1610 2274 109 64 illa:
1683 2274 85 64 non
1731 2274 145 64 excludit
1828 2274 121 64 notitiam

1218 2316 208 55 terminorum.
1385 2316 97 55 sed
1440 2316 167 55 excludit
1565 2316 167 55 notitiam
1690 2316 167 55 alterius
1801 2316 153 55 veritatis

1218 2361 159 60 complexe
1337 2361 79 60 in
1376 2361 145 60 ratione
1482 2361 132 60 cause.
1575 2361 93 60 ita
1628 2361 106 60 quod
1694 2361 106 60 soli
1760 2361 145 60 termini
1852 2361 93 60 illi-

1223 2404 76 62 us
1261 2404 216 62 propositionis
1439 2404 178 62 sufficiunt
1579 2404 76 62 ad
1617 2404 153 62 notitiam
1732 2404 165 62 euidentem
1846 2404 102 62 illius

1221 2447 206 71 propositionis.
1392 2447 160 71 Uerumtamen
1518 2447 126 71 dicitur
1610 2447 92 71 esse
1667 2447 195 71 intelligendum
1827 2447 92 71 quod
1873 2447 80 71 alius

1228 2495 171 52 terminus
1356 2495 100 52 est
1413 2495 200 52 diffinitio
1570 2495 86 52 et
1613 2495 128 52 alius
1698 2495 214 52 diffinitum.
1869 2495 114 52 quod

1233 2537 198 58 sufficienter
1393 2537 124 58 probat
1480 2537 86 58 per
1529 2537 99 58 duas
1591 2537 161 58 rationes.
1714 2537 74 58 ex
1751 2537 124 58 quibus
1825 2537 124 58 infertur

1229 2586 101 60 quod
1292 2586 176 60 propositio
1431 2586 88 60 non
1481 2586 88 60 est
1532 2586 88 60 per
1582 2586 76 60 se
1620 2586 101 60 nota
1683 2586 76 60 de
1721 2586 176 60 quidditate
1847 2586 113 60 confuse
