2193 3080
420 222 167 64 singulare
549 222 64 64 a
574 222 154 64 fantasia
690 222 103 64 quam
754 222 77 64 ab
792 222 180 64 intellectu
934 222 103 64 quod
998 222 90 64 est
1036 222 103 64 contra

426 277 75 58 eos
469 277 54 58 ⁋
491 277 119 58 Secunda
577 277 97 58 etiam
642 277 97 58 ratio
707 277 75 58 non
750 277 108 58 valet.
825 277 86 58 quia
879 277 129 58 scientia
976 277 75 58 non
1019 277 75 58 est
1052 277 86 58 tanten

426 323 74 58 ex
463 323 186 58 incomplexis
612 323 87 58 sed
661 323 87 58 est
711 323 149 58 respectu
823 323 198 58 complexorum.
984 323 74 58 et
1009 323 136 58 aliquando

411 365 172 58 complexa
540 365 115 58 sunt
611 365 186 58 ignotiora
754 365 243 58 quantumcunque
955 365 158 58 termini
1055 365 86 58 sini

412 410 115 62 noti
483 410 100 62 vel
541 410 129 62 etiam
626 410 186 62 notiores.
770 410 115 62 ergo
841 410 229 62 quantucunque
1013 410 129 62 termini

415 455 256 53 metaphisicales
628 455 142 53 essent
728 455 128 53 prius
813 455 114 53 noti
884 455 114 53 quam
955 455 128 53 termi
1026 455 128 53 aliarum

412 500 233 62 scientiarum.
601 500 102 62 non
660 500 189 62 oporteret
805 500 174 62 complexa
921 500 233 62 metaphisicalia

415 544 111 58 esse
484 544 166 58 notiora.
609 544 83 58 et
651 544 97 58 ita
706 544 97 58 non
762 544 180 58 oporteret
900 544 222 58 metaphisicam
1067 544 83 58 esse

409 588 157 58 priorem
523 588 143 58 ordine
623 588 186 58 doctrine.
767 588 186 58 Exemplum.
910 588 115 58 isti
981 588 115 58 sunt
1038 588 115 58 termin

418 631 109 52 noti.
491 631 121 52 corpus
575 631 145 52 celeste.
684 631 121 52 astra.
769 631 73 52 et
806 631 170 52 huiusmodi.
939 631 73 52 et
975 631 133 52 paritas
1072 631 73 52 et
1097 631 48 52 im

412 674 157 61 paritas.
530 674 78 61 et
569 674 118 61 tamen
647 674 118 61 istud
726 674 183 61 complexum.
869 674 118 61 astra
948 674 105 61 sunt
1013 674 118 61 paria
1079 674 65 61 non

413 720 135 58 potest
507 720 175 58 euidenter
642 720 175 58 cognosci.
777 720 94 58 nec
830 720 121 58 etiam
911 720 108 58 eius
979 720 175 58 obiectum.
1100 720 54 58 et

409 766 123 56 tamen
491 766 123 56 multa
573 766 109 56 alia
642 766 164 56 complexa
765 766 137 56 quorum
861 766 123 56 termi
943 766 109 56 sunt
998 766 150 56 posterius

409 810 108 52 noti
477 810 149 52 possunt
586 810 176 52 euidenter
721 810 176 52 cognosci.
857 810 81 52 Et
897 810 95 52 ita
951 810 149 52 quamuis
1046 810 95 52 termi

409 854 269 57 metaphisicales.
635 854 142 57 essent
734 854 127 57 prius
819 854 113 57 noti
890 854 113 57 quam
961 854 113 57 alii
1018 854 127 57 termini

413 895 139 64 aliarum
514 895 189 64 scientiarum
665 895 227 64 particularium.
854 895 88 64 non
905 895 164 64 oporteret
1018 895 126 64 complexa

413 942 67 58 ex
446 942 101 58 illis
514 942 135 58 terminis
615 942 90 58 esse
671 942 135 58 notiora.
772 942 56 58 ⁋
794 942 146 58 Preterea.
906 942 135 58 secundum
996 942 146 58 philosophum

425 988 60 59 i.
455 988 80 59 phi.
505 988 70 59 et.
544 988 80 59 vii.
594 988 99 59 metha.
664 988 60 59 et
694 988 60 59 id
723 988 70 59 est
763 988 159 59 posteriorum.
892 988 119 59 scientia
982 988 60 59 de
1002 988 139 59 vniversalior

415 1031 83 57 bus
462 1031 83 57 est
510 1031 106 57 prior
581 1031 118 57 ordine
663 1031 154 57 doctrine.
782 1031 71 57 et
817 1031 106 57 tamen
888 1031 142 57 secundum
994 1031 106 57 istum
1053 1031 95 57 termin

423 1074 132 55 coiores
519 1074 84 55 non
567 1074 96 55 sunt
627 1074 108 55 prius
699 1074 108 55 noti.
771 1074 96 55 ergo
830 1074 84 55 nec
878 1074 120 55 semper
962 1074 156 55 praoritas
1070 1074 84 55 noti-

412 1116 89 64 tie
463 1116 178 64 incomplexe
603 1116 178 64 terminorum
743 1116 153 64 secundum
858 1116 115 64 istos
934 1116 127 64 arguit
1011 1116 140 64 priorita-

414 1162 86 48 tem
463 1162 148 48 scientie
574 1162 123 48 ordine
660 1162 160 48 doctrine.
784 1162 62 48 ⁋
809 1162 160 48 Preterea.
932 1162 123 48 metha.
1018 1162 86 48 non
1055 1162 99 48 tantum

425 1205 80 59 est
470 1205 69 59 de
505 1205 171 59 compositis:
642 1205 80 59 sed
687 1205 103 59 etiam
756 1205 80 59 est
801 1205 69 59 de
836 1205 114 59 subiis
916 1205 148 59 separatis
1030 1205 91 59 quae
1075 1205 69 59 sunt

411 1249 157 65 posterius
532 1249 97 65 note
592 1249 145 65 secundum
701 1249 121 65 istos.
785 1249 97 65 ergo
845 1249 205 65 quantumcunque
1014 1249 121 65 metha.
1087 1249 60 65 non

410 1293 116 60 esset
487 1293 116 60 vltia
565 1293 129 60 ordine
655 1293 155 60 doctrine
771 1293 142 60 quantum
874 1293 77 60 ad
912 1293 116 60 illam
990 1293 129 60 partem
1067 1293 77 60 quam

417 1339 88 46 est
468 1339 75 46 de
505 1339 164 46 complexis
631 1339 176 46 compositis
770 1339 75 46 ex
807 1339 151 46 terminis
921 1339 189 46 communibus.
1059 1339 88 46 tamen

417 1382 122 54 posset
502 1382 97 54 esse
563 1382 110 54 vltia
636 1382 134 54 quantum
733 1382 73 54 ad
770 1382 110 54 illam
843 1382 122 54 partem
928 1382 97 54 quae
989 1382 85 54 est
1037 1382 73 54 de
1062 1382 97 54 subiis

417 1427 173 46 separatis.
553 1427 62 46 ⁋
578 1427 149 46 Preterea
689 1427 149 46 scientie
800 1427 198 46 particulares
961 1427 87 46 non
1011 1427 111 46 solum
1073 1427 74 46 sunt

412 1469 66 64 de
445 1469 142 64 speciebus
554 1469 186 64 spaialissimis
707 1469 120 64 istorum
795 1469 175 64 sensibilium.
937 1469 88 64 quae
992 1469 88 64 sole
1036 1469 109 64 secundum

409 1515 135 61 istos
499 1515 120 61 sunt
574 1515 135 61 prima
664 1515 165 61 cognita
785 1515 90 61 ab
830 1515 210 61 intellectu
980 1515 165 61 primitate

412 1555 179 49 originis.
550 1555 110 49 quia
619 1555 110 49 illa
687 1555 193 49 singularia
839 1555 193 49 efficacius
990 1555 138 49 mouent
1072 1555 69 49 sen

415 1602 108 57 sum.
483 1602 95 57 sed
537 1602 122 57 etiam
618 1602 108 57 sunt
686 1602 81 57 de
726 1602 135 57 multis
821 1602 135 57 aliis.
915 1602 108 57 puta
983 1602 81 57 de
1010 1602 135 57 substam-

416 1646 103 51 tiis.
484 1646 68 51 de
518 1646 205 51 quantitatibus.
689 1646 137 51 secundum
792 1646 91 51 eos.
848 1646 68 51 et
883 1646 68 51 de
917 1646 171 51 respectibus
1042 1646 114 51 secundum

413 1688 112 63 eos.
483 1688 84 63 et
525 1688 84 63 de
568 1688 141 63 multis
666 1688 127 63 aliis
750 1688 112 63 quae
821 1688 98 63 non
877 1688 112 63 sunt
947 1688 127 63 primo
1017 1688 127 63 cognita

417 1735 63 60 ab
448 1735 157 60 intellectu.
573 1735 73 60 sed
615 1735 104 60 aliqua
688 1735 115 60 illorum
772 1735 94 60 sicut
835 1735 146 60 substantia
949 1735 73 60 non
991 1735 115 60 possunt
1064 1735 84 60 cogno-

419 1775 74 62 sci
462 1775 85 62 nisi
515 1775 63 62 in
546 1775 127 62 conceptu
641 1775 116 62 communi
726 1775 85 62 sibi
779 1775 63 62 et
811 1775 180 62 accidentibus.
959 1775 63 62 et
990 1775 74 62 per
1022 1775 127 62 consequens

417 1820 91 50 non
469 1820 143 50 possunt
573 1820 156 50 cognosci
690 1820 104 50 nisi
755 1820 182 50 praehabito
898 1820 156 50 conceptu
1015 1820 130 50 entis.
1093 1820 52 50 et

414 1864 106 48 aliis
485 1864 176 48 conceptibus
626 1864 211 48 communissimis.
802 1864 94 48 ergo
860 1864 70 48 si
896 1864 106 48 ratio
966 1864 82 48 sua
1013 1864 106 48 esset
1072 1864 70 48 bona

411 1910 146 50 metha.
513 1910 131 50 esset
601 1910 131 50 prior
688 1910 146 50 ordine
790 1910 175 50 doctrine
921 1910 175 50 respectu
1038 1910 116 50 talium

427 1955 175 45 scientiarum
567 1955 210 45 particularium.
742 1955 128 45 quamuis
836 1955 82 45 non
883 1955 105 45 esset
953 1955 105 45 prior
1023 1955 117 45 ordine
1093 1955 58 45 do-

430 1996 124 52 ctrine
517 1996 149 52 respectu
628 1996 186 52 scientiarum
777 1996 75 52 de
815 1996 161 52 speciebus
939 1996 186 52 spalissimis
1075 1996 75 52 isto

420 2043 82 56 rum
467 2043 188 56 sensibilium.
620 2043 59 56 ⁋
644 2043 153 56 Preterea.
761 2043 71 56 si
797 2043 106 56 ratio
867 2043 82 56 sit
914 2043 94 56 bona
973 2043 141 56 sequitur
1067 2043 71 56 quod

428 2087 153 47 scientia
543 2087 77 47 de
582 2087 128 47 specie
671 2087 179 47 spalissima
812 2087 90 47 sit
863 2087 115 47 prima
940 2087 128 47 ordine
1016 2087 141 47 doctrine.

430 2130 111 60 cuius
504 2130 111 60 tamen
578 2130 161 60 oppositum
702 2130 124 60 docent
789 2130 99 60 auc.
851 2130 74 60 et
888 2130 198 60 experientia.
1049 2130 62 60 ⁋
1061 2130 99 60 Preter

427 2176 82 48 ea.
474 2176 118 48 tertia
557 2176 106 48 ratio
627 2176 82 48 non
674 2176 118 48 valet.
757 2176 82 48 Tum
804 2176 94 48 quia
863 2176 94 48 eque
922 2176 177 48 concluderet
1063 2176 71 48 si
1086 2176 71 48 com-

426 2223 128 47 ceptus
516 2223 141 47 speciei
619 2223 180 47 spalissime
760 2223 116 47 primo
837 2223 180 47 producitur
978 2223 103 47 quod
1042 2223 103 47 erit
1094 2223 64 47 ma-

428 2269 101 50 gnum
491 2269 126 50 tempus
579 2269 138 50 anteque
680 2269 176 50 deueniatur
818 2269 75 50 ad
856 2269 163 50 conceptum
982 2269 126 50 entis:
1057 2269 88 50 sicut

424 2307 88 61 si
468 2307 103 61 ens
527 2307 234 61 concipiatur.
717 2307 132 61 primo
805 2307 190 61 oporteret
952 2307 147 61 ponere
1040 2307 117 61 magnum

433 2351 110 55 empus
506 2351 135 55 anteque
604 2351 184 55 deueniretur
751 2351 74 55 ad
788 2351 147 55 conceptu
899 2351 135 55 speciei
984 2351 172 55 spcialissime

430 2396 95 53 quia
490 2396 95 53 quae
549 2396 131 53 ratione
644 2396 155 53 oporteret
763 2396 143 53 transire
870 2396 107 53 omnia
942 2396 107 53 media
1001 2396 143 53 descenden-

432 2442 72 53 do
468 2442 60 53 a
492 2442 181 53 communisimo
637 2442 108 53 vsque
709 2442 72 53 ad
745 2442 120 53 specie
829 2442 193 53 spalissimam.
986 2442 108 53 eadem
1046 2442 108 53 ratione

434 2483 171 61 oporteret
565 2483 158 61 transire
684 2483 92 61 per
736 2483 118 61 omnia
815 2483 118 61 media
894 2483 184 61 ascendendo
1039 2483 66 61 a
1052 2483 105 61 specie

422 2527 198 48 spanlissima
580 2527 119 48 vsque
659 2527 79 48 ad
699 2527 171 48 conceptum
830 2527 119 48 entis
910 2527 237 48 communissimum.
1094 2527 66 48 Tum

429 2571 81 55 qui
476 2571 138 55 dicerent
579 2571 92 55 alii
637 2571 92 55 quod
695 2571 115 55 simul:
776 2571 115 55 saltem
856 2571 127 55 tempore
949 2571 127 55 quamuis
1041 2571 81 55 non
1076 2571 69 55 natu

425 2618 80 67 ra
465 2618 226 67 producerentur
651 2618 173 67 conceptus
784 2618 120 67 entis
863 2618 160 67 coissimi
983 2618 80 67 et
1010 2618 146 67 conceptus

1245 223 143 68 speciei
1349 223 221 68 specialissime
1531 223 65 68 ⁋
1557 223 143 68 Contram
1662 223 156 68 secundum
1779 223 182 68 articulum.
1909 223 52 68 in

1244 281 99 52 quo
1300 281 127 52 ponit
1385 281 113 52 quod
1456 281 99 52 ens
1512 281 198 52 necessario
1667 281 99 52 est
1724 281 141 52 primum
1809 281 155 52 distincte

1245 331 156 45 cognitum
1362 331 169 45 primitate
1492 331 169 45 originis.
1622 331 91 45 hoc
1674 331 91 45 est
1726 331 195 45 simpliciter
1869 331 104 45 falsum

1246 375 102 50 qui
1305 375 117 50 omne
1378 375 175 50 obiectum
1509 375 146 50 potest
1611 375 190 50 distincte
1757 375 190 50 cognosci.
1888 375 73 50 non

1243 417 150 52 cognito
1353 417 109 52 illo
1421 417 109 52 quod
1489 417 96 52 non
1544 417 96 52 est
1598 417 82 52 de
1639 417 150 52 ratione
1749 417 109 52 eius
1803 417 164 52 essentiali

1238 458 90 48 nec
1290 458 180 48 includitur
1431 458 218 48 essentialiter
1610 458 77 48 in
1649 458 90 48 eo.
1700 458 90 48 sed
1752 458 167 48 conceptus
1867 458 90 48 entis

1246 501 94 52 nec
1299 501 189 52 includitur
1448 501 81 52 in
1488 501 135 52 specie
1583 501 229 52 specialissima
1771 501 94 52 nec
1825 501 81 52 in
1852 501 108 52 aliquo

1238 548 164 64 inferiori
1365 548 126 64 reali.
1453 548 101 64 ergo
1517 548 190 64 vnumquodque
1668 548 139 64 illorum
1770 548 126 64 potest
1846 548 126 64 cognosci

1237 585 191 54 distincte
1384 585 118 54 sine
1458 585 206 54 cognitione
1620 585 132 54 entis
1708 585 206 54 conissimi.
1855 585 118 54 IMaior

1241 635 127 59 patet.
1330 635 102 59 quia
1394 635 76 59 ad
1432 635 178 59 cognitonem
1572 635 178 59 distinctam
1712 635 89 59 rei
1763 635 153 59 sufficit
1864 635 102 59 cogni-

1243 690 96 42 tio
1298 690 138 42 omnium
1395 690 220 42 essentialium
1574 690 83 42 et
1615 690 234 42 intrinsecorum
1808 690 124 42 sibi.
1877 690 96 42 Minor

1249 722 97 56 patet
1314 722 130 56 secundum
1412 722 87 56 eum.
1466 722 87 56 quia
1520 722 141 56 conceptus
1628 722 97 56 entis
1693 722 173 56 communissimi
1834 722 76 56 non
1877 722 76 56 est
1910 722 54 56 ali

1243 769 90 60 quod
1299 769 113 60 reale.
1378 769 90 60 ergo
1434 769 113 60 tantum
1513 769 79 60 est
1558 769 68 60 in
1592 769 169 60 intellectu.
1727 769 79 60 sed
1772 769 101 60 illud
1840 769 90 60 quod
1885 769 90 60 tantum

1237 814 98 54 est
1293 814 84 54 in
1335 814 196 54 intellectu
1489 814 98 54 non
1545 814 98 54 est
1601 814 84 54 de
1642 814 154 54 esentia
1754 814 210 54 cuiuscunque
1908 814 70 54 rei

1237 856 174 55 existentis
1373 856 112 55 extra
1448 856 137 55 animam.
1547 856 149 55 Preterea
1659 856 199 55 quandocumque
1821 856 87 55 sub
1858 856 112 55 aliquam

1242 901 136 48 communi
1341 901 186 48 continentur
1490 901 112 48 plura
1564 901 87 48 per
1613 901 74 48 se
1651 901 161 48 contenta.
1775 901 74 48 si
1812 901 99 48 vnum
1861 901 112 48 illorum

1233 946 146 60 potest
1336 946 190 60 distincte
1481 946 175 60 cognosci
1613 946 117 60 sine
1686 946 204 60 cognitione
1832 946 131 60 superio

1236 999 106 46 ris.
1302 999 79 46 et
1342 999 119 46 aliud
1421 999 172 46 contentum
1553 999 132 46 potest
1646 999 172 46 distincte
1778 999 159 46 cognosci
1884 999 79 46 sine

1240 1033 165 55 cognitione
1370 1033 129 55 eiusdem
1464 1033 176 55 superioris.
1605 1033 82 55 sed
1652 1033 82 55 ens
1699 1033 176 55 praedicatur
1840 1033 71 55 in
1875 1033 94 55 quid
1922 1033 47 55 de

1246 1081 101 50 deo
1303 1081 72 50 a
1332 1081 188 50 creatura.
1477 1081 87 50 et
1520 1081 116 50 deus
1593 1081 145 50 potest
1694 1081 174 50 cognosci
1810 1081 159 50 distincte

1234 1127 114 46 sine
1305 1127 199 46 cognitione
1461 1127 128 46 talis
1547 1127 213 46 superioris.
1717 1127 114 46 ergo
1788 1127 85 46 et
1817 1127 156 46 creatura.

1247 1166 119 56 Maior
1326 1166 132 56 patet.
1418 1166 105 56 quia
1484 1166 92 56 non
1537 1166 92 56 est
1590 1166 119 56 maior
1669 1166 119 56 ratio
1748 1166 105 56 quod
1814 1166 79 56 ad
1840 1166 132 56 cognitio

1244 1211 99 48 nem
1301 1211 199 48 distinctam
1457 1211 128 48 vnius
1542 1211 199 48 inferioris
1698 1211 199 48 requiratur
1840 1211 142 48 cognitio

1232 1256 184 48 superioris
1377 1256 105 48 quam
1442 1256 79 48 ad
1482 1256 197 48 cognitionem
1640 1256 158 48 alterius
1758 1256 197 48 inferioris.
1903 1256 66 48 cum

1239 1305 103 46 eque
1303 1305 219 46 essentialiter
1483 1305 77 46 et
1522 1305 77 46 in
1561 1305 103 46 quid
1625 1305 193 46 praedicatur
1779 1305 77 46 de
1818 1305 154 46 vtroque.
1934 1305 51 46 Di

1240 1342 80 50 nor
1285 1342 148 50 probatur.
1399 1342 91 50 quia
1456 1342 171 50 simpliciter
1593 1342 126 50 simplex
1685 1342 68 50 in
1719 1342 80 50 re.
1765 1342 80 50 aut
1810 1342 148 50 totaliter
1913 1342 57 50 con

1241 1383 177 62 gnoscitur.
1381 1383 89 62 aut
1431 1383 165 62 totaliter
1558 1383 177 62 ignoratur.
1697 1383 76 62 et
1735 1383 89 62 hoc
1786 1383 89 62 est
1823 1383 165 62 intelligen-

1235 1433 89 47 dum
1286 1433 76 47 de
1324 1433 140 47 notitia
1426 1433 178 47 intuitiua.
1566 1433 102 47 quae
1629 1433 152 47 praecise
1744 1433 152 47 secundum
1858 1433 114 47 istos
1921 1433 64 47 rem

1241 1472 162 50 respicit
1362 1472 121 50 extra
1442 1472 135 50 animam
1537 1472 81 50 et
1577 1472 94 50 non
1631 1472 175 50 conceptum
1766 1472 148 50 mentis.
1873 1472 108 50 ergo
1927 1472 54 50 si

1250 1517 109 49 deus
1319 1517 178 49 intuitiue
1455 1517 219 49 cognoscitur.
1633 1517 205 49 neccessario
1797 1517 178 49 distincte
1920 1517 68 49 co-

1240 1562 193 60 gnoscitur.
1392 1562 97 60 sed
1447 1562 152 60 notitia
1557 1562 179 60 intuitiua
1695 1562 97 60 non
1751 1562 97 60 est
1806 1562 166 60 respectu
1916 1562 69 60 ali

1237 1602 126 50 cuius
1321 1602 197 50 conceptus.
1476 1602 112 50 ergo
1546 1602 112 50 erit
1616 1602 98 50 ibi
1672 1602 154 50 notitia
1784 1602 183 50 intuitiua
1911 1602 70 50 di-

1247 1648 138 49 stincta
1347 1648 100 49 sine
1409 1648 175 49 cognitione
1547 1648 113 49 talis
1622 1648 175 49 conceptus.
1759 1648 75 49 et
1797 1648 88 49 per
1834 1648 150 49 consequens

1251 1695 106 45 sine
1317 1695 186 45 cognitione
1463 1695 199 45 superioris.
1623 1695 93 45 cum
1676 1695 120 45 nihil
1756 1695 93 45 sit
1809 1695 160 45 superius
1929 1695 80 45 ad

1239 1735 104 61 deum
1304 1735 156 61 secundum
1421 1735 91 61 eum
1472 1735 104 61 nisi
1537 1735 169 61 conceptus
1667 1735 78 61 et
1706 1735 117 61 nihil
1784 1735 130 61 reale.
1861 1735 130 61 Preterea

1237 1786 173 44 quicquid
1366 1786 188 44 distincte
1511 1786 144 44 potest
1612 1786 173 44 cognosci
1742 1786 72 44 a
1771 1786 130 44 sensu
1857 1786 115 44 sine
1915 1786 72 44 co-

1240 1821 167 56 gnitione
1365 1821 209 56 cuiuscumque
1532 1821 181 56 alterius.
1672 1821 125 56 illud
1755 1821 111 56 idem
1825 1821 139 56 potest
1908 1821 70 56 di-

1236 1869 174 51 stincte
1362 1869 189 51 cognosci
1505 1869 95 51 ab
1552 1869 221 51 intellectu
1725 1869 126 51 sine
1789 1869 189 51 cognitione

1239 1911 186 53 cuiuscumque
1387 1911 161 53 alterius.
1511 1911 87 53 sed
1560 1911 136 53 aliquod
1659 1911 161 53 sensibile
1783 1911 124 53 potest
1857 1911 136 53 distincte

1240 1951 152 67 cognosci
1354 1951 101 67 sine
1418 1951 177 67 cognitione
1557 1951 114 67 entim
1633 1951 215 67 communissimi.
1811 1951 101 67 ergo
1874 1951 101 67 sine
1925 1951 63 67 co-

1239 2000 152 59 gnitione
1353 2000 114 59 talis
1429 2000 177 59 conunisimi
1569 2000 127 59 potest
1658 2000 165 59 distincte
1784 2000 152 59 cognosci
1898 2000 76 59 ab
1924 2000 63 59 in-

1237 2039 189 50 tellectu.
1383 2039 73 50 ⁋
1412 2039 145 50 Contra
1514 2039 131 50 aliud
1601 2039 116 50 quod
1674 2039 131 50 dicit
1761 2039 116 50 quod
1834 2039 131 50 totus
1907 2039 87 50 ordo

1235 2095 138 49 confuse
1336 2095 189 49 concipiendi
1487 2095 164 49 praecedit
1613 2095 113 49 totum
1689 2095 126 49 ordine
1777 2095 164 49 distincte
1890 2095 88 49 conci

1240 2140 152 50 piendi.
1351 2140 97 50 hoc
1406 2140 97 50 non
1461 2140 97 50 est
1516 2140 138 50 verum.
1613 2140 110 50 quia
1682 2140 110 50 quod
1751 2140 179 50 distincte
1875 2140 110 50 cogno-

1249 2182 116 46 scitur
1331 2182 58 46 a
1354 2182 116 46 sensu.
1435 2182 105 46 illud
1505 2182 93 46 idem
1563 2182 116 46 potest
1645 2182 151 46 distincte
1761 2182 140 46 cognosci
1866 2182 70 46 ab
1889 2182 93 46 intel-

1249 2222 123 57 ectu.
1331 2222 82 57 et
1372 2222 136 57 maxime
1467 2222 82 57 ab
1508 2222 191 57 intellectu
1658 2222 95 57 non
1712 2222 177 57 impedito.
1848 2222 109 57 quia
1903 2222 68 57 non

1248 2270 143 51 minoris
1352 2270 156 51 potentie
1468 2270 91 51 est
1520 2270 194 51 intellectus
1676 2270 91 51 non
1728 2270 169 51 impeditus
1857 2270 78 51 ad
1883 2270 104 51 cogno-

1241 2306 146 53 scendum
1347 2306 93 53 sua
1400 2306 146 53 obiecta
1507 2306 107 53 quam
1574 2306 133 53 sensus
1667 2306 80 53 ad
1707 2306 107 53 sua.
1773 2306 107 53 ergo
1827 2306 146 53 distincta

1245 2353 143 50 cognitio
1352 2353 119 50 potest
1436 2353 119 50 haberi
1519 2353 72 50 in
1555 2353 107 50 primo
1626 2353 155 50 instanti.
1746 2353 72 50 et
1781 2353 107 50 tamen
1853 2353 83 50 non
1889 2353 83 50 opor-

1242 2399 86 50 tet
1291 2399 99 50 tunc
1353 2399 99 50 quod
1414 2399 148 50 habeatur
1525 2399 111 50 totus
1599 2399 99 50 ordo
1661 2399 136 50 confuse
1759 2399 197 50 concipiendi.
1907 2399 74 50 quia

1243 2441 198 45 conceptus
1395 2441 183 45 multorum
1532 2441 167 45 generum
1653 2441 106 45 non
1714 2441 152 45 potest
1821 2441 152 45 haberi
1912 2441 76 45 si-

1235 2484 95 51 ne
1283 2484 175 51 notitia
1410 2484 175 51 plurium
1537 2484 238 51 singularium
1727 2484 222 51 diuersarum
1886 2484 95 51 spe-

1241 2534 155 49 cierum
1350 2534 78 49 ⁋
1381 2534 155 49 Contra
1490 2534 171 49 tertium
1615 2534 202 49 articulum
1770 2534 93 49 in
1817 2534 109 49 quo
1863 2534 109 49 ponit

1236 2574 117 51 quod
1310 2574 161 51 notitia
1427 2574 190 51 habituali
1573 2574 88 51 et
1617 2574 176 51 virtuali
1749 2574 117 51 sunt
1808 2574 161 51 comuniora

1236 2617 141 65 prius
1330 2617 141 65 nota.
1425 2617 78 65 ⁋
1456 2617 173 65 Contra.
1582 2617 235 65 vnumquodque
1770 2617 188 65 passiuum
1896 2617 78 65 non
