2177 3074
409 197 125 77 istum.
497 197 75 77 et
535 197 100 77 quod
597 197 188 77 praedicatur
747 197 75 77 de
785 197 150 77 omnibus.
897 197 88 77 per
947 197 75 77 se
972 197 163 77 intelligibi

411 258 129 58 libus.
501 258 77 58 et
540 258 180 58 includitur
682 258 77 58 in
720 258 142 58 omnibus
824 258 90 58 per
875 258 77 58 se
901 258 232 58 intelligibilibus

417 306 148 55 ecundum
524 306 121 55 modum
605 306 162 55 loquendi
726 306 135 55 istius
820 306 175 55 doctoris.
955 306 108 55 vere
1022 306 81 55 et
1049 306 81 55 natu

410 356 139 54 raliter
512 356 177 54 attingitur
651 356 76 54 ab
689 356 190 54 intellectu.
841 356 63 54 â‹
866 356 76 54 Ad
904 356 139 54 tertium
1005 356 101 54 dico
1056 356 76 54 quod

409 391 192 62 obiectum
553 391 176 62 motiuum
681 391 240 62 intellectus
874 391 112 62 est
938 391 176 62 precise
1050 391 80 62 sin

400 438 145 65 gulare
501 438 87 65 et
544 438 116 65 dico
617 438 116 65 quod
689 438 116 65 omne
762 438 188 65 singulare
906 438 101 65 est
964 438 159 65 motiuum
1066 438 72 65 in-

408 488 179 56 tellectus.
549 488 103 56 quia
613 488 103 56 omne
677 488 167 56 singulare
806 488 128 56 potest
895 488 167 56 intelligi
1011 488 115 56 notitia

402 525 200 65 intuitiua.
559 525 157 65 quantum
673 525 100 65 est
730 525 86 65 ex
773 525 143 65 natura
873 525 129 65 anime
959 525 86 65 et
987 525 143 65 intelle-

411 568 113 62 ctus
482 568 156 62 nostri.
595 568 99 62 Sed
651 568 85 62 ad
694 568 170 62 notitiam
821 568 198 62 intuitiuam
962 568 170 62 requiritur

408 617 114 65 quod
479 617 114 65 ipsa
550 617 99 65 res
607 617 156 65 cognita
720 617 185 65 intuitiue
862 617 142 65 causet
947 617 185 65 intellectio

404 661 101 57 nem.
468 661 101 57 quia
531 661 127 57 aliter
620 661 89 57 non
670 661 127 57 posset
759 661 101 57 illa
822 661 89 57 res
873 661 190 57 naturaliter
1012 661 114 57 cognoso

402 705 184 59 intuitiue.
547 705 105 59 ergo
613 705 171 59 quodlibet
744 705 171 59 singulare
876 705 92 59 est
929 705 145 59 motiuum
1021 705 105 59 ipsius

412 750 89 51 us
457 750 236 51 intellectus.
649 750 89 51 ad
693 750 192 51 suiipsius
841 750 177 51 notitiam
959 750 177 51 intuitiuam

402 793 98 49 et
451 793 130 49 ideo
532 793 130 49 isto
614 793 130 49 modo
695 793 196 49 loquendo
842 793 98 49 de
891 793 179 49 obiecto
1005 793 130 49 motiuo

416 837 229 50 intellectus.
602 837 115 50 Dico
674 837 115 50 quod
745 837 100 50 ens
802 837 172 50 vniuocum
917 837 215 50 communissimum

400 890 95 53 est
455 890 136 53 primum
550 890 163 53 obiectum
672 890 217 53 intellectus.
848 890 95 53 non
902 890 149 53 propter
1011 890 122 53 talem
1079 890 54 53 du

409 932 140 56 plicem
507 932 209 56 primitatem.
674 932 98 56 sed
730 932 154 56 propter
842 932 195 56 primitatem
981 932 154 56 communita

408 971 107 58 tis.
474 971 107 58 quia
541 971 93 58 est
595 971 214 58 praedicabile
768 971 80 58 in
808 971 107 58 quid
875 971 80 58 et
915 971 147 58 commune
1008 971 134 58 vniuocum

413 1014 81 53 ad
453 1014 121 53 omnia
534 1014 256 53 intelligibilia.
750 1014 135 53 motiua
844 1014 216 53 intellectus.
1020 1014 81 53 et
1047 1014 94 53 tamen

402 1063 169 54 ipsmmet
525 1063 108 54 non
586 1063 154 54 potest
694 1063 154 54 mouere
801 1063 246 54 intellectum.
1001 1063 108 54 nec
1047 1063 92 54 cau-

408 1102 115 60 sare
480 1102 187 60 quocumque
623 1102 115 60 modo
695 1102 259 60 intellectionem
911 1102 173 60 secundum
1026 1102 115 60 primam

405 1147 217 63 opinionem.
576 1147 124 63 Unde
654 1147 93 63 de
700 1147 124 63 ente
778 1147 124 63 tali
856 1147 155 63 sumpto
949 1147 186 63 personalie

408 1200 204 52 predicatur
569 1200 117 52 esse
642 1200 161 52 motiuum
759 1200 233 52 intellectus.
948 1200 88 52 et
992 1200 131 52 tamen
1065 1200 73 52 hec

411 1238 87 46 est
460 1238 187 46 simpliciter
610 1238 124 46 falsa.
697 1238 87 46 ens
746 1238 137 46 commune
846 1238 75 46 ad
883 1238 112 46 omnia
958 1238 124 46 motiua
1033 1238 124 46 intelle-

411 1281 111 51 ctus
480 1281 97 51 est
536 1281 152 51 motiuum
646 1281 166 51 secundum
771 1281 180 51 opinionem
909 1281 194 51 predictam.
1061 1281 69 51 â‹
1089 1281 83 51 Ad

408 1324 136 58 quartum
507 1324 99 58 dico
569 1324 99 58 quod
630 1324 87 58 pro
680 1324 111 58 statu
754 1324 99 58 isto
816 1324 173 58 vndecumque
952 1324 99 58 sit.
1014 1324 111 58 nihil
1076 1324 62 58 est

401 1364 165 60 motiuum
521 1364 225 60 intellectus
701 1364 90 60 ad
746 1364 225 60 cognitionem
926 1364 210 60 suiipsius.
1076 1364 60 60 ni

411 1408 79 54 si
450 1408 185 54 sensibilis
596 1408 159 54 qualitas
715 1408 132 54 extra.
807 1408 93 54 vel
860 1408 132 54 saltem
953 1408 93 54 per
1006 1408 79 54 se
1032 1408 106 54 sensi-

411 1454 111 51 bile.
485 1454 74 51 et
522 1454 123 51 aliqua
608 1454 111 51 infra
682 1454 136 51 animam.
781 1454 148 51 scilicet
891 1454 111 51 actus
965 1454 74 51 et
990 1454 148 51 passiones.

407 1497 79 57 et
446 1497 118 57 forte
525 1497 145 57 ipsamet
631 1497 118 57 anima
710 1497 224 57 intellectiua.
894 1497 79 57 et
933 1497 92 57 hoc
986 1497 79 57 si
1026 1497 105 57 ipsa
1078 1497 66 57 in-

417 1544 146 50 tuitiue
523 1544 160 50 videatur
643 1544 67 50 a
669 1544 133 50 seipsa
763 1544 93 50 pro
816 1544 120 50 statu
896 1544 120 50 isto.
975 1544 120 50 Utrum
1042 1544 93 50 autem

414 1584 86 53 sit
463 1584 134 53 aliquod
560 1584 134 53 commune
658 1584 196 53 praedicabile
817 1584 73 53 in
854 1584 98 53 quid
915 1584 147 53 praecise
1025 1584 73 53 de
1049 1584 86 53 istis

424 1624 98 65 que
480 1624 112 65 sunt
550 1624 141 65 motiua
649 1624 211 65 intellectus
818 1624 98 65 pro
874 1624 127 65 statu
958 1624 112 65 isto
1029 1624 98 65 est
1071 1624 70 65 du-

412 1673 152 56 bium.
513 1673 84 56 â‹
547 1673 101 56 Ad
598 1673 236 56 argumentum
784 1673 152 56 prime
885 1673 219 56 opinionis
1037 1673 101 56 dico

420 1716 100 62 quod
482 1716 150 62 obiectum
594 1716 225 62 proportionatur
782 1716 162 62 potentie.
907 1716 87 62 sed
957 1716 87 62 non
1007 1716 100 62 tali
1057 1716 87 62 modo.

418 1768 110 51 quod
487 1768 137 51 eundem
583 1768 123 51 modum
665 1768 165 51 exstendi
789 1768 151 51 habeant
898 1768 165 51 obiectum
1022 1768 82 51 et
1049 1768 96 51 poten

410 1805 114 56 tia.
481 1805 114 56 Unde
553 1805 172 56 obiectum
681 1805 114 56 omne
753 1805 129 56 reale
839 1805 229 56 sufficienter
1010 1805 129 56 propor-

415 1848 163 53 tionatur
538 1848 163 53 potentie
660 1848 217 53 intellectiue
836 1848 149 53 quantum
945 1848 95 53 est
999 1848 136 53 natura
1081 1848 54 53 es

425 1892 103 48 rum.
489 1892 103 48 quia
554 1892 103 48 vnum
618 1892 141 48 quantum
720 1892 90 48 est
772 1892 77 48 ex
810 1892 77 48 se
849 1892 90 48 est
900 1892 154 48 actiuum.
1016 1892 77 48 et
1054 1892 116 48 aliud

425 1932 174 64 passiuum.
558 1932 80 64 et
598 1932 120 64 forte
679 1932 147 64 actiuum
786 1932 134 64 saltem
879 1932 160 64 respectu
986 1932 147 64 aliquorum

437 1978 97 53 Ad
485 1978 243 53 argumentium
680 1978 194 53 alterius
825 1978 210 53 opinionis
987 1978 130 53 dico
1052 1978 81 53 si-

437 2018 113 65 patet
513 2018 150 65 dist.ii.
625 2018 88 65 non
675 2018 88 65 est
725 2018 113 65 talis
800 2018 125 65 duplex
888 2018 150 65 primitas
1000 2018 75 65 in
1038 2018 100 65 este
1088 2018 50 65 re

419 2070 133 50 spectu
512 2070 146 50 omnium.
618 2070 66 50 â‹
645 2070 80 50 Ad
685 2070 160 50 exemplum
804 2070 106 50 dico
871 2070 106 50 quod
937 2070 106 50 illo
1004 2070 133 50 posito
1084 2070 66 50 con

420 2108 107 59 lor
481 2108 107 59 non
542 2108 137 59 esset
633 2108 153 59 primum
740 2108 183 59 obiectum
878 2108 198 59 adequatum
1015 2108 122 59 sensus

420 2154 140 56 visus.
518 2154 84 56 Et
560 2154 84 56 si
602 2154 154 56 dicatur
714 2154 112 56 quod
784 2154 140 56 nullum
882 2154 126 56 aliud
966 2154 140 56 potest
1050 2154 98 56 poni-

419 2201 112 55 eius
489 2201 182 55 obiectum.
629 2201 70 55 â‹
657 2201 112 55 Dico
727 2201 112 55 quod
798 2201 98 55 vel
854 2201 140 55 nullum
952 2201 168 55 obiectum
1064 2201 84 55 habe

425 2245 214 58 retadequatum
599 2245 80 58 si
639 2245 121 58 nihil
719 2245 121 58 esset
800 2245 147 58 commune
907 2245 161 58 vniuocum
1027 2245 80 58 ad
1054 2245 94 58 omnia

427 2287 85 65 per
476 2287 73 65 se
512 2287 170 65 visibilia.
646 2287 85 65 vel
695 2287 134 65 aliquod
792 2287 134 65 commune
889 2287 85 65 per
938 2287 73 65 se
975 2287 73 65 ad
1011 2287 110 65 omnia
1072 2287 73 65 illa

423 2330 143 55 esset
518 2330 127 55 eius
598 2330 191 55 obiectum
741 2330 222 55 adequatum.
916 2330 111 55 Nam
979 2330 127 55 tunc
1043 2330 111 55 habe-

432 2380 112 48 ret
496 2380 128 48 idem
576 2380 192 48 obiectum
720 2380 208 48 adequatum
879 2380 128 48 quod
959 2380 128 48 modo
1023 2380 128 48 habet.

439 2418 70 63 â‹
467 2418 84 63 Ad
509 2418 195 63 argumentum
662 2418 195 63 principale
816 2418 126 63 patet
900 2418 112 63 quod
970 2418 98 63 nec
1011 2418 140 63 intelle-

426 2461 138 60 ctus
512 2461 224 60 angelicus
684 2461 121 60 nec
753 2461 190 60 humanus
891 2461 155 60 habet
978 2461 172 60 obiectum

432 2513 165 47 adequatum
559 2513 153 47 secundum
674 2513 102 47 vnam
737 2513 178 47 opinionem.
877 2513 153 47 Secundum
991 2513 114 47 aliam
1055 2513 89 47 habet

416 2556 126 54 tamen
500 2556 168 54 loquendo
625 2556 84 54 de
667 2556 154 54 obiecto
779 2556 140 54 motiuo
877 2556 112 54 dico
947 2556 112 54 quod
1016 2556 112 54 idem
1072 2556 70 54 ob-

427 2599 144 69 iectum
527 2599 101 69 est
585 2599 187 69 vtriusque
729 2599 202 69 adequatum.
888 2599 101 69 Nec
945 2599 130 69 valet
1032 2599 115 69 sunt
1089 2599 58 69 po

1230 197 152 61 tentie
1336 197 213 61 distincte.
1504 197 122 61 ergo
1580 197 152 61 habent
1687 197 168 61 obiecta
1794 197 152 61 adequata

1231 259 191 49 distincta.
1381 259 109 49 quia
1450 259 150 49 diuerse
1559 259 164 49 potentie
1681 259 150 49 possunt
1790 259 136 49 habere
1872 259 82 49 idem

1234 298 166 55 obiectum
1359 298 194 55 adequatum.
1511 298 125 55 sicut
1594 298 111 55 idem
1663 298 138 55 potest
1760 298 125 55 agere
1843 298 83 55 in
1871 298 69 55 di-

1217 343 142 61 uersa
1312 343 142 61 passa
1407 343 79 61 â‹
1439 343 95 61 Ad
1486 343 222 61 argumentum
1660 343 95 61 in
1708 343 206 61 oppositum
1850 343 95 61 dico

1219 393 109 54 quod
1288 393 232 54 communissimum
1478 393 123 54 inter
1560 393 123 54 talia
1642 393 95 54 est
1697 393 164 54 obiectum
1806 393 136 54 adequati

1232 434 143 55 quando
1332 434 100 55 est
1389 434 158 55 commune
1504 434 86 55 ad
1547 434 129 55 omnia
1633 434 100 55 per
1691 434 86 55 se
1719 434 230 55 intelligibilia

1234 477 124 50 aliter
1320 477 87 50 non
1370 477 149 50 oportet.
1482 477 99 50 nunc
1544 477 112 50 autem
1618 477 87 50 ens
1668 477 149 50 vniuocum
1779 477 149 50 secundum
1879 477 74 50 vnam

1224 520 174 57 opinionem
1358 520 94 57 non
1411 520 94 57 est
1465 520 148 57 commune
1572 520 80 57 ad
1613 520 121 57 omnia
1693 520 94 57 per
1747 520 80 57 se
1774 520 174 57 intelligibi

1229 563 105 54 lia.
1294 563 105 54 quia
1360 563 92 54 non
1412 563 79 54 ad
1451 563 118 54 entia
1530 563 170 54 rationis.
1661 563 92 54 que
1713 563 118 54 tamen
1792 563 105 54 sunt
1857 563 92 54 per
1897 563 52 54 se

1216 608 410 70 intelligibia.
1554 608 265 70 Questio
1722 608 145 70 nona

1408 659 228 96 Trum
1550 659 171 96 in
1636 659 228 96 omni
1778 659 228 96 crea

1421 728 106 65 tura
1487 728 93 65 sit
1540 728 172 65 vestigium
1673 728 199 65 trinitatis.
1832 728 106 65 Quod
1885 728 66 65 non

1416 779 97 58 qui
1472 779 83 58 in
1513 779 111 58 illo
1583 779 111 58 quod
1652 779 97 58 est
1707 779 180 58 vestigium
1832 779 125 58 trinita

1412 830 98 53 tis
1468 830 210 53 inueniuntur
1636 830 126 53 tria.
1719 830 126 53 sicut
1803 830 84 53 in
1831 830 126 53 trinita

1229 869 85 52 te
1271 869 114 52 sunt
1343 869 114 52 tres
1414 869 171 52 persone.
1542 869 100 52 sed
1599 869 142 52 aliqua
1699 869 100 52 est
1756 869 171 52 creatura
1870 869 85 52 sim-

1231 910 135 64 pliciter
1332 910 135 64 simplex.
1433 910 90 64 quia
1490 910 113 64 aliter
1568 910 101 64 esset
1636 910 146 64 processus
1748 910 68 64 in
1782 910 158 64 infinitum.
1895 910 56 64 erg

1224 952 84 64 in
1266 952 112 64 illa
1336 952 169 64 creatura
1463 952 127 64 nulla
1547 952 197 64 pluralitas
1702 952 197 64 inuenitur.
1857 952 84 64 et
1885 952 70 64 per

1227 996 174 64 consequens
1363 996 75 64 in
1401 996 100 64 ipsa
1463 996 87 64 non
1513 996 87 64 est
1563 996 162 64 vestigium
1687 996 174 64 trinitatis
1824 996 62 64 â‹
1837 996 124 64 Preterea

1232 1054 182 47 vestigium
1372 1054 84 47 in
1414 1054 98 47 hoc
1470 1054 224 47 distinguitur
1653 1054 84 47 ab
1695 1054 168 47 ymagine.
1821 1054 112 47 quod
1877 1054 84 47 yma-

1226 1089 81 60 go
1266 1089 94 60 est
1320 1089 148 60 totius.
1428 1089 81 60 et
1468 1089 175 60 vestigium
1603 1089 94 60 est
1657 1089 148 60 partis.
1765 1089 94 60 sed
1819 1089 81 60 in
1860 1089 94 60 deo
1900 1089 54 60 no

1232 1128 92 62 est
1284 1128 118 62 pars.
1363 1128 105 62 ergo
1429 1128 118 62 nihil
1508 1128 92 62 est
1561 1128 171 62 vestigium
1692 1128 118 62 eius.
1771 1128 66 62 â‹
1797 1128 158 62 Preterea
1902 1128 53 62 ve

1237 1179 149 50 stigium
1346 1179 122 50 ducit
1428 1179 81 50 in
1468 1179 163 50 notitiam
1590 1179 136 50 illius
1685 1179 122 50 cuius
1767 1179 109 50 est.
1835 1179 95 50 sed
1876 1179 81 50 nihi

1233 1218 86 60 in
1276 1218 172 60 creatura
1405 1218 129 60 ducit
1491 1218 86 60 in
1534 1218 172 60 notitiam
1664 1218 216 60 trinitatis.
1836 1218 72 60 â‹
1865 1218 86 60 Ad
1894 1218 57 60 op

1230 1274 179 52 positum.
1364 1274 223 52 Augustinus.
1543 1274 104 52 vi.
1603 1274 89 52 de
1647 1274 119 52 tri.
1722 1274 119 52 caa.
1796 1274 164 52 vltimo.
1900 1274 60 52 or

1238 1309 79 54 vt
1277 1309 170 54 creatorem
1408 1309 92 54 per
1460 1309 79 54 ea
1500 1309 105 54 quae
1565 1309 118 54 facta
1644 1309 105 54 sunt
1709 1309 196 54 intellectum
1853 1309 118 54 conspi-

1236 1359 162 49 cientes
1354 1359 206 49 trinitatem
1516 1359 250 49 intelligamus.
1722 1359 133 49 cuius
1811 1359 88 49 in
1840 1359 118 49 creati

1222 1404 87 51 ra
1266 1404 102 51 quo
1324 1404 145 51 dignum
1426 1404 116 51 est.
1498 1404 160 51 apparet
1615 1404 189 51 vestigium
1760 1404 73 51 â‹
1789 1404 131 51 Circa
1861 1404 102 51 istam

1230 1450 189 48 questione
1376 1450 131 48 primo
1463 1450 174 48 videndum
1594 1450 102 48 est
1652 1450 116 48 quid
1725 1450 102 48 sit
1783 1450 189 48 vestigium
1914 1450 58 48 in

1219 1483 193 53 creaturis.
1371 1483 83 53 in
1412 1483 138 53 quibus
1509 1483 152 53 proprie
1619 1483 193 53 inuenitur.
1771 1483 152 53 Secundo
1867 1483 97 53 quomo

1229 1534 202 48 transfertur
1390 1534 162 48 respectu
1512 1534 108 48 dei.
1579 1534 67 48 â‹
1606 1534 121 48 Circa
1687 1534 135 48 primum
1781 1534 108 48 dico
1849 1534 108 48 quod
1903 1534 67 48 ve-

1231 1581 136 49 stigium
1330 1581 74 49 et
1367 1581 111 49 ymago
1441 1581 173 49 dupliciter
1577 1581 186 49 accipiuntur
1726 1581 87 49 vel
1775 1581 87 49 pro
1825 1581 99 49 toto
1874 1581 87 49 quaid

1234 1620 134 49 nominis
1331 1620 146 49 ipsorum.
1441 1620 134 49 quamuis
1538 1620 110 49 forte
1611 1620 85 49 non
1660 1620 73 49 de
1696 1620 134 49 virtute
1794 1620 158 49 sermonis.
1903 1620 61 49 sic

1224 1657 156 59 dicunt
1334 1657 156 59 aliqua
1443 1657 187 59 absoluta
1583 1657 172 59 aliquid
1708 1657 140 59 aliud
1786 1657 187 59 connotando

1230 1708 121 52 Aliter
1315 1708 182 52 accipiuntur
1460 1708 85 52 pro
1509 1708 97 52 illo
1570 1708 97 52 quod
1630 1708 109 52 primo
1703 1708 182 52 denominatur
1837 1708 133 52 vestigium

1237 1751 87 55 vel
1286 1751 125 55 ymago.
1374 1751 75 55 Et
1411 1751 87 55 sic
1461 1751 175 55 intelligo.
1599 1751 187 55 questionem.
1748 1751 150 55 scilicet
1861 1751 100 55 quid
1911 1751 62 55 est

1230 1789 128 62 illud
1315 1789 114 62 quod
1387 1789 100 62 est
1444 1789 200 62 vestigium.
1601 1789 86 62 Et
1644 1789 114 62 dico
1715 1789 114 62 quod
1786 1789 186 62 vestigium
1915 1789 57 62 et

1230 1835 140 60 ymago
1324 1835 155 60 habent
1432 1835 171 60 aliquas
1557 1835 233 60 conditiones
1743 1835 109 60 vel
1790 1835 186 60 proprieta-

1226 1877 126 61 tates
1310 1877 168 61 communes
1436 1877 84 61 et
1478 1877 154 61 aliquas
1590 1877 182 61 proprias.
1730 1877 98 61 Una
1786 1877 168 61 conditio
1898 1877 84 61 com-

1224 1926 135 54 munis
1314 1926 120 54 quod
1389 1926 105 54 tam
1449 1926 195 54 vestigium
1599 1926 120 54 quam
1675 1926 135 54 ymago
1750 1926 225 54 distinguitur.

1226 1969 87 55 ab
1269 1969 115 55 illo
1341 1969 130 55 cuius
1428 1969 115 55 est.
1500 1969 115 55 Alia
1572 1969 173 55 conditio
1702 1969 115 55 quod
1774 1969 101 55 tam
1817 1969 159 55 vestigium

1226 2009 115 62 quam
1297 2009 129 62 ymago
1383 2009 129 62 ducit
1469 2009 86 62 in
1512 2009 172 62 notitiam
1641 2009 143 62 illius
1741 2009 129 62 cuius
1827 2009 100 62 est
1870 2009 100 62 ymago

1239 2051 113 63 vel
1303 2051 225 63 vestigium.
1480 2051 80 63 â‹
1512 2051 113 63 Sed
1577 2051 145 63 tamen
1673 2051 177 63 aliquid
1802 2051 161 63 ducere
1899 2051 64 63 in

1233 2100 159 53 notitiam
1352 2100 159 53 alicuius
1471 2100 132 53 potest
1563 2100 172 53 intelligi
1696 2100 198 53 dupliciter.
1854 2100 93 53 vel
1894 2100 66 53 tam

1239 2143 112 60 quam
1309 2143 195 60 causatiuum
1462 2143 154 60 notitie
1574 2143 168 60 alterius
1700 2143 168 60 mediante
1825 2143 98 60 sua
1867 2143 98 60 noti-

1232 2192 107 51 tia.
1298 2192 93 51 ita
1352 2192 107 51 quod
1418 2192 146 51 notitia
1525 2192 133 51 ipsius
1618 2192 93 51 sit
1671 2192 120 51 causa
1751 2192 146 51 notitie
1844 2192 120 51 alteri-

1233 2236 109 53 us.
1296 2236 109 53 Uel
1358 2236 202 53 immediate
1513 2236 124 53 sine
1591 2236 187 53 notitia.
1731 2236 140 53 sicut
1809 2236 155 53 intelle-

1230 2282 122 52 ctus
1306 2282 137 52 ducit
1397 2282 167 52 tanquam
1519 2282 137 52 causa
1610 2282 91 52 in
1656 2282 183 52 notitiam
1777 2282 183 52 cuiusliber

1231 2325 287 55 intelligibilis.
1472 2325 136 55 Primo
1563 2325 121 55 modo
1638 2325 196 55 contingit
1774 2325 196 55 dupliciter.

1235 2371 132 53 quia
1318 2371 116 53 vel
1384 2371 149 53 ducit
1484 2371 99 53 in
1533 2371 166 53 primam
1649 2371 149 53 talem
1749 2371 199 53 notitiam
1881 2371 83 53 vel

1229 2409 250 57 cognitionem.
1432 2409 109 57 vel
1495 2409 156 57 tantum
1604 2409 141 57 facit
1698 2409 281 57 rememorationem
1917 2409 62 57 de

1233 2460 156 45 aliquo
1343 2460 250 45 habitualiter
1546 2460 140 45 noto.
1639 2460 78 45 â‹
1670 2460 140 45 Primo
1764 2460 125 45 modo
1827 2460 140 45 notitia

1227 2501 196 55 singularis
1381 2501 98 55 est
1437 2501 126 55 causa
1521 2501 154 55 notitie
1634 2501 224 55 vniuersalis.
1816 2501 84 55 et
1844 2501 126 55 notitia

1226 2546 246 52 premissarum
1423 2546 115 52 est
1488 2546 148 52 causa
1587 2546 181 52 notitie
1702 2546 246 52 conclusionis.

1232 2589 80 70 â‹
1264 2589 112 70 Sed
1328 2589 128 70 isto
1408 2589 128 70 modo
1488 2589 176 70 nunquam
1617 2589 176 70 notitia
1745 2589 144 70 vnius
1841 2589 112 70 rei
1889 2589 80 70 in
