2276 3075
290 247 170 78 complexa
417 247 99 78 est
474 247 127 78 causa
558 247 156 78 notitie
672 247 127 78 prime
756 247 170 78 alterius
869 247 156 78 incompse-

292 312 87 57 xe.
341 312 112 57 sicut
416 312 125 57 dictum
504 312 100 57 fuit
566 312 75 57 in
604 312 150 57 prologo.
716 312 75 57 et
754 312 125 57 maxime
841 312 87 57 non
891 312 87 57 est
929 312 87 57 causa

293 353 168 64 sufficiens
425 353 84 64 cum
473 353 180 64 intellectu.
617 353 72 64 et
653 353 108 64 aliis
725 353 96 64 quae
785 353 180 64 requiruntur
929 353 60 64 a
941 353 72 64 par-

274 398 83 60 te
316 398 179 60 potentie.
453 398 110 60 siue
522 398 96 60 sit
577 398 124 60 causa
660 398 179 60 partialis
798 398 96 60 cum
853 398 152 60 obiecto
949 398 69 60 si-

277 439 84 60 ue
319 439 112 60 non.
403 439 70 60 â‹
432 439 155 60 Secundo
544 439 112 60 modo
614 439 98 60 vna
671 439 98 60 res
727 439 197 60 incomplexa
867 439 141 60 mediante

281 493 157 48 notitia
395 493 114 48 sua.
467 493 143 48 potest
567 493 114 48 esse
638 493 129 48 causa
724 493 186 48 partialis
853 493 157 48 rememora-

286 527 135 65 tionis
381 527 162 65 alterius
503 527 95 65 rei
557 527 216 65 habitualiter
732 527 122 65 note.
813 527 95 65 ita
867 527 108 65 quod
921 527 95 65 noti-

275 582 88 59 tia
325 582 175 59 habitualis
462 582 175 59 necessario
600 582 163 59 concurrit
725 582 75 59 in
762 582 138 59 ratione
862 582 125 59 causae
937 582 75 59 per-

276 619 146 62 tialis.
382 619 79 62 Et
421 619 106 62 tale
488 619 93 62 sic
541 619 159 62 cognitum
660 619 132 62 potest
752 619 132 62 vocari
832 619 172 62 repraesenta

287 667 117 60 tiuum
365 667 169 60 alterius.
495 667 91 60 nec
547 667 91 60 est
599 667 143 60 aliquid
704 667 117 60 aliud
782 667 143 60 proprie
873 667 130 60 reprasen

272 708 174 60 tatiuum.
402 708 87 60 et
445 708 116 60 isto
518 708 116 60 modo
590 708 101 60 tam
648 708 188 60 vestigium
793 708 116 60 quam
865 708 130 60 ymago
938 708 72 60 re-

274 753 204 68 presentant
435 753 131 68 illud
522 753 131 68 cuius
609 753 116 68 sunt
682 753 204 68 vestigium.
842 753 102 68 vel
886 753 116 68 ymago.

278 797 89 49 Per
329 797 203 49 experientiam
494 797 101 49 enim
557 797 127 49 patet.
646 797 101 49 quod
709 797 139 49 aliquis
810 797 127 49 nullam
886 797 114 49 penitus

258 836 150 65 habeat
363 836 225 65 cognitionem
543 836 90 65 de
588 836 180 65 hercule.
722 836 90 65 si
767 836 150 65 videat
857 836 135 65 statuam

263 881 177 67 herculis.
400 881 95 67 non
454 881 109 67 plus
522 881 177 67 cogitabit
658 881 82 67 de
699 881 150 67 hercule
808 881 109 67 quam
876 881 82 67 de
903 881 82 67 sor-

275 933 96 60 te.
330 933 82 60 Si
371 933 123 60 autem
453 933 123 60 primo
536 933 137 60 videat
632 933 178 60 herculem.
769 933 82 60 et
810 933 164 60 retineat
919 933 69 60 no-

266 973 138 61 titiam
363 973 179 61 herculis.
500 973 83 61 et
542 973 138 61 postea
638 973 138 61 videat
734 973 151 61 statuam
845 973 110 61 sibi
900 973 96 61 simi-

263 1011 98 69 lem
319 1011 153 69 quantum
430 1011 84 69 ad
472 1011 139 69 aliqua
570 1011 195 69 accidentia
723 1011 195 69 exteriora.
863 1011 125 69 virtute

267 1057 128 75 illius
357 1057 154 75 visionis
473 1057 141 75 statue.
575 1057 116 75 etiam
652 1057 128 75 posito
742 1057 103 75 quod
806 1057 141 75 numquam
896 1057 90 75 prius

257 1101 91 68 eam
309 1101 156 68 vidisset
426 1101 208 68 recordabitur
595 1101 78 68 de
635 1101 156 68 hercule.
752 1101 143 68 quamuis
856 1101 91 68 non
895 1101 104 68 semper

261 1153 147 60 propter
367 1153 240 60 imperfectionem
568 1153 240 60 similitudinis.
768 1153 93 60 vel
821 1153 147 60 propter
915 1153 80 60 ali-

264 1197 100 61 quem
327 1197 113 61 alium
403 1197 163 61 defectum.
528 1197 75 61 et
566 1197 88 61 ita
616 1197 88 61 est
666 1197 75 61 de
704 1197 163 61 vestigio.
830 1197 100 61 quod
893 1197 75 61 si
918 1197 75 61 ali-

256 1233 121 66 quis
331 1233 151 66 videat
437 1233 196 66 vestigium
588 1233 151 66 bouis.
693 1233 241 66 recordabitur
889 1233 91 66 de
920 1233 75 66 bo-

256 1281 87 67 ue
299 1281 232 67 habitualiter
487 1281 174 67 cognito.
618 1281 101 67 Sed
676 1281 87 67 si
719 1281 130 67 prius
806 1281 159 67 numquam
908 1281 72 67 ha-

255 1320 161 72 buisset
373 1320 161 72 aliquam
490 1320 176 72 notitiam
622 1320 88 72 de
666 1320 132 72 boue.
754 1320 103 72 non
813 1320 117 72 plus
872 1320 117 72 recor-

248 1371 145 65 daretur
353 1371 79 65 de
393 1371 106 65 boue
459 1371 106 65 quam
525 1371 79 65 de
565 1371 132 65 asino.
657 1371 66 65 â‹
684 1371 79 65 Et
723 1371 106 65 isto
789 1371 158 65 sequitur
895 1371 79 65 quod

251 1407 129 72 aliqua
342 1407 142 72 possunt
445 1407 78 72 se
484 1407 117 72 mutuo
562 1407 233 72 repraesentare.
756 1407 104 72 quia
821 1407 155 72 vtrumque
924 1407 65 72 po-

244 1453 130 68 terit
330 1453 246 68 indifferenter
533 1453 159 68 causare
648 1453 246 68 recordationem
836 1453 145 68 alterius

265 1494 118 71 Patet
343 1494 79 71 si
383 1494 105 71 sint
448 1494 92 71 duo
501 1494 144 71 homines
605 1494 131 71 multum
697 1494 157 71 similes.
815 1494 92 71 qui
867 1494 105 71 sint
920 1494 65 71 no-

238 1537 78 68 ti
277 1537 169 68 aliquibus
407 1537 169 68 hominibus
536 1537 91 68 per
588 1537 207 68 experientiam
757 1537 130 68 patet.
847 1537 104 68 quod
899 1537 78 68 quo-

244 1583 142 72 cunque
343 1583 156 72 illorum
456 1583 113 72 viso
527 1583 85 72 ab
570 1583 142 72 aliquo
669 1583 156 72 habente
783 1583 170 72 notitiam
896 1583 85 72 vtri

237 1627 143 69 usque.
337 1627 143 69 statim
436 1627 157 69 poterit
550 1627 171 69 cogitare
679 1627 86 69 de
721 1627 114 69 alio
793 1627 86 69 et
835 1627 100 69 ita
878 1627 100 69 mutuo

240 1672 89 69 se
285 1672 267 69 representabunt
507 1672 119 69 tali
581 1672 163 69 habenti
699 1672 178 69 notitiam
818 1672 163 69 vtriusque

232 1713 192 66 Similiter.
383 1713 82 66 si
425 1713 124 66 alter
507 1713 151 66 illorum
617 1713 110 66 puta
686 1713 137 66 sortes
782 1713 124 66 esset
850 1713 124 66 habitua

241 1756 130 67 liter
327 1756 130 67 notus
414 1756 173 67 iohanni.
544 1756 87 67 et
587 1756 188 67 inciperet
731 1756 144 67 videre
818 1756 144 67 platonem

238 1807 142 65 multum
337 1807 156 65 similem
451 1807 142 65 sorti.
551 1807 185 65 inciperet
693 1807 171 65 cogitare
821 1807 85 65 de
849 1807 114 65 sorte.

227 1847 165 71 propter
347 1847 255 71 similitudinem
557 1847 180 71 platonis
692 1847 120 71 modo
767 1847 135 71 primo
857 1847 120 71 visi
917 1847 45 71 a

224 1869 176 84 Iohanne.
356 1869 117 84 quod
430 1869 117 84 tunc
503 1869 103 84 non
562 1869 161 84 faceret
679 1869 117 84 nisi
753 1869 161 84 videret
855 1869 103 84 plato

219 1929 119 77 nem.
294 1929 90 77 Et
338 1929 134 77 eodem
428 1929 119 77 modo
503 1929 134 77 esset
592 1929 209 77 econuerso.
756 1929 90 77 Si
801 1929 164 77 aliquos
905 1929 75 77 ha-

223 1975 137 76 beret
314 1975 213 76 habitualem
481 1975 183 76 notitiam
618 1975 91 76 de
664 1975 183 76 platone.
801 1975 91 76 et
831 1975 137 76 incipe-

226 2019 98 73 ret
282 2019 126 73 primo
366 2019 140 73 videre
464 2019 154 73 sortem.
576 2019 84 73 et
617 2019 98 73 ita
673 2019 140 73 sortes
771 2019 84 73 et
813 2019 126 73 plato
883 2019 70 73 mu-

220 2069 103 68 tuo
279 2069 88 68 se
323 2069 265 68 representarent
544 2069 74 68 â‹
573 2069 147 68 Tertio
676 2069 206 68 conueniunt
838 2069 88 68 in
868 2069 88 68 hoc.

230 2111 112 61 quod
300 2111 182 61 vestigium
440 2111 84 61 et
482 2111 126 61 ymago
566 2111 84 61 et
609 2111 140 61 natura
707 2111 98 61 sua
763 2111 98 61 non
819 2111 112 61 plus
875 2111 70 61 re-

225 2156 194 65 praesentant
381 2156 104 65 vnum
445 2156 194 65 indiuiduum.
601 2156 104 65 quam
666 2156 117 65 aliud
744 2156 181 65 indiuiduum
873 2156 78 65 sibi

229 2201 184 63 simillimum.
376 2201 98 63 quod
437 2201 110 63 autem
511 2201 160 63 aliquando
634 2201 196 63 representant
793 2201 98 63 vnum
843 2201 110 63 indiui-

224 2239 114 72 duum.
300 2239 76 72 et
339 2239 140 72 aliquin
440 2239 127 72 aliud.
529 2239 89 72 hoc
580 2239 89 72 est
631 2239 140 72 propter
732 2239 102 72 hoc.
796 2239 102 72 quod
859 2239 89 72 non
897 2239 51 72 in

217 2288 158 68 uenitur
331 2288 158 68 aliquod
446 2288 200 68 indiuiduum
603 2288 115 68 sibi
675 2288 215 68 simillimum.
847 2288 86 68 Et
875 2288 72 68 ita

216 2334 120 71 patet
296 2334 160 71 falsitas
415 2334 133 71 illius
509 2334 173 71 opinionis
642 2334 107 71 quae
708 2334 133 71 dicit.
802 2334 107 71 quod
855 2334 93 71 ymago

216 2379 217 59 repraestentatur
399 2379 80 59 sub
444 2379 126 59 ratione
536 2379 160 59 indiuidui.
662 2379 69 59 et
696 2379 149 59 vestigium
811 2379 80 59 sub
845 2379 103 59 ratione

214 2425 184 63 vniversalis.
363 2425 103 63 Cuius
432 2425 103 63 ratio
500 2425 92 63 est.
558 2425 92 63 quia
615 2425 103 63 ymago
684 2425 103 63 Iouis
753 2425 80 63 non
787 2425 161 63 repraesentat

216 2463 158 63 cesarem.
334 2463 105 63 quia
400 2463 105 63 illa
466 2463 118 63 ymago
544 2463 92 63 non
597 2463 171 63 equaliter
729 2463 197 63 assimilatur
873 2463 79 63 Ioui

206 2504 115 69 sicut
283 2504 140 69 cesari.
385 2504 77 69 Si
423 2504 115 69 tamen
500 2504 140 69 iupitur
602 2504 77 69 et
640 2504 115 69 cesar
716 2504 128 69 essent
793 2504 153 69 simillimi.

215 2546 97 68 ita
271 2546 111 68 quod
340 2546 153 68 aliquis
452 2546 97 68 non
507 2546 139 68 posset
605 2546 195 68 discernere
758 2546 111 68 vnum
828 2546 84 68 ab
855 2546 84 68 alio

204 2592 132 73 sicut
292 2592 117 73 vidi
366 2592 88 73 de
410 2592 205 73 aliquibus.
571 2592 117 73 tunc
645 2592 117 73 illa
718 2592 132 73 ymago
806 2592 103 73 non
850 2592 88 73 plus

198 2640 220 60 repraesentaret
381 2640 110 60 Iouem
454 2640 98 60 quam
516 2640 147 60 cesarem.
625 2640 98 60 Quia
687 2640 159 60 equalitur
797 2640 134 60 assimila

1107 274 143 79 retur
1202 274 158 79 illis.
1313 274 127 79 Unde
1392 274 143 79 sicut
1487 274 127 79 vnus
1567 274 158 79 habens
1662 274 158 79 notitiam

1097 317 217 68 habitualem
1268 317 186 68 cesaris.
1408 317 124 68 visa
1486 317 124 68 illa
1563 317 171 68 ymagine
1672 317 155 68 recorda-

1106 374 120 71 retur
1186 374 80 71 de
1225 374 146 71 cesare.
1332 374 93 71 ita
1385 374 120 71 alius
1465 374 133 71 habens
1558 374 160 71 notitiam
1664 374 160 71 habitualem

1094 409 155 73 Iouis.
1203 409 124 73 visa
1281 409 124 73 illa
1358 409 171 73 ymagine
1483 409 248 73 recordaretur
1684 409 93 73 de
1715 409 109 73 Iove.

1103 468 84 60 et
1145 468 127 60 eodem
1229 468 112 60 modo
1300 468 98 60 est
1356 468 84 60 de
1398 468 183 60 vestigio.
1539 468 112 60 quod
1609 468 84 60 si
1651 468 112 60 vnus
1722 468 98 60 bos
1764 468 56 60 ha

1095 499 139 70 beret
1187 499 139 70 pedes
1280 499 154 70 omnino
1388 499 216 70 dissimiles
1558 499 93 70 ab
1604 499 139 70 aliis
1681 499 139 70 pedibus

1088 542 152 74 aliorum
1199 542 138 74 bonum.
1295 542 180 74 vestigium
1433 542 193 74 derelictum
1585 542 97 74 ita
1641 542 180 74 distincte
1765 542 55 74 re

1096 591 211 66 presentaret
1265 591 211 66 cognoscenti
1434 591 239 66 distinctionem
1631 591 141 66 illius
1715 591 99 66 pedis

1094 642 90 58 ab
1139 642 134 58 aliis
1229 642 164 58 pedibus
1348 642 120 58 hunc
1423 642 149 58 bouem.
1527 642 134 58 sicut
1617 642 120 58 modo
1692 642 90 58 de
1721 642 105 58 facto

1091 678 125 69 ymago
1174 678 166 69 herculis
1299 678 222 69 repraesentat
1479 678 152 69 habenti
1590 678 166 69 notitiam
1701 678 111 69 distin

1088 730 108 63 ctam
1155 730 81 63 de
1195 730 148 63 hercule
1303 730 121 63 ipsum
1384 730 162 63 herculem
1505 730 81 63 et
1546 730 94 63 non
1599 730 135 63 iouem.
1694 730 81 63 In
1721 730 94 63 istis

1088 773 113 66 ergo
1159 773 85 66 et
1201 773 85 66 in
1244 773 184 66 quibusdam
1386 773 128 66 aliis
1471 773 199 66 conueniunt
1627 773 184 66 vestigium
1754 773 57 66 et

1090 814 144 56 ymago.
1190 814 72 56 â‹
1219 814 101 56 Sed
1277 814 187 56 differunt
1421 814 187 56 vestigium
1565 814 86 56 et
1608 814 144 56 ymago.
1709 814 115 56 quia
1766 814 58 56 de

1073 867 142 58 ratione
1177 867 155 58 vestigii
1293 867 104 58 est.
1358 867 104 58 quod
1423 867 91 58 sit
1474 867 155 58 causatum
1591 867 78 58 ab
1630 867 104 58 illo
1695 867 117 58 cuius
1759 867 65 58 est

1080 909 163 64 vestigium.
1208 909 105 64 sicut
1278 909 105 64 patet
1348 909 163 64 inductiue.
1476 909 93 64 quia
1535 909 128 64 dicitur
1628 909 93 64 esse
1674 909 140 64 derelictum

1073 955 78 53 ex
1112 955 117 53 alio.
1190 955 78 53 De
1229 955 143 53 ratione
1333 955 117 53 autem
1411 955 156 53 ymaginis
1529 955 91 53 non
1581 955 91 53 est
1633 955 104 53 quod
1698 955 91 53 sit
1737 955 65 53 cau

1073 988 126 71 sata
1152 988 95 71 ab
1199 988 126 71 illo
1278 988 142 71 cuius
1373 988 110 71 est
1436 988 158 71 ymago.
1546 988 142 71 sicut
1641 988 142 71 ymago
1719 988 95 71 her-

1066 1038 123 62 culis
1148 1038 164 62 sufficit
1271 1038 109 62 quod
1339 1038 164 62 causetur
1462 1038 82 62 ab
1503 1038 109 62 alio
1571 1038 109 62 quam
1639 1038 82 62 ab
1667 1038 136 62 hercule.

1084 1072 71 72 Ex
1120 1072 95 72 ista
1179 1072 178 72 differentia
1322 1072 143 72 sequitur
1429 1072 95 72 quod
1488 1072 154 72 vestigium
1607 1072 95 72 nisi
1666 1072 83 72 sit
1702 1072 95 72 impedi

1079 1120 133 68 mentum
1172 1120 120 68 ducit
1252 1120 93 68 non
1305 1120 133 68 tantum
1399 1120 80 68 in
1439 1120 160 68 notitiam
1559 1120 213 68 recordatiuam
1719 1120 80 68 illi

1075 1165 100 66 ius
1132 1165 128 66 cuius
1217 1165 114 66 est.
1288 1165 100 66 sed
1345 1165 128 66 etiam
1430 1165 128 66 ducit
1516 1165 85 66 in
1558 1165 171 66 notitiam
1672 1165 128 66 comple-

1063 1211 99 66 xam
1120 1211 170 66 alicuius
1247 1211 184 66 veritatis
1389 1211 227 66 contingentis
1573 1211 85 66 de
1616 1211 128 66 ipso.
1687 1211 113 66 Uerbi-

1070 1253 129 66 gratia
1161 1253 168 66 vestigium
1290 1253 116 66 bouis
1367 1253 90 66 non
1419 1253 129 66 tantum
1510 1253 116 66 facit
1587 1253 168 66 recordari
1716 1253 78 66 de
1742 1253 52 66 bo

1075 1300 71 68 ue
1111 1300 191 68 habitualiter
1266 1300 107 68 noto.
1337 1300 83 68 sed
1385 1300 107 68 etiam
1456 1300 107 68 ducit
1528 1300 191 68 consequenter
1683 1300 71 68 in
1707 1300 83 68 noti-

1069 1336 113 73 tiam
1140 1336 99 73 vel
1196 1336 85 73 in
1239 1336 226 73 credulitatem
1422 1336 141 73 istius
1521 1336 240 73 contingentis.
1705 1336 85 73 quia

1063 1378 95 75 bos
1118 1378 95 75 hac
1172 1378 189 75 transiuit.
1321 1378 149 75 quamuis
1429 1378 135 75 posset
1523 1378 149 75 errare.
1632 1378 108 75 quia
1686 1378 108 75 posset

1064 1422 174 66 imprimi
1191 1422 111 66 pes
1254 1422 222 66 amputatus.
1428 1422 95 66 Ex
1476 1422 127 66 isto
1555 1422 142 66 patet
1634 1422 158 66 falsitas

1067 1470 175 65 opinionis
1201 1470 162 65 dicentis
1323 1470 108 65 quod
1390 1470 175 65 vestigium
1525 1470 94 65 non
1579 1470 121 65 ducit
1660 1470 81 65 in
1687 1470 108 65 cogni-

1061 1514 140 69 tionem
1159 1514 140 69 totius
1256 1514 112 69 nisi
1326 1514 195 69 arguitiue.
1480 1514 112 69 quia
1550 1514 126 69 facit
1619 1514 168 69 particula-

1061 1559 118 69 riter
1139 1559 223 69 recordationem
1323 1559 92 69 tam
1375 1559 79 69 de
1414 1559 118 69 parte
1493 1559 105 69 quam
1558 1559 79 69 de
1598 1559 118 69 toto.
1676 1559 105 69 quia
1729 1559 65 69 ali

1063 1599 121 69 quis
1138 1599 106 69 nec
1199 1599 181 69 cogitans
1334 1599 91 69 de
1380 1599 121 69 pede
1455 1599 106 69 nec
1515 1599 91 69 de
1561 1599 121 69 boue
1636 1599 136 69 toto.
1712 1599 75 69 vi-

1055 1641 115 75 dens
1127 1641 187 75 vestigium
1271 1641 144 75 pedis.
1372 1641 144 75 statim
1473 1641 159 75 incipit
1588 1641 187 75 recordari
1718 1641 72 75 tam

1057 1687 86 70 de
1100 1687 114 70 boue
1171 1687 114 70 quam
1243 1687 86 70 de
1286 1687 129 70 pede.
1371 1687 86 70 et
1414 1687 143 70 statim
1514 1687 157 70 incipit
1615 1687 157 70 assentire

1056 1729 115 69 huic
1127 1729 115 69 quod
1199 1729 100 69 bos
1256 1729 100 69 hac
1314 1729 201 69 transiuit.
1472 1729 86 69 et
1515 1729 100 69 ita
1572 1729 201 69 recordatio
1715 1729 72 69 in-

1056 1777 185 76 complexa
1194 1777 154 76 bovis.
1302 1777 108 76 non
1363 1777 169 76 habetur
1487 1777 215 76 arguitiue.
1640 1777 139 76 quamuis

1054 1815 108 75 illa
1122 1815 149 75 veritas
1231 1815 176 75 contigens
1366 1815 95 75 non
1421 1815 190 75 crederetur
1570 1815 108 75 nisi
1624 1815 149 75 arguitiue

1052 1859 116 75 ymago
1130 1859 116 75 autem
1207 1859 103 75 quia
1272 1859 90 75 non
1323 1859 90 75 est
1375 1859 194 75 neccessario
1530 1859 142 75 causata
1633 1859 77 75 ab
1672 1859 103 75 illo
1723 1859 52 75 cu

1045 1905 100 71 ius
1102 1905 100 71 est
1159 1905 143 71 ymago.
1259 1905 114 71 ideo
1331 1905 100 71 non
1388 1905 129 71 ducit
1474 1905 215 71 regulariter
1645 1905 86 71 in
1674 1905 100 71 noti-

1043 1956 115 62 tiam
1114 1956 172 62 alicuius
1244 1956 187 62 veritatis
1387 1956 230 62 contingentis
1574 1956 86 62 de
1617 1956 115 62 illo
1674 1956 101 62 cuius

1054 1991 100 72 est
1111 1991 143 72 ymago.
1211 1991 115 72 nisi
1283 1991 129 72 sorte
1369 1991 230 72 recordatiuam
1556 1991 86 72 de
1599 1991 100 72 qua
1656 1991 100 72 non
1699 1991 72 72 est

1046 2045 109 68 modo
1115 2045 137 68 sermo.
1211 2045 68 68 â‹
1238 2045 151 68 secundo
1347 2045 109 68 dico
1416 2045 109 68 quod
1484 2045 178 68 vestigium
1621 2045 123 68 prout
1690 2045 68 68 vna

1047 2088 145 66 creatura
1155 2088 133 66 dicitur
1252 2088 157 66 vestigium
1372 2088 145 66 alterius
1481 2088 181 66 tripliciter
1613 2088 145 66 accipitur.

1043 2124 99 69 Uno
1099 2124 113 69 modo
1170 2124 127 69 large
1255 2124 85 69 et
1297 2124 99 69 sic
1354 2124 184 69 vestigium
1495 2124 99 69 est
1551 2124 169 69 effectus
1664 2124 99 69 dere-

1037 2165 151 73 lictus
1143 2165 91 73 ex
1188 2165 151 73 aliqua
1293 2165 136 73 causa
1384 2165 226 73 determinate
1565 2165 181 73 speciei.
1686 2165 75 73 vel

1033 2211 151 82 saltem
1139 2211 227 82 determinati
1320 2211 181 82 generis.
1456 2211 242 82 rememoratiua
1637 2211 121 82 ipsius

1028 2258 160 76 ducens
1140 2258 96 76 ex
1188 2258 176 76 communi
1316 2258 128 76 lege
1396 2258 96 76 in
1443 2258 224 76 adhaesonem
1603 2258 160 76 alicuius

1028 2314 240 56 propositionis
1226 2314 226 56 contingentis
1410 2314 212 56 enunciantis
1579 2314 113 56 essc
1650 2314 99 56 vel
1692 2314 57 56 fu

1032 2351 127 64 isse.
1116 2351 99 64 vel
1173 2351 155 64 aliquid
1285 2351 113 64 tale
1356 2351 84 64 de
1398 2351 113 64 illa
1468 2351 141 64 causa.
1567 2351 84 64 Et
1609 2351 113 64 isto
1680 2351 113 64 modo

1023 2393 140 67 fumus
1117 2393 218 67 derelictus
1288 2393 93 67 ex
1334 2393 124 67 igne
1412 2393 109 67 vel
1474 2393 202 67 combustio
1630 2393 109 67 vel
1676 2393 78 67 adu

1027 2432 127 71 ustio
1112 2432 184 71 derelicta
1253 2432 141 71 potest
1352 2432 113 71 dici
1422 2432 184 71 vestigium
1563 2432 141 71 ignis.
1648 2432 99 71 Simii

1021 2478 132 68 liter
1109 2478 117 68 odor
1183 2478 191 68 aliquando
1329 2478 205 68 derelictus
1491 2478 88 68 ex
1535 2478 161 68 animali
1637 2478 103 68 trans

1018 2531 125 59 eunte
1102 2531 153 59 dicitur
1213 2531 181 59 vestigium
1352 2531 139 59 illius
1450 2531 181 59 animalis.
1589 2531 84 59 Et
1631 2531 97 59 sic
1672 2531 70 59 est

1016 2569 112 65 vna
1080 2569 193 65 qualitas
1225 2569 177 65 causata
1353 2569 129 65 siue
1434 2569 177 65 vniuoce
1562 2569 129 65 siue
1627 2569 112 65 equi-

1016 2613 125 66 uoce
1095 2613 109 66 non
1157 2613 109 66 est
1220 2613 141 66 cura.
1313 2613 125 66 siue
1392 2613 141 66 etiam
1485 2613 219 66 quodcunque
1642 2613 109 66 dere-

1012 2654 138 74 lictum
1109 2654 110 74 siue
1177 2654 96 74 sit
1232 2654 151 74 proprie
1342 2654 165 74 causatum
1466 2654 124 74 siue.
1549 2654 110 74 non.
1617 2654 83 74 ex
1645 2654 96 74 cuius
