2183 3051
412 184 79 72 non
457 184 79 72 sic
502 184 169 72 denominatur
636 184 56 72 ⁋
659 184 101 72 Primo
726 184 90 72 modo
783 184 101 72 anima
850 184 135 72 secundum
951 184 90 72 suam
996 184 146 72 substantiam

414 244 91 57 est
466 244 117 57 capax
544 244 91 57 dei
595 244 78 57 et
634 244 117 57 ymago
712 244 117 57 eius.
789 244 104 57 quia
854 244 117 57 anima
932 244 91 57 est
984 244 117 57 illud
1048 244 78 57 quod

409 298 122 43 capit
491 298 109 43 deum
559 298 95 43 vel
613 298 136 43 capere
708 298 149 43 potest.
817 298 81 43 Et
857 298 109 43 ideo
925 298 95 43 est
980 298 109 43 vere
1034 298 95 43 ymago

406 337 143 54 secundum
513 337 95 54 iuam
573 337 190 54 substantiam.
727 337 131 54 Secundo
823 337 95 54 modo
882 337 83 54 est
930 337 107 54 capax
1001 337 83 54 dei
1049 337 71 54 et
1073 337 60 54 yma

413 373 73 66 go
449 373 97 66 eius
510 373 85 66 per
558 373 109 66 actus
631 373 109 66 suos.
703 373 97 66 quia
764 373 97 66 sine
824 373 133 66 actibus
921 373 85 66 non
970 373 121 66 potest
1042 373 97 66 habere

406 419 130 58 deum.
492 419 87 58 et
536 419 116 58 ideo
608 419 116 58 sine
681 419 159 58 actibus
797 419 101 58 vel
855 419 87 58 in
898 419 116 58 actu
971 419 101 58 vel
1029 419 87 58 in
1058 419 72 58 po-

420 468 124 50 tentia
507 468 87 50 non
556 468 87 50 est
606 468 112 50 capax
681 468 100 50 dei.
743 468 149 50 Secundum
855 468 124 50 patet.
942 468 100 50 quia
1005 468 112 50 illud
1067 468 62 50 quo

406 518 127 42 anima
491 518 127 42 capax
576 518 99 42 dei
632 518 113 42 est.
703 518 170 42 pertinet
831 518 85 42 ad
873 518 170 42 ymaginem
986 518 156 42 perfectam

413 557 96 52 hoc
468 557 96 52 est
523 557 83 52 ad
565 557 220 52 perfectionem
743 557 179 52 ymaginis.
881 557 96 52 sed
936 557 124 52 actus
1005 557 138 52 intelli-

412 594 101 73 gendi
479 594 67 73 et
513 594 123 73 volendi
602 594 90 73 sunt
658 594 157 73 huiusmodi.
782 594 90 73 ergo
838 594 90 73 etc.
894 594 78 73 hoc
938 594 101 73 patet
1006 594 78 73 per
1039 594 90 73 beatum

412 645 192 44 Augustinum
563 645 82 44 in
605 645 137 44 quodam
701 645 165 44 sermione
825 645 165 44 dicentem
948 645 110 44 quod
1017 645 82 44 si
1045 645 82 44 homo

404 683 160 56 seuasset
523 683 80 56 in
563 683 80 56 se
603 683 120 56 bonum
683 683 106 56 quod
749 683 80 56 in
789 683 106 56 illo
856 683 146 56 creauit
962 683 120 56 deus.
1042 683 80 56 id
1069 683 66 56 est

423 723 139 69 ymaginem
528 723 93 69 suam
586 723 116 69 semper
667 723 139 69 laudaret
771 723 93 69 deum
829 723 93 69 etc.
887 723 93 69 ergo
945 723 139 69 secundum
1037 723 93 69 beatum

410 771 208 55 augustinum.
576 771 138 55 creata
673 771 111 55 fuit
742 771 83 55 in
784 771 138 55 homine
881 771 125 55 ymago
964 771 97 55 dei
1019 771 111 55 quam
1075 771 55 55 in

407 824 139 50 feruauit.
514 824 75 50 hoc
557 824 75 50 non
600 824 107 50 potest
674 824 139 50 intelligi
781 824 64 50 de
813 824 149 50 substantia
930 824 107 50 anime.
1005 824 85 50 ergo
1048 824 96 50 intelli

421 862 90 61 git
473 862 78 61 de
512 862 129 61 aliquo
602 862 168 61 accidente
731 862 129 61 creato
822 862 78 61 in
861 862 129 61 anima.
951 862 103 61 quod
1016 862 103 61 homo
1067 862 65 61 per

415 904 107 52 didit
486 904 83 52 per
534 904 154 52 pectatum.
653 904 107 52 talis
724 904 83 52 non
772 904 119 52 potest
855 904 95 52 dici
914 904 95 52 nisi
974 904 107 52 actus
1033 904 107 52 intelli

421 947 125 61 gendi.
508 947 87 61 vel
558 947 150 61 volendi.
670 947 87 61 vel
720 947 150 61 habitus.
833 947 75 61 et
870 947 75 61 si
908 947 137 61 habitus
995 947 150 61 accidenta-

418 989 99 60 les
474 989 198 60 pertineant
630 989 85 60 ad
672 989 184 60 ymaginem.
813 989 198 60 multomagis
969 989 141 60 actus.
1053 989 85 60 ergo

415 1036 108 52 etc.
483 1036 68 52 ⁋
510 1036 162 52 Preterea
632 1036 122 52 omnes
713 1036 135 52 ponunt
808 1036 162 52 ymaginem
929 1036 81 52 in
970 1036 135 52 tribus
1051 1036 81 52 cont

419 1082 126 54 stere
503 1082 195 54 habentibus
656 1082 154 54 ordinem
768 1082 168 54 originis
894 1082 126 54 inter
977 1082 98 54 se.
1033 1082 98 54 sed
1075 1082 70 54 po-

409 1134 121 42 tentie
493 1134 84 42 non
542 1134 181 42 originantur
686 1134 84 42 nec
734 1134 96 42 ipsa
795 1134 169 42 substantia
927 1134 108 42 anime
987 1134 157 42 originatur.

417 1167 91 68 ergo
473 1167 125 68 oportet
564 1167 114 68 ponere
644 1167 114 68 aliqua
723 1167 159 68 accidentia
848 1167 102 68 anime
916 1167 136 68 origiata
1007 1167 125 68 pertinere

416 1212 82 58 ad
457 1212 178 58 ymaginem.
594 1212 109 58 Ideo
662 1212 109 58 dico
731 1212 109 58 quod
799 1212 164 58 completa
922 1212 123 58 ratio
991 1212 150 58 ymaginis-

422 1254 137 63 consistit
528 1254 63 63 in
559 1254 84 63 ipsa
612 1254 147 63 substantia
728 1254 95 63 anime
791 1254 63 63 et
822 1254 105 63 duobus
896 1254 126 63 actibus.
991 1254 126 63 scilicet
1075 1254 63 63 actu

420 1298 198 56 intelligendi.
584 1298 70 56 et
619 1298 140 56 volendi.
724 1298 70 56 et
759 1298 105 56 etiam
829 1298 117 56 potest
910 1298 163 56 consistere
1039 1298 70 56 in
1062 1298 70 56 ipse

421 1352 164 46 substantia
550 1352 117 46 anime.
632 1352 70 46 et
667 1352 117 46 duobus
749 1352 152 46 habitibus
867 1352 246 46 correspondentibus
1066 1352 82 46 ipsis

420 1386 186 55 actibus.
559 1386 93 55 Et
606 1386 124 55 tunc
683 1386 186 55 loquendo
823 1386 93 55 de
869 1386 171 55 actibus
978 1386 171 55 naturali-

427 1429 92 55 bus.
484 1429 92 55 iste
541 1429 80 55 est
587 1429 92 55 ordo
645 1429 92 55 quod
702 1429 103 55 sicut
771 1429 103 55 pater
840 1429 69 55 in
875 1429 126 55 divinis
967 1429 103 55 habet
1024 1429 115 55 fecundi-

428 1473 91 59 tatem
488 1473 61 59 ad
519 1473 151 59 producendum
640 1473 71 59 tam
680 1473 101 59 filium
751 1473 81 59 quam
801 1473 121 59 spiritus
892 1473 131 59 secantum.
993 1473 61 59 et
1013 1473 121 59 communicat

418 1522 104 54 filio
488 1522 173 54 fecuditatem
626 1522 161 54 producendi
753 1522 196 54 sprimscantum.
914 1522 81 54 ita
960 1522 92 54 ipsa
1007 1522 138 54 substantia

418 1562 119 60 anime
497 1562 93 60 est
550 1562 146 60 fecunda
656 1562 80 60 et
696 1562 186 60 productiua
842 1562 93 60 tam
895 1562 119 60 actus
961 1562 186 60 intelligendi

419 1608 105 60 quam
484 1608 157 60 volendi.
602 1608 78 60 et
641 1608 157 60 producit
759 1608 118 60 primo
837 1608 118 60 actum
916 1608 222 60 intelligendi.
1086 1608 65 60 qui

422 1657 119 49 etiam
501 1657 93 49 est
554 1657 199 49 productiuus
713 1657 119 49 actus
793 1657 159 49 volendi.
912 1657 79 49 et
952 1657 106 49 tunc
1018 1657 106 49 ille
1071 1657 66 49 duo

427 1695 97 55 causae
495 1695 117 55 scilicet
583 1695 136 55 substentia
690 1695 88 55 anime
749 1695 58 55 et
778 1695 88 55 actus
836 1695 156 55 intelligendi
963 1695 107 55 possunt
1031 1695 107 55 producere

424 1740 104 50 actum
494 1740 138 50 volendi.
597 1740 81 50 ita
643 1740 92 50 quod
701 1740 104 50 sicut
770 1740 115 50 filius
851 1740 69 50 in
885 1740 127 50 divinis
978 1740 81 50 est
1024 1740 115 50 tantum
1093 1740 46 50 ab

436 1781 72 53 vno
477 1781 124 53 scilicet
570 1781 103 53 patre.
642 1781 62 53 et
673 1781 124 53 spiritus
766 1781 114 53 sanctus
849 1781 72 53 est
890 1781 52 53 a
911 1781 93 53 patre
973 1781 145 53 producente
1086 1781 62 53 et
1107 1781 31 53 a

417 1821 107 63 filio
489 1821 155 63 producto.
608 1821 84 63 ita
656 1821 107 63 actus
727 1821 191 63 intelligendi
882 1821 84 63 est
930 1821 60 63 a
954 1821 95 63 sola
1002 1821 143 63 substantia

424 1868 109 56 anime.
501 1868 66 56 et
533 1868 98 56 actus
599 1868 120 56 volendi
686 1868 76 56 est
730 1868 55 56 a
752 1868 153 56 substantia
872 1868 98 56 anime
937 1868 66 56 et
970 1868 66 56 ab
1003 1868 87 56 actu
1047 1868 98 56 intelli

420 1912 119 61 gendi
499 1912 172 61 producto.
631 1912 79 61 et
671 1912 92 61 sic
723 1912 119 61 ymago
803 1912 132 61 potest
895 1912 132 61 aliquo
988 1912 106 61 modo
1040 1912 106 61 reprae

421 1957 154 55 sentare
533 1957 196 55 distinctas
687 1957 182 55 personas.
826 1957 84 55 et
868 1957 154 55 ordinem
980 1957 84 55 ad
1008 1957 140 55 originem

423 2000 134 53 earum.
517 2000 107 53 Quod
584 2000 121 53 autem
664 2000 121 53 actus
745 2000 148 53 volendi
852 2000 94 53 sit
906 2000 175 53 effectiue
1041 2000 81 53 ab
1067 2000 81 53 actu

424 2043 191 55 intelligendi.
581 2043 123 55 ostendo
671 2043 79 55 per
716 2043 101 55 illud
783 2043 123 55 commune
873 2043 123 55 verbum.
962 2043 90 55 quod
1019 2043 90 55 omne
1063 2043 79 55 abso-

433 2088 99 60 lutum
499 2088 165 60 neccessario
631 2088 198 60 praesuppositum
796 2088 121 60 alteri:
884 2088 99 60 habet
950 2088 132 60 rationem
1049 2088 99 60 cause
1104 2088 44 60 in

424 2130 117 58 aliquo
506 2130 117 58 genere
588 2130 129 58 causae.
682 2130 82 58 sed
729 2130 105 58 actus
799 2130 187 58 intelligendi
952 2130 176 58 neccessario
1080 2130 59 58 tam

432 2174 100 60 quam
494 2174 137 60 aliquid
594 2174 162 60 absolutum
718 2174 224 60 praesupponitur
905 2174 112 60 actui
980 2174 150 60 volendi.
1080 2174 62 60 erg

425 2212 115 64 habet
502 2212 153 64 rationem
616 2212 115 64 cause
693 2212 153 64 respectu
808 2212 140 64 illius.
910 2212 64 64 ⁋
935 2212 89 64 Sed
986 2212 115 64 circa
1050 2212 89 64 predi

433 2263 87 56 cta
482 2263 161 56 octurrunt
606 2263 124 56 aliqua
693 2263 124 56 dubia.
780 2263 124 56 Primum
866 2263 99 56 quod
928 2263 74 56 si
966 2263 99 56 illa
1027 2263 112 56 esset
1089 2263 50 56 re

432 2306 120 64 quare
512 2306 161 64 creatura
632 2306 187 64 rationalis
780 2306 94 64 est
833 2306 120 64 ymago
913 2306 107 64 dei.
980 2306 80 64 et
1021 2306 94 64 non
1061 2306 80 64 alia

425 2353 98 50 causa
491 2353 153 50 sequeretur
611 2353 88 50 quod
666 2353 98 50 ymago
731 2353 164 50 consisteret
863 2353 77 50 non
906 2353 109 50 tantum
983 2353 66 50 in
1016 2353 120 50 tribus.
1092 2353 44 50 se

433 2398 109 51 etiam
506 2398 73 51 in
542 2398 158 51 pluribus.
664 2398 97 51 quia
725 2398 109 51 talia
798 2398 170 51 accidentia
931 2398 97 51 sunt
992 2398 73 51 in
1016 2398 122 51 creatura

431 2436 144 63 multa.
531 2436 129 63 sicut
618 2436 173 63 iustitia
747 2436 230 63 misericordia
934 2436 173 63 dilectio
1049 2436 101 63 voli-

423 2492 95 43 tio.
483 2492 154 43 scientia.
601 2492 190 43 intellectus.
756 2492 95 43 ars.
815 2492 166 43 prudentia.
946 2492 71 43 et
982 2492 83 43 sic
1029 2492 71 43 de
1053 2492 95 43 multis

428 2531 117 55 aliis.
510 2531 94 55 ergo
569 2531 117 55 essent
651 2531 106 55 plres
722 2531 117 55 partes
804 2531 117 55 ymagis
886 2531 94 55 quam
945 2531 106 55 tres.
1015 2531 59 55 ⁋
1027 2531 117 55 Secundum

423 2580 89 61 qui
474 2580 89 61 non
525 2580 140 61 videtur
627 2580 102 61 quod
691 2580 115 61 ymago
768 2580 153 61 quocuque
882 2580 102 61 modo
946 2580 115 61 dicta
1010 2580 140 61 consistit

1234 183 128 68 precise
1328 183 70 68 in
1363 183 93 68 ipsa
1421 183 163 68 substantia
1549 183 117 68 anime.
1631 183 93 68 quia
1689 183 105 68 ymago
1759 183 163 68 necessario
1875 183 82 68 requi

1234 247 81 46 ret
1281 247 196 46 diffinitionem
1442 247 139 46 aliquam.
1546 247 81 46 sed
1593 247 69 46 in
1627 247 92 46 ipsa
1685 247 162 46 substantia
1812 247 104 46 anime
1870 247 81 46 nulla

1217 293 90 46 est
1268 293 192 46 distinctio.
1422 293 102 46 ergo
1486 293 115 46 nullo
1562 293 102 46 modo
1626 293 115 46 habet
1703 293 153 46 rationem
1805 293 141 46 ymaginis-

1232 326 63 53 ⁋
1258 326 150 53 Tertium.
1370 326 100 53 quia
1433 326 88 53 non
1483 326 138 53 videtur
1583 326 100 53 quod
1646 326 113 53 ymago
1721 326 163 53 consistat
1846 326 75 53 in
1871 326 75 53 ipsa

1225 374 158 48 substantia
1349 374 101 48 anime
1416 374 68 48 et
1450 374 113 48 duobus
1529 374 135 48 actibus.
1630 374 90 48 quia
1686 374 101 48 inter
1754 374 113 48 partes
1821 374 113 48 ymagini-

1223 418 96 52 debet
1288 418 86 52 esse
1341 418 246 52 consubstantialitas.
1555 418 75 52 sed
1598 418 96 52 inter
1663 418 161 52 substantiam
1791 418 96 52 anime
1856 418 64 52 et
1877 418 75 52 illos

1222 459 122 54 actus.
1307 459 110 54 nulla
1380 459 85 54 est
1429 459 280 54 consubstantialitas.
1672 459 61 54 ⁋
1697 459 158 54 Preterea.
1818 459 85 54 non
1855 459 85 54 debui

1221 502 105 59 esse
1287 502 118 59 maior
1365 502 184 59 distinctio
1510 502 118 59 inter
1589 502 131 59 partes
1681 502 171 59 ymaginis:
1812 502 105 59 quam
1865 502 92 59 inter

1221 554 125 54 partes
1308 554 162 54 vestigii.
1433 554 87 54 sed
1482 554 100 54 iter
1545 554 125 54 partes
1632 554 150 54 vestigii
1744 554 87 54 non
1794 554 87 54 est
1832 554 62 54 dis

1230 597 105 55 ctio
1295 597 144 55 realis.
1400 597 105 55 ergo
1465 597 92 55 nec
1518 597 118 55 inter
1596 597 131 55 partes
1688 597 157 55 ymaginis
1805 597 65 55 ⁋
1818 597 131 55 Preterea

1220 637 86 54 in
1263 637 115 54 actu
1335 637 129 54 primo
1421 637 86 54 et
1464 637 144 54 duobus
1564 637 158 54 actibus
1679 637 172 54 secundis
1794 637 158 54 consistit

1224 685 171 49 vestigium
1356 685 158 49 secundum
1474 685 132 49 beatum
1566 685 198 49 Augustinum.
1724 685 92 49 vi.
1777 685 79 49 de
1803 685 145 49 trinitate

1225 722 96 58 ca.
1280 722 152 58 vltimo.
1391 722 83 58 et
1432 722 96 58 est
1487 722 193 58 auctoritas
1639 722 165 58 allegata
1763 722 83 58 in
1790 722 152 58 praecedem

1216 771 93 53 ti
1263 771 218 53 quaestione
1434 771 78 53 ⁋
1465 771 202 53 Preterea.
1621 771 140 53 ymago
1714 771 109 53 dei
1776 771 109 53 est
1823 771 140 53 immorta

1231 815 86 54 lis
1280 815 74 54 et
1317 815 233 54 incorruptibilis
1513 815 147 54 secundum
1623 815 184 54 Augustinum.
1770 815 123 54 xiiii.
1856 815 74 54 de
1880 815 74 54 tri.

1230 862 79 51 ca
1269 862 105 51 iii.
1335 862 92 51 vbi
1387 862 118 51 dicit
1466 862 105 51 sic.
1531 862 79 51 Ea
1571 862 210 51 inuestiganda
1741 862 92 51 est
1794 862 79 51 in
1833 862 118 51 animo
1899 862 52 51 ho

1227 900 132 61 minis.
1319 900 79 61 id
1359 900 93 61 est
1412 900 172 61 rationali
1544 900 106 61 siue
1610 900 225 61 intellectuali
1795 900 119 61 ymago
1861 900 106 61 creato

1236 942 107 58 ris.
1303 942 107 58 quae
1370 942 215 58 immortaliter
1545 942 242 58 immortalitatis
1746 942 107 58 eius
1813 942 94 58 est
1854 942 107 58 mensu-

1234 997 87 48 ra.
1283 997 87 48 sed
1333 997 100 48 isti
1395 997 112 48 actus
1470 997 137 48 secundi
1569 997 87 48 non
1619 997 100 48 sunt
1681 997 187 48 immortales.
1831 997 75 48 et
1855 997 100 48 incor-

1228 1029 216 57 ruptibiles.
1401 1029 115 57 ergo
1473 1029 101 57 non
1531 1029 115 57 sunt
1603 1029 144 57 partes
1704 1029 188 57 ymaginis.
1848 1029 72 57 ⁋
1862 1029 87 57 Quan

1231 1077 86 55 tum
1280 1077 123 55 dubium
1366 1077 98 55 est.
1427 1077 98 55 quia
1489 1077 86 55 non
1538 1077 135 55 videtur
1636 1077 98 55 quod
1697 1077 110 55 actus
1771 1077 135 55 volendi
1869 1077 86 55 sit
1906 1077 49 55 ef

1228 1128 164 48 fectiue
1347 1128 89 48 ab
1392 1128 119 48 actu
1466 1128 253 48 intelligendi.
1674 1128 104 48 hoc
1734 1128 164 48 probant
1838 1128 119 48 aliqui

1233 1166 110 54 sic.
1302 1166 152 54 notitia
1413 1166 166 54 generata
1537 1166 97 54 est
1592 1166 166 54 accidens
1716 1166 166 54 quoddam.
1841 1166 97 54 cui
1882 1166 69 54 non

1229 1211 221 52 communicatur
1408 1211 193 52 secunditas
1560 1211 193 52 producendi
1712 1211 124 52 actum
1781 1211 179 52 dilectionis

1233 1256 106 51 tale
1299 1256 106 51 enim
1366 1256 159 51 accidens
1485 1256 93 51 non
1538 1256 93 51 est
1591 1256 120 51 natum
1671 1256 106 51 esse
1737 1256 186 51 formaliter
1870 1256 93 51 intel

1233 1295 138 63 ligens
1330 1295 96 63 vel
1385 1295 151 63 volens.
1495 1295 110 63 ergo
1563 1295 151 63 memoria
1673 1295 96 63 non
1728 1295 193 63 communicat
1866 1295 96 63 produ

1235 1340 91 54 cto
1287 1340 117 54 illam
1365 1340 194 54 fecunditate
1520 1340 104 54 quam
1585 1340 104 54 ipsa
1649 1340 117 54 prius
1727 1340 142 54 habuit.
1831 1340 104 54 quia
1882 1340 78 54 teon

1238 1384 178 50 communicat
1378 1384 102 50 sibi
1442 1384 140 50 naturam
1544 1384 127 50 eandem
1633 1384 89 50 sed
1683 1384 127 50 aliam.
1772 1384 64 50 ⁋
1798 1384 165 50 Preterea.
1912 1384 64 50 Au-

1227 1434 142 49 stinus.
1331 1434 91 49 ix.
1382 1434 78 49 de
1421 1434 129 49 trini.
1512 1434 91 49 ca.
1564 1434 117 49 viii.
1641 1434 129 49 verbum
1732 1434 117 49 amore
1797 1434 155 49 concipitur

1229 1470 109 54 ergo
1298 1470 109 54 amor
1366 1470 96 54 est
1421 1470 123 54 causa
1502 1470 178 54 effectiua
1639 1470 123 54 verbi
1721 1470 123 54 magis
1803 1470 109 54 quam
1857 1470 96 54 econ-

1236 1515 139 50 uerso.
1334 1515 70 50 ⁋
1361 1515 153 50 Quintum
1473 1515 139 50 dubium
1570 1515 97 50 est
1626 1515 167 50 respectu
1751 1515 125 50 cuius
1821 1515 139 50 obiectum

1234 1556 95 54 sit
1289 1556 136 54 ymago.
1384 1556 68 54 ⁋
1411 1556 136 54 Sextum
1506 1556 122 54 quare
1587 1556 81 54 in
1628 1556 122 54 parte
1710 1556 177 54 sensitiua
1845 1556 95 54 non
1886 1556 68 54 est

1237 1604 150 60 ymago.
1342 1604 75 60 ⁋
1372 1604 90 60 Ad
1417 1604 150 60 primum
1522 1604 120 60 dico
1597 1604 165 60 quamuis
1717 1604 120 60 sint
1792 1604 135 60 tales
1867 1604 90 60 mul-

1241 1648 76 58 ti
1279 1648 114 58 actus
1355 1648 76 58 et
1393 1648 152 58 habitus.
1507 1648 114 58 tamen
1583 1648 114 58 omnia
1658 1648 177 58 reducuntur
1797 1648 76 58 ad
1835 1648 88 58 duo
1873 1648 76 58 gene

1238 1695 92 49 ra.
1291 1695 79 49 et
1330 1695 106 49 ideo
1396 1695 145 49 ponitur
1502 1695 119 49 ymago
1581 1695 79 49 in
1621 1695 145 49 duobus.
1726 1695 66 49 ⁋
1753 1695 79 49 Ad
1793 1695 158 49 secundum
1898 1695 53 49 di

1248 1736 82 54 co.
1295 1736 94 54 quod
1354 1736 71 54 ad
1390 1736 188 54 perfectionem
1543 1736 141 54 ymaginis
1649 1736 165 54 requiritur
1778 1736 118 54 aliqua
1849 1736 106 54 distin-

1233 1783 109 47 ctio.
1306 1783 109 47 tamen
1378 1783 73 47 ad
1415 1783 182 47 imperfectam
1561 1783 146 47 ymaginem
1670 1783 85 47 non
1718 1783 182 47 requiritur:
1864 1783 73 47 et
1888 1783 73 47 tunc

1238 1820 83 54 ipsa
1290 1820 146 54 substantia
1404 1820 94 54 anime
1467 1820 115 54 propter
1550 1820 177 54 similitudine.
1696 1820 115 54 quamuis
1779 1820 156 54 longinquam.
1894 1820 73 54 tamen

1239 1864 127 52 maiorem
1332 1864 92 52 quam
1389 1864 81 52 sit
1435 1864 104 52 inter
1505 1864 92 52 deum
1562 1864 69 52 et
1597 1864 161 52 quancumque
1724 1864 150 52 creaturam
1827 1864 127 52 irrationa

1239 1912 107 52 lem.
1306 1912 94 52 est
1359 1912 134 52 aliquo
1453 1912 107 52 modo
1520 1912 121 52 ymago
1601 1912 134 52 diuine
1694 1912 174 52 essentie.
1828 1912 80 52 et
1855 1912 94 52 etiam

1239 1959 121 46 aliquo
1324 1959 97 46 modo
1384 1959 182 46 personarum.
1530 1959 97 46 quia
1590 1959 133 46 quamuis
1687 1959 85 46 sit
1736 1959 170 46 distinctio
1857 1959 97 46 realis

1232 2000 117 51 inter
1310 2000 143 51 diuinas
1414 2000 169 51 personas:
1544 2000 117 51 tamen
1622 2000 117 51 tanta
1700 2000 91 51 est
1752 2000 169 51 identitas
1869 2000 91 51 inter

1239 2042 164 51 essentiam
1365 2042 76 51 et
1403 2042 151 51 personam
1517 2042 139 51 quamuis
1618 2042 88 51 ibi
1668 2042 151 51 deficiat
1782 2042 139 51 aliquas
1870 2042 88 51 modus

1241 2081 154 59 identitatis.
1367 2081 96 59 quanta
1434 2081 67 59 est
1472 2081 87 59 inter
1530 2081 144 59 substantiam
1646 2081 87 59 anime
1704 2081 58 59 et
1733 2081 144 59 substantiam
1848 2081 96 59 anime.
1906 2081 48 59 Nec

1251 2129 126 49 potest
1339 2129 126 49 aliquo
1427 2129 101 49 modo
1490 2129 151 49 essentia
1603 2129 126 49 diuina
1691 2129 163 49 intelligi
1817 2129 75 49 in
1854 2129 88 49 se.
1892 2129 63 49 non

1235 2176 188 49 intellecta
1382 2176 147 49 persona
1489 2176 147 49 diuina.
1596 2176 67 49 ⁋
1623 2176 107 49 Ideo
1690 2176 80 49 si
1730 2176 121 49 primo
1797 2176 161 49 intellige-

1234 2213 102 58 retur
1302 2213 113 58 diuina
1381 2213 147 58 essentia.
1494 2213 68 58 et
1528 2213 113 58 postea
1607 2213 204 58 intelligeretur
1777 2213 91 58 ipsa
1822 2213 136 58 substantia

1238 2268 134 43 anime.
1331 2268 107 43 ipsa
1398 2268 147 43 faceret
1505 2268 134 43 aliquo
1599 2268 107 43 modo
1666 2268 174 43 recordari
1799 2268 80 43 de
1826 2268 134 43 essentia

1229 2305 124 51 diuina.
1319 2305 68 51 et
1353 2305 68 51 de
1386 2305 135 51 personis
1488 2305 135 51 diuinis.
1589 2305 56 51 ⁋
1611 2305 68 51 Et
1645 2305 68 51 si
1679 2305 124 51 dicatur
1769 2305 90 51 quod
1825 2305 113 51 semper
1893 2305 56 51 bea

1232 2349 93 53 tus
1285 2349 185 53 Augustinus
1430 2349 172 53 expressit
1563 2349 159 53 ymaginem
1682 2349 93 53 per
1735 2349 132 53 aliqua
1814 2349 146 53 distincta

1237 2392 106 52 sicut
1308 2392 83 52 ix.
1355 2392 71 52 de
1391 2392 118 52 trini.
1473 2392 59 52 ⁋
1497 2392 83 52 Per
1544 2392 118 52 mentem
1627 2392 142 52 notitiam
1733 2392 71 52 et
1768 2392 130 52 amorem.
1863 2392 71 52 et
1886 2392 71 52 ideo

1235 2431 154 64 deinceps
1351 2431 90 64 per
1402 2431 154 64 menoriam
1518 2431 231 64 intelligentiam
1711 2431 77 64 et
1749 2431 180 64 voluntatem
1891 2431 64 64 ⁋
1904 2431 51 64 Di

1234 2482 84 55 eo
1276 2482 112 55 quod
1346 2482 140 55 beatus
1444 2482 196 55 Augustinus
1598 2482 196 55 intendebat
1751 2482 182 55 exprimere
1877 2482 84 55 yma-

1226 2525 108 58 gine
1294 2525 190 58 perfectam.
1443 2525 122 58 tamen
1524 2525 81 58 ad
1565 2525 163 58 habendum
1687 2525 149 58 aliquam
1782 2525 176 58 conformita-

1239 2565 87 72 tem
1288 2565 112 72 inter
1363 2565 124 72 partes
1450 2565 161 72 ymaginis.
1574 2565 75 72 et
1611 2565 137 72 diuinas
1711 2565 161 72 personas.
1822 2565 137 72 expressit
