2237 3059
390 199 168 91 supposito.
522 199 144 91 intantum
629 199 96 91 quod
689 199 72 91 si
725 199 168 91 suppositum
857 199 156 91 differret
976 199 144 91 realiter
1072 199 36 91 e

395 271 127 62 diuina
484 271 165 62 essentia.
611 271 114 62 sicut
687 271 101 62 modo
750 271 177 62 suppositum
890 271 114 62 verbi
966 271 127 62 dicere
1042 271 63 62 rea

391 309 141 69 liter
485 309 78 69 a
517 309 157 69 natura
627 309 157 69 humana
736 309 204 69 assumpta.
893 309 126 69 iste
956 309 157 69 terminus

391 360 175 54 nunquam
518 360 222 54 supponeret
693 360 95 54 ex
741 360 159 54 natura
852 360 127 54 modi
915 360 191 54 significa-

391 401 75 70 di
429 401 100 70 nisi
492 401 88 70 pro
542 401 176 70 supposito.
680 401 75 70 et
718 401 88 70 non
768 401 88 70 pro
818 401 126 70 natura
906 401 75 70 et
944 401 75 70 si
981 401 75 70 ex
1019 401 88 70 vsu
1057 401 50 70 lo

394 440 154 76 quentium
510 440 167 76 aliquando
639 440 180 76 supponeret
780 440 90 76 pro
832 440 142 76 natura.
935 440 90 76 hoc
986 440 90 76 non
1025 440 90 76 esset

393 489 180 73 concedendum
537 489 96 73 nisi
597 489 132 73 ratione
693 489 156 73 adiuncti.
812 489 72 73 et
848 489 96 73 tunc
908 489 120 73 quando
980 489 132 73 poneretur

392 530 149 67 respectu
503 530 112 67 talis
578 530 149 67 adiuncti
689 530 112 67 talis
764 530 174 67 propositio
900 530 112 67 esset
962 530 149 67 distinguen

388 585 96 55 da.
443 585 82 55 eo
484 585 110 55 quod
553 585 110 55 ille
622 585 165 55 terminus
745 585 110 55 deus
814 585 137 55 posset
910 585 178 55 supponere
1033 585 69 55 pro

386 622 166 63 supposito
514 622 90 63 vel
565 622 90 63 pro
616 622 141 63 natura.
719 622 77 63 In
757 622 115 63 aliis
834 622 115 63 autem
898 622 217 63 propositionibus

391 665 198 73 simpliciter
549 665 184 73 supponeret
694 665 92 73 pro
746 665 171 73 supposito
878 665 79 73 et
918 665 92 73 non
970 665 92 73 pro
1010 665 105 73 natura

385 719 97 54 qui
441 719 125 54 tamen
524 719 139 54 natura
621 719 139 54 diuina
718 719 83 54 et
760 719 194 54 suppositum
912 719 111 54 sunt
981 719 111 54 vnum
1037 719 83 54 rea-

386 764 137 52 liter.
482 764 110 52 ideo
551 764 82 52 ex
592 764 96 52 vsu
647 764 165 52 loquendi
771 764 137 52 scorum
867 764 82 52 et
908 764 137 52 maxime
990 764 124 52 propter

379 798 194 63 hereticos
528 798 89 63 ne
573 798 134 63 detur
662 798 164 63 occasio
781 798 164 63 errandi
900 798 89 63 et
930 798 179 63 decipiendi

382 846 187 67 simplices
526 846 101 67 qui
583 846 173 67 nesciunt
713 846 173 67 virtutem
843 846 187 67 sermonis.
987 846 101 67 nec
1030 846 87 67 sci-

384 883 97 73 unt
440 883 111 73 quid
509 883 97 73 est
565 883 209 73 concedendum
732 883 84 73 de
774 883 153 73 virtute
885 883 167 73 sermonis
1011 883 84 73 et
1038 883 84 73 quid

380 940 189 60 negandum.
526 940 116 60 iste
599 940 175 60 terminus
730 940 116 60 deus
802 940 175 60 supponit
933 940 87 60 et
977 940 102 60 pro
1021 940 87 60 nati

385 973 81 69 ra
426 973 81 69 et
467 973 95 69 pro
521 973 176 69 supposito
657 973 163 69 respectu
779 973 122 69 omnis
860 973 190 69 praedicati
1009 973 109 69 quod
1064 973 54 69 po

395 1018 103 64 test
460 1018 168 64 competere
589 1018 90 64 tam
640 1018 129 64 nature
731 1018 103 64 quam
795 1018 168 64 supposito
924 1018 77 64 et
963 1018 90 64 hoc
1002 1018 116 64 rationa

387 1065 177 61 bimiliter
524 1065 150 61 propter
632 1065 150 61 maximam
741 1065 191 61 identitate
891 1065 136 61 nature
986 1065 82 61 et
1014 1065 95 61 suppe

396 1108 110 64 siti.
469 1108 73 64 vt
506 1108 98 64 loco
567 1108 122 64 istius
652 1108 134 64 termini
750 1108 134 64 licitum
847 1108 98 64 sit.
908 1108 171 64 resprectum
1031 1108 85 64 omnis

385 1150 127 65 talis
470 1150 198 65 praedicati
626 1150 142 65 ponere
725 1150 99 65 tam
781 1150 156 65 naturam
894 1150 113 65 quam
951 1150 170 65 suppositum

386 1208 154 52 respectu
502 1208 115 52 autem
579 1208 180 52 praedicati
720 1208 103 52 quod
784 1208 154 52 praecise
899 1208 128 52 potest
976 1208 141 52 competere

394 1244 185 66 supposito
536 1244 170 66 praecise
664 1244 170 66 supponit
791 1244 99 66 pro
848 1244 199 66 supposito.
1004 1244 114 66 siue
1061 1244 57 66 au

383 1282 109 64 tem
446 1282 109 64 hoc
508 1282 109 64 sit
571 1282 94 64 ex
618 1282 156 64 natura
727 1282 125 64 modi
805 1282 250 64 significandi
993 1282 125 64 commu-

387 1328 84 76 ni
429 1328 112 76 isti
499 1328 155 76 termino
612 1328 84 76 et
654 1328 141 76 aliis.
752 1328 112 76 siue
823 1328 84 76 ex
865 1328 98 76 vsu
921 1328 197 76 loquentium
1062 1328 56 76 in

391 1374 130 62 quorum
482 1374 196 62 beneplacito
639 1374 78 62 et
678 1374 156 62 pertante
795 1374 91 62 est
847 1374 91 62 vti
899 1374 156 62 terminis
1017 1374 91 62 sic
1056 1374 65 62 vel

399 1416 96 65 sic.
459 1416 84 65 non
507 1416 96 65 curo
567 1416 72 65 ad
603 1416 156 65 praesens.
723 1416 204 65 Ronabimiliter
890 1416 108 65 tamen
962 1416 144 65 possumus
1058 1416 60 65 sic

403 1468 103 57 vti.
468 1468 116 57 tamen
545 1468 142 57 propter
648 1468 180 57 hereticos.
790 1468 103 57 quia
854 1468 77 57 si
893 1468 155 57 terminus
996 1468 116 57 suppone

394 1505 88 62 ret
445 1505 150 62 praecise
557 1505 88 62 pro
607 1505 175 62 supposito.
745 1505 113 62 multe
820 1505 213 62 propositiones
996 1505 125 62 essent
1071 1505 50 62 de

390 1549 155 68 virtute
503 1549 169 68 sermonis
630 1549 212 68 concedende.
799 1549 113 68 quas
870 1549 127 68 heret
955 1549 85 68 ci
983 1549 141 68 proponen

386 1596 109 61 tes
449 1596 233 61 simplicibus
635 1596 187 61 facerent
775 1596 109 61 eos
837 1596 171 61 credere
946 1596 171 61 pluralita

391 1639 98 62 tem
447 1639 140 62 deorum
545 1639 84 62 et
588 1639 225 62 multitudinem
770 1639 140 62 diuine
868 1639 183 62 essentie.
1009 1639 98 62 tum
1051 1639 70 62 pro

389 1690 100 66 pter
451 1690 187 66 identitatem
600 1690 87 66 dei
650 1690 75 66 et
688 1690 199 66 diuinitatis.
850 1690 100 66 quia
912 1690 100 66 enim
974 1690 100 66 deus
1037 1690 75 66 et
1062 1690 62 66 dei

389 1735 86 54 tas
438 1735 98 54 sunt
499 1735 184 54 simpliciter
647 1735 111 54 idem.
720 1735 98 54 ideo
782 1735 147 54 quicquid
893 1735 184 54 praedicatur
1040 1735 74 54 de
1065 1735 61 54 deo

394 1769 201 72 praedicatur
554 1769 80 72 et
594 1769 80 72 de
634 1769 147 72 deitate
741 1769 80 72 et
781 1769 174 72 ecouerso.
915 1769 120 72 cuius
982 1769 147 72 oppositum

390 1818 96 61 non
445 1818 151 61 habetur
555 1818 82 61 ex
596 1818 165 61 scriptur
719 1818 110 61 etc.
788 1818 123 61 sicut
870 1818 123 61 alias
952 1818 110 61 fuit
1007 1818 110 61 dictum

398 1865 78 64 Et
437 1865 104 64 ideo
502 1865 104 64 nisi
567 1865 143 64 aliquid
671 1865 104 64 tale
736 1865 143 64 obstet.
841 1865 169 64 sequitur.
971 1865 104 64 iste
1023 1865 104 64 termi-

395 1904 115 58 nus
460 1904 131 58 deus
542 1904 197 58 supponit
690 1904 115 58 pro
756 1904 115 58 deo
821 1904 115 58 vel
887 1904 115 58 pro
936 1904 181 58 supposito

400 1939 114 76 ergo
471 1939 171 76 supponit
599 1939 100 76 pro
656 1939 157 76 deitate
771 1939 86 76 et
813 1939 200 76 econuerso.
999 1939 86 76 Ex
1027 1939 100 76 istis

404 1998 93 58 dico
463 1998 70 58 ad
498 1998 129 58 quaonem
591 1998 93 58 quod
650 1998 93 58 ista
708 1998 82 58 est
755 1998 175 58 simpliciter
895 1998 164 58 concedenda
1024 1998 70 58 de
1047 1998 70 58 vtum

399 2032 70 74 te
434 2032 163 74 sermdonis.
563 2032 93 74 deus
621 2032 128 74 generat
714 2032 105 74 deum.
784 2032 93 74 quia
843 2032 82 74 ein
889 2032 82 74 hoc
936 2032 128 74 ponitur
1018 2032 93 74 aliqui

403 2078 102 71 quod
467 2078 152 71 praecise
581 2078 127 71 potest
670 2078 165 71 competere
797 2078 178 71 supposito.
936 2078 102 71 ideo
987 2078 127 71 supponi-

398 2130 88 59 pro
449 2130 176 59 supposito.
587 2130 75 59 et
625 2130 100 59 ideo
687 2130 113 59 sicut
763 2130 88 59 hoc
813 2130 88 59 est
863 2130 113 59 vera.
939 2130 88 59 pri
989 2130 138 59 generat
1077 2130 50 59 fi

401 2164 119 64 lium.
480 2164 92 64 ita
533 2164 105 64 haec
598 2164 92 64 est
651 2164 119 64 vera.
730 2164 105 64 deus
796 2164 145 64 generat
901 2164 105 64 deum
993 2164 66 64 A
1007 2164 105 64 primum

402 2217 164 64 principale
531 2217 164 64 conceditur
660 2217 70 64 ab
696 2217 153 64 aliquibus
813 2217 94 64 quod
872 2217 94 64 haoc
930 2217 82 64 est
977 2217 94 64 vera
1036 2217 70 64 de
1059 2217 59 64 vir

392 2264 104 60 tute
457 2264 168 60 sermonis.
586 2264 104 60 deus
651 2264 91 60 non
703 2264 142 60 generat
806 2264 117 60 deum.
884 2264 104 60 quia
949 2264 129 60 filius
1039 2264 91 60 non
1078 2264 52 60 ge

395 2303 123 68 nerat
477 2303 123 68 deum.
559 2303 82 68 Et
600 2303 109 68 ista
669 2303 178 68 responsio
806 2303 150 68 videtur
915 2303 109 68 esse
983 2303 123 68 magis
1052 2303 68 68 sor

403 2347 100 69 malis
470 2347 67 69 et
503 2347 134 69 secundum
603 2347 100 69 artem
670 2347 134 69 logicam.
770 2347 89 69 quod
826 2347 134 69 scilicet
926 2347 134 69 terminus
1026 2347 78 69 non
1059 2347 67 69 habe

400 2392 85 65 at
442 2392 127 65 aliam
527 2392 85 65 et
569 2392 127 65 aliam
654 2392 155 65 suppone
767 2392 85 65 in
809 2392 212 65 affirmatiua
979 2392 85 65 et
1007 2392 113 65 negati

403 2434 87 60 ua.
452 2434 87 60 hoc
502 2434 87 60 est
552 2434 87 60 non
602 2434 150 60 supponit
714 2434 87 60 pro
764 2434 100 60 alio
827 2434 75 60 et
864 2434 112 60 alio.
939 2434 137 60 quamuis
1026 2434 100 60 possit

404 2486 197 56 verificari
559 2486 99 56 pro
615 2486 127 56 alio.
700 2486 85 56 et
742 2486 113 56 ideo
813 2486 127 56 sicut
897 2486 127 56 ista.
982 2486 113 56 deus
1038 2486 85 56 gene

398 2523 92 61 rat
450 2523 105 61 deum
516 2523 196 61 verificatur
672 2523 92 61 pro
725 2523 131 61 patre.
816 2523 92 61 ita
869 2523 105 61 ista
934 2523 105 61 deus
999 2523 92 61 non
1039 2523 78 61 gene

399 2569 89 57 rat
450 2569 102 57 deum
514 2569 190 57 verificatur
666 2569 89 57 pro
717 2569 114 57 filio
793 2569 76 57 et
831 2569 89 57 pro
882 2569 140 57 spiritu
983 2569 140 57 sancto.
1072 2569 51 57 et

392 2614 122 79 tamen
474 2614 108 79 vere
542 2614 95 79 est
596 2614 176 79 generatio
731 2614 81 79 in
772 2614 163 79 diuinis.
894 2614 81 79 et
935 2614 108 79 vere
1002 2614 108 79 deus
1057 2614 81 79 gene

1218 197 85 74 rat
1266 197 109 74 deum.
1339 197 73 74 Et
1375 197 145 74 secundum
1484 197 85 74 hoc
1532 197 97 74 illa
1593 197 157 74 responsio
1713 197 73 74 in
1750 197 73 74 re
1786 197 85 74 non
1822 197 109 74 differi

1212 263 79 58 ab
1251 263 132 58 aliis.
1344 263 106 58 quia
1410 263 119 58 nihil
1490 263 119 58 ponit
1569 263 93 58 nec
1622 263 119 58 negat
1702 263 79 58 in
1741 263 93 58 re.
1794 263 106 58 nisi
1847 263 93 58 sicut

1202 309 117 58 alii.
1280 309 117 58 tamen
1359 309 144 58 propter
1463 309 170 58 hereticos
1594 309 78 58 vt
1633 309 144 58 taliter
1737 309 91 58 non
1776 309 157 58 deciperent

1210 351 176 68 simplices
1346 351 189 68 inferentes
1494 351 108 68 quod
1562 351 81 68 si
1602 351 108 68 deus
1670 351 95 68 non
1724 351 176 68 generaret
1845 351 95 68 deum.

1204 397 91 65 quod
1261 397 80 65 non
1306 397 103 65 esset
1375 397 80 65 ibi
1420 397 126 65 aliquis
1512 397 114 65 filius
1592 397 137 65 genitus.
1694 397 114 65 potest
1774 397 91 65 dici
1831 397 91 65 quod
1877 397 57 65 hoc

1207 444 105 56 est
1267 444 150 56 salsa.
1372 444 120 56 deus
1447 444 105 56 non
1507 444 165 56 generat
1627 444 135 56 deum.
1717 444 90 56 Et
1762 444 135 56 eodem
1837 444 90 56 modo

1203 484 155 56 quaelibet
1322 484 107 56 talis
1393 484 107 56 esset
1465 484 119 56 falsa.
1548 484 95 56 deus
1607 484 83 56 non
1655 484 83 56 est
1702 484 119 56 pater.
1785 484 95 56 deus
1845 484 83 56 non
1881 484 59 56 est

1211 539 143 51 filius.
1315 539 78 51 et
1354 539 91 51 sic
1405 539 78 51 de
1444 539 130 51 aliis.
1535 539 104 51 quia
1600 539 78 51 ex
1639 539 91 51 vsu
1691 539 181 51 loquentium
1820 539 117 51 propter

1205 584 205 52 identitatem
1369 584 95 52 dei
1424 584 95 52 cum
1478 584 164 52 quolibet
1601 584 109 52 quod
1669 584 95 52 est
1724 584 82 52 in
1765 584 150 52 divinis
1860 584 82 52 deno

1201 620 129 51 taretur
1295 620 94 51 quod
1354 620 106 51 nihil
1425 620 94 51 quod
1484 620 82 51 est
1531 620 141 51 realiter
1637 620 94 51 deus
1696 620 153 51 generaret
1813 620 82 51 vel
1849 620 82 51 esset

1202 660 117 84 pater
1280 660 91 84 vel
1332 660 143 84 filius.
1436 660 78 84 et
1475 660 91 84 sic
1527 660 78 84 de
1566 660 117 84 aliis
1644 660 104 84 quae
1709 660 117 84 omnia
1787 660 117 84 falsa
1852 660 78 84 sunt

1222 709 72 61 Ad
1258 709 143 61 secundum
1365 709 95 61 dico
1425 709 95 61 quod
1484 709 191 61 consequentia
1639 709 143 61 formalis
1746 709 83 61 est
1794 709 131 61 duplex.
1877 709 48 61 al

1214 750 105 63 quando
1287 750 94 63 tenet
1350 750 115 63 ratione
1434 750 168 63 complexorum:
1570 750 63 63 et
1601 750 94 63 talis
1664 750 168 63 consequentia
1801 750 73 63 est
1832 750 105 63 sillogis

1212 796 100 57 mus.
1274 796 100 57 quia
1336 796 162 57 vbicumque
1461 796 75 57 et
1498 796 75 57 ex
1535 796 199 57 quibuscumque
1697 796 149 57 terminis
1809 796 100 57 fiat
1859 796 75 57 siml

1212 842 152 55 logismus
1326 842 127 55 habens
1415 842 114 55 tales
1491 842 177 55 praemissas
1630 842 89 55 sic
1681 842 190 55 dispositas.
1833 842 89 55 ibi
1871 842 63 55 est

1204 881 109 55 bonus
1277 881 194 55 sillogismus.
1435 881 158 55 Similiter
1556 881 73 55 ab
1593 881 158 55 exclusiua
1714 881 73 55 ad
1751 881 182 55 vniversales
1884 881 49 55 de

1213 925 136 57 terminis
1315 925 181 57 transpositum
1462 925 79 57 est
1507 925 91 57 bona
1564 925 192 57 consequentia.
1722 925 147 57 Similiter
1835 925 57 57 a
1846 925 91 57 compu-

1202 980 128 49 latiua
1292 980 77 49 ad
1330 980 140 49 alteram
1432 980 128 49 partem
1522 980 89 49 est
1573 980 102 49 bona
1636 980 217 49 consequentia.
1803 980 140 49 quecunque

1215 1014 92 66 pars
1273 1014 173 66 accipiatur.
1411 1014 69 66 et
1446 1014 104 66 talis
1515 1014 184 66 consequentia
1665 1014 104 66 tenet
1734 1014 69 66 in
1768 1014 127 66 omnibus
1849 1014 92 66 termi-

1202 1059 85 56 nis.
1256 1059 139 56 Aliquando
1362 1059 171 56 consequentia
1501 1059 75 56 est
1544 1059 128 56 formalis
1640 1059 128 56 praecise
1736 1059 117 56 ratione
1811 1059 128 56 termiorum.

1204 1103 82 62 qui
1251 1103 140 62 scilicet
1356 1103 128 62 termini
1450 1103 93 62 ipsi
1508 1103 70 62 se
1543 1103 117 62 habent
1625 1103 70 62 ad
1660 1103 128 62 inuicem
1753 1103 82 62 sic
1800 1103 82 62 vel
1847 1103 93 62 sic.
1893 1103 47 62 et

1205 1148 92 59 isto
1262 1148 92 59 modo
1319 1148 69 59 ab
1354 1148 161 59 vniversali
1480 1148 69 59 ad
1514 1148 161 59 singularem
1641 1148 80 59 est
1687 1148 92 59 bona
1744 1148 184 59 consequentia
1882 1148 57 59 non

1210 1192 76 54 ad
1248 1192 191 54 quamcumque.
1401 1192 89 54 sed
1452 1192 102 54 quia
1516 1192 153 54 terminus
1630 1192 102 54 vnus
1694 1192 178 54 continetur
1834 1192 76 54 ab
1860 1192 76 54 alio

1216 1244 99 56 Unde
1278 1244 99 56 bene
1340 1244 162 56 sequitur.
1464 1244 112 56 omnis
1539 1244 99 56 homo
1601 1244 137 56 currit.
1700 1244 99 56 ergo
1763 1244 99 56 iste
1825 1244 99 56 homo
1874 1244 75 56 cur-

1202 1279 113 64 rit.
1272 1279 211 64 demonstrato
1442 1279 127 64 sorte
1526 1279 99 64 qua
1583 1279 113 64 vere
1653 1279 99 64 est
1709 1279 127 64 homo.
1794 1279 99 64 sed
1850 1279 99 64 non
1893 1279 56 64 se

1210 1327 142 66 quitur
1309 1327 127 66 omnis
1394 1327 113 66 homo
1465 1327 156 66 currit.
1578 1327 113 66 ergo
1649 1327 113 66 iste
1719 1327 113 66 homo
1790 1327 142 66 currit
1875 1327 71 66 de-

1218 1370 159 62 monstrando
1342 1370 125 62 asinum.
1433 1370 68 62 Et
1467 1370 102 62 ratio
1535 1370 91 62 est.
1592 1370 91 62 quia
1648 1370 102 62 omnis
1716 1370 181 62 consequentia
1852 1370 91 62 formal

1213 1416 127 51 tenet
1298 1416 99 51 per
1354 1416 141 51 medium
1453 1416 113 51 vnum
1524 1416 226 51 intrinsecum.
1708 1416 85 51 in
1750 1416 99 51 quo
1807 1416 113 51 vnus
1863 1416 85 51 ter-

1216 1460 125 53 minus
1299 1460 208 53 verificatur
1465 1460 97 53 vel
1521 1460 152 53 negatur
1631 1460 83 53 ab
1673 1460 125 53 alio.
1756 1460 83 53 et
1798 1460 111 53 ideo
1853 1460 83 53 quan

1218 1501 64 55 do
1250 1501 96 55 talis
1315 1501 150 55 propositio
1432 1501 75 55 per
1475 1501 96 55 quamn
1539 1501 171 55 consequentia
1678 1501 118 55 deberet
1764 1501 107 55 reduci
1839 1501 64 55 in
1860 1501 75 55 sillo

1209 1541 109 64 gismum
1285 1541 76 64 est
1329 1541 98 64 vera.
1395 1541 87 64 tunc
1449 1541 76 64 est
1493 1541 87 64 bona
1547 1541 175 64 consequentia
1689 1541 65 64 et
1722 1541 109 64 quando
1798 1541 76 64 non
1842 1541 76 64 est
1875 1541 65 64 vera

1218 1585 97 69 tunc
1278 1585 85 69 non
1327 1585 109 69 valet
1399 1585 85 69 ita
1448 1585 85 69 est
1496 1585 73 69 in
1532 1585 169 69 proposito.
1689 1585 85 69 Nam
1738 1585 97 69 ista
1786 1585 157 69 consequenti

1209 1633 80 58 non
1254 1633 114 58 valet.
1334 1633 103 58 pater
1403 1633 126 58 generat
1495 1633 126 58 filium.
1586 1633 92 58 ergo
1643 1633 183 58 distinguitur
1792 1633 57 58 a
1815 1633 114 58 filio.
1883 1633 69 58 nisi

1215 1675 130 59 forte
1301 1675 159 59 ratione
1417 1675 216 59 terminorum.
1590 1675 115 59 Unde
1662 1675 115 59 bene
1734 1675 173 59 sequitur
1849 1675 87 59 pate

1210 1718 116 64 generat
1295 1718 116 64 filium.
1379 1718 84 64 ergo
1431 1718 95 64 pater
1494 1718 74 64 non
1536 1718 74 64 est
1579 1718 116 64 filius.
1663 1718 63 64 et
1694 1718 95 64 tamen
1757 1718 74 64 non
1799 1718 126 64 sequitur
1883 1718 53 64 hoe

1222 1762 134 63 generat
1319 1762 146 63 hominem.
1428 1762 97 63 ergo
1489 1762 97 63 homo
1550 1762 85 63 non
1598 1762 85 63 est
1647 1762 109 63 homo.
1720 1762 73 63 et
1756 1762 97 63 ideo
1817 1762 85 63 non
1853 1762 85 63 sequi

1223 1807 98 61 deus
1284 1807 135 61 generat
1382 1807 110 61 deum.
1456 1807 98 61 ergo
1517 1807 98 61 deus
1578 1807 196 61 distinguitur
1738 1807 61 61 a
1762 1807 98 61 deo.
1823 1807 98 61 quia
1872 1807 74 61 ista

1218 1851 160 67 consequentia
1348 1851 70 67 est
1388 1851 130 67 formalis.
1487 1851 90 67 pater
1547 1851 110 67 generat
1627 1851 110 67 filium.
1707 1851 80 67 ergo
1757 1851 90 67 pater
1806 1851 140 67 distinguitur

1221 1898 62 55 a
1245 1898 124 55 filio.
1332 1898 136 55 propter
1431 1898 111 55 illud
1505 1898 136 55 medium.
1604 1898 99 55 idem
1665 1898 86 55 non
1715 1898 124 55 potest
1801 1898 99 55 esse
1851 1898 86 55 pater

1208 1939 77 54 et
1247 1939 142 54 silius.
1350 1939 116 54 tamen
1427 1939 103 54 idem
1492 1939 129 54 potest
1582 1939 103 54 esse
1646 1939 103 54 deus
1711 1939 77 54 et
1750 1939 116 54 deus.
1853 1939 77 54 Ad
1879 1939 64 54 ter

1219 1990 91 56 tium
1276 1990 126 56 concedo
1367 1990 91 56 quod
1424 1990 149 56 sequitur.
1539 1990 91 56 deus
1596 1990 137 56 generat.
1699 1990 91 56 ergo
1756 1990 69 56 se
1790 1990 80 56 vel
1836 1990 103 56 alium
1893 1990 46 56 ge

1209 2025 122 59 nerat.
1294 2025 85 59 non
1343 2025 110 59 tamen
1416 2025 110 59 eodem
1489 2025 122 59 addito
1574 2025 158 59 vtrobique
1696 2025 85 59 est
1744 2025 97 59 bona
1793 2025 146 59 consequent

1215 2066 93 61 qui
1268 2066 106 61 illa
1334 2066 132 61 regula
1426 2066 79 61 in
1466 2066 132 61 multis
1559 2066 159 61 deficit.
1678 2066 159 61 sequitur
1797 2066 119 61 enim.
1863 2066 79 61 homo

1223 2116 127 54 currit
1312 2116 101 54 ergo
1375 2116 127 54 animal
1464 2116 139 54 currit.
1565 2116 76 54 et
1603 2116 114 54 tamen
1679 2116 139 54 addendo
1780 2116 165 54 vtrobique
1894 2116 51 54 si

1220 2160 87 72 gnum
1274 2160 151 72 vniversale
1393 2160 76 72 non
1437 2160 141 72 sequitur.
1545 2160 76 72 non
1588 2160 87 72 enim
1642 2160 130 72 sequitur
1739 2160 97 72 omnis
1804 2160 87 72 homo
1848 2160 97 72 currit.

1224 2202 98 74 ergo
1285 2202 98 74 omne
1346 2202 122 74 animal
1432 2202 134 74 currit.
1529 2202 159 74 Similiter
1652 2202 147 74 sequitur
1762 2202 98 74 homo
1823 2202 86 74 est
1859 2202 86 74 albus

1216 2249 90 63 ergo
1272 2249 90 63 homo
1328 2249 78 63 est
1372 2249 90 63 ens.
1428 2249 67 63 et
1462 2249 101 63 tamen
1529 2249 78 63 non
1574 2249 134 63 sequitur
1675 2249 168 63 formaliter.
1809 2249 90 63 homo
1854 2249 90 63 contin

1232 2289 112 70 genter
1310 2289 79 70 est
1355 2289 101 70 albus
1423 2289 90 70 ergo
1479 2289 90 70 homo
1535 2289 180 70 contingenter
1681 2289 79 70 est
1726 2289 90 70 ens.
1782 2289 101 70 sicut
1839 2289 112 70 sequitur

1224 2335 95 62 deus
1284 2335 119 62 creat.
1367 2335 95 62 ergo
1427 2335 95 62 deus
1487 2335 95 62 est.
1546 2335 72 62 et
1582 2335 107 62 tamen
1654 2335 84 62 non
1701 2335 155 62 sequitur.
1821 2335 95 62 deus
1868 2335 84 62 conti

1226 2383 131 67 genter
1318 2383 131 67 creat.
1409 2383 105 67 ergo
1475 2383 105 67 deus
1540 2383 209 67 contingenter
1710 2383 105 67 est.
1776 2383 79 67 et
1815 2383 105 67 ideo
1867 2383 79 67 dico

1219 2431 110 59 quod
1288 2431 110 59 illa
1357 2431 138 59 regula
1453 2431 96 59 est
1508 2431 110 59 bona
1577 2431 83 59 de
1619 2431 138 59 addito
1715 2431 110 59 tali
1784 2431 110 59 quod
1839 2431 110 59 impor-

1224 2463 91 63 tat
1276 2463 143 63 aliquam
1380 2463 91 63 rem
1432 2463 169 63 absolutam
1562 2463 143 63 additam
1666 2463 117 63 aliis
1744 2463 117 63 sicut
1809 2463 143 63 sequitur.

1224 2511 96 57 homo
1284 2511 132 57 currit.
1380 2511 96 57 ergo
1440 2511 120 57 animal
1524 2511 132 57 currit.
1619 2511 72 57 et
1655 2511 96 57 ideo
1715 2511 96 57 bene
1775 2511 156 57 sequitur.
1883 2511 60 57 ho-

1226 2553 77 66 mo
1265 2553 116 66 albus
1342 2553 142 66 currit.
1446 2553 103 66 ergo
1510 2553 129 66 animal
1600 2553 116 66 album
1678 2553 142 66 currit.
1781 2553 129 66 quando
1859 2553 90 66 tamen

1218 2601 156 70 additum
1331 2601 99 70 est
1388 2601 269 70 sincathegoreuma
1614 2601 99 70 non
1671 2601 184 70 sequitur.
1812 2601 99 70 nec
1855 2601 99 70 etiam
