2218 3077
457 237 155 91 primum
566 237 202 91 opinantem
721 237 202 91 remouetur
877 237 264 91 potentialitas
1078 237 109 91 mate-

457 288 101 75 rie
514 288 87 75 in
558 288 216 75 generatione
731 288 216 75 substantie.
904 288 115 75 Item
962 288 216 75 potentialitas

450 345 179 58 subiecti
584 345 89 58 in
629 345 238 58 alteratione.
823 345 119 58 Item
897 345 253 58 potentialitas
1091 345 89 58 gene

458 377 151 82 rationis
571 377 151 82 respectu
685 377 188 82 differenti.
835 377 75 82 et
873 377 88 82 ita
923 377 113 82 omnem
986 377 201 82 imperfectionem

467 421 146 72 remouet
573 421 66 72 a
600 421 159 72 materia.
719 421 66 72 ⁋
746 421 93 72 hoc
799 421 159 72 probatur
918 421 93 72 per
971 421 173 72 rationes.
1091 421 93 72 primo

460 466 100 80 sic.
523 466 113 80 illud
598 466 100 80 quod
661 466 88 80 est
711 466 88 80 per
761 466 238 80 seconstitutiuum
962 466 150 80 sppositi
1062 466 125 80 producti

464 509 80 80 et
504 509 239 80 praesupponitur
703 509 106 80 ipsi
770 509 213 80 generationi.
943 509 120 80 magis
1022 509 146 80 conueit
1115 509 67 80 cum

465 554 131 72 materia
560 554 71 72 in
596 554 178 72 generatione
738 554 142 72 naturali
845 554 95 72 quam
904 554 83 72 cum
952 554 107 72 forma
1011 554 178 72 substantiali.

465 605 85 73 Sed
513 605 146 73 essentia
623 605 109 73 habet
696 605 109 73 totum
769 605 97 73 esse
830 605 97 73 sibi
890 605 146 73 proprium
1000 605 73 73 in
1036 605 109 73 patre
1097 605 85 73 prius

472 651 123 69 origine
561 651 90 69 quam
617 651 78 69 sit
662 651 67 69 in
696 651 112 69 filio.
774 651 112 69 igitur
853 651 134 69 filiatio
954 651 101 69 magis
1021 651 101 69 habet
1077 651 112 69 rationem

468 689 154 77 termini
580 689 168 77 formalis
705 689 112 77 quam
775 689 181 77 essentia.
915 689 70 77 ⁋
943 689 126 77 Istem
1026 689 126 77 illud
1096 689 84 77 quod

459 731 96 79 per
514 731 219 79 generationem
692 731 178 79 naturalem
829 731 151 79 recipit
939 731 123 79 supra
1021 731 82 79 se
1048 731 137 79 propriam

467 779 135 73 formam
561 779 135 73 geniti
655 779 81 73 ad
696 779 229 73 constituendum
884 779 108 73 vnum
952 779 94 73 per
1006 779 81 73 se
1033 779 148 73 productum

468 822 204 73 suppositiue
632 822 122 73 habet
713 822 150 73 aliquam
822 822 231 73 similitudinem
1012 822 95 73 cum
1053 822 136 73 materia.

471 865 148 76 essentia
582 865 86 76 est
631 865 173 76 huiusmodi.
767 865 99 76 quia
828 865 86 76 vel
878 865 86 76 est
927 865 148 76 proximum
1026 865 160 76 fundamentum

470 910 234 76 relationis.
658 910 109 76 vel
720 910 109 76 est
783 910 234 76 fundamentum
970 910 187 76 mediante
1095 910 94 76 actu

478 952 153 75 passiue
590 952 237 75 generationis.
785 952 98 75 sed
840 952 153 75 relatio
952 952 98 75 est
1008 952 84 75 vt
1050 952 125 75 forma
1119 952 70 75 fun

464 999 162 70 damenti.
585 999 148 70 quamuis
692 999 108 70 enim
760 999 81 70 in
800 999 175 70 proposito
935 999 94 70 non
989 999 94 70 sit
1042 999 108 70 vere
1096 999 108 70 infor-

471 1038 137 74 mans.
562 1038 137 74 tamen
653 1038 137 74 sicut
744 1038 167 74 materia
865 1038 197 74 supportat
1017 1038 167 74 formam.
1123 1038 76 74 sic

478 1081 197 80 fundamentum
636 1081 171 80 supportat
767 1081 197 80 relationem.
925 1081 105 80 ergo
991 1081 145 80 quantum
1096 1081 79 80 ad
1122 1081 66 80 hoc

479 1136 91 71 quod
535 1136 182 71 perfectionis
683 1136 80 71 est
729 1136 136 71 essentia
831 1136 102 71 habet
899 1136 125 71 aliquam
990 1136 193 71 similitudinem
1138 1136 57 71 cum

484 1171 174 81 materia.
614 1171 72 81 ⁋
643 1171 116 81 Item
715 1171 130 81 sicut
802 1171 202 81 suppositum
961 1171 87 81 in
1004 1171 159 81 diuinis
1105 1171 87 81 quod

480 1219 157 77 generat
594 1219 100 77 est
651 1219 128 77 prius
737 1219 157 77 origine
851 1219 114 77 ipso
922 1219 157 77 genito.
1036 1219 100 77 ita
1079 1219 114 77 genera

484 1262 78 75 ri
523 1262 91 75 est
575 1262 117 75 prius
653 1262 143 75 origine
757 1262 104 75 ipso
822 1262 156 75 generato
939 1262 117 75 esse.
1017 1262 104 75 quia
1069 1262 130 75 filiatio

491 1304 78 68 ex
530 1304 91 68 quo
582 1304 91 68 est
635 1304 144 68 formale
739 1304 222 68 constitutiuum
922 1304 118 68 filii
1000 1304 91 68 est
1052 1304 118 68 prior
1118 1304 91 68 filio

485 1359 109 67 sicut
558 1359 109 67 forma
631 1359 73 67 in
667 1359 170 67 compositis
801 1359 85 67 est
850 1359 109 67 prior
922 1359 170 67 composito.
1056 1359 109 67 sicut
1117 1359 85 67 prin-

484 1390 135 81 cipium
579 1390 217 81 principiato.
755 1390 190 81 sitiliatio
904 1390 122 81 autem
985 1390 190 81 prsupponit
1121 1390 81 81 fuda

485 1435 143 82 mentum
585 1435 172 82 proprium
714 1435 215 82 fundamentum
885 1435 129 82 autem
971 1435 215 82 filiationis
1128 1435 72 82 est

489 1490 163 59 essentia
611 1490 163 59 mediante
733 1490 108 59 actu
801 1490 149 59 passiuo
910 1490 176 59 originis.
1045 1490 163 59 scilicet
1154 1490 54 59 me

481 1522 141 68 diante
579 1522 183 68 generari.
720 1522 127 68 sicut
804 1522 98 68 est
861 1522 211 68 fundamentum
1015 1522 197 68 paternitatis

495 1567 167 69 mediante
620 1567 167 69 generare
746 1567 153 69 actiue.
857 1567 125 69 sicut
941 1567 111 69 ergo
1010 1567 181 69 generatio
1135 1567 70 69 est

486 1624 130 65 prior
572 1624 144 65 filio.
673 1624 101 65 ita
730 1624 216 65 fundamentum
903 1624 216 65 filiationis
1076 1624 101 65 est
1119 1624 101 65 prius

488 1655 128 69 filio.
578 1655 77 69 in
616 1655 102 69 illo
680 1655 128 69 priori
770 1655 153 69 generari
885 1655 153 69 respicit
1000 1655 179 69 essentiam.
1128 1655 90 69 sicut

493 1704 192 64 dispositio
644 1704 109 64 eius
712 1704 82 64 in
753 1704 164 64 fundando
877 1704 219 64 filiationem.
1054 1704 137 64 igitur
1137 1704 68 64 ge-

507 1743 124 68 nerari
594 1743 87 68 est
643 1743 75 68 in
681 1743 149 68 essentia
792 1743 75 68 in
830 1743 99 68 illo
892 1743 137 68 priori.
991 1743 87 68 sed
1041 1743 87 68 non
1091 1743 87 68 est
1140 1743 75 68 in
1165 1743 50 68 ea

496 1790 123 66 sicut
578 1790 82 66 in
619 1790 191 66 generabili
769 1790 109 66 quod
838 1790 123 66 natum
920 1790 96 66 est
974 1790 109 66 esse
1043 1790 96 66 per
1097 1790 82 66 se
1124 1790 96 66 gene-

504 1842 121 55 ratum.
588 1842 97 55 ergo
649 1842 84 55 est
697 1842 72 55 in
733 1842 72 55 ea
769 1842 109 55 sicut
842 1842 72 55 in
878 1842 145 55 subiecto
987 1842 205 55 generationis.
1144 1842 60 55 sed

499 1876 147 66 subiectum
612 1876 102 66 habet
680 1876 192 66 similitudinem
838 1876 79 66 cum
883 1876 136 66 materia.
985 1876 90 66 ergo
1041 1876 136 66 essentia
1132 1876 79 66 habet

502 1919 142 66 aliquam
605 1919 220 66 similitudinem
786 1919 142 66 materie
890 1919 116 66 filii
967 1919 181 66 generandi.
1097 1919 116 66 quanuis

496 1964 114 70 enim
567 1964 100 70 sit
624 1964 100 70 ibi
681 1964 171 70 simultas
809 1964 142 70 nature
909 1964 85 70 et
951 1964 228 70 intellectus.
1122 1964 100 70 tamen

494 2008 103 62 est
553 2008 103 62 ibi
612 2008 192 62 prioritas
760 2008 177 62 originis
893 2008 89 62 de
937 2008 103 62 qua
996 2008 103 62 est
1055 2008 118 62 modo
1114 2008 103 62 sermo

516 2053 133 75 Istam
605 2053 191 75 opinione.
752 2053 118 75 quia
825 2053 133 75 magis
914 2053 191 75 consistit
1061 2053 88 75 in
1090 2053 133 75 abusiuo

496 2099 116 66 modo
569 2099 174 66 loquendi
700 2099 116 66 quam
773 2099 87 66 in
816 2099 87 66 re
860 2099 189 66 difficile
1005 2099 102 66 est
1049 2099 174 66 improbare.

513 2149 83 58 non
561 2149 95 58 enim
620 2149 119 58 potest
703 2149 154 58 improbari
822 2149 83 58 per
869 2149 83 58 hoc
916 2149 95 58 quod
976 2149 142 58 essentia
1083 2149 83 58 est
1118 2149 95 58 termin

504 2186 152 69 formalis
618 2186 215 69 generationis.
795 2186 101 69 quia
858 2186 114 69 sicut
934 2186 76 69 in
972 2186 152 69 sequenti
1073 2186 152 69 quaestione

505 2229 170 75 patebit.
632 2229 170 75 essentia
759 2229 99 75 non
816 2229 99 75 est
873 2229 170 75 terminus
1000 2229 170 75 formalis
1113 2229 113 75 genera

517 2273 132 64 tionis
609 2273 145 64 diuine.
715 2273 92 64 Nec
767 2273 132 64 potest
860 2273 171 64 faciliter
992 2273 171 64 improbari
1123 2273 92 64 per
1163 2273 66 64 hoc

512 2320 102 72 quod
576 2320 153 72 potentia
690 2320 165 72 effectiua
818 2320 115 72 prima
894 2320 102 72 sola
958 2320 140 72 causat.
1060 2320 102 72 quia
1110 2320 115 72 causali

511 2361 95 65 tas
566 2361 191 65 materialis
716 2361 95 65 non
770 2361 123 65 dicit
852 2361 231 65 perfectionem.
1042 2361 109 65 quia
1097 2361 136 65 dicerent

517 2412 166 61 abutendo
642 2412 166 61 vocabulo
766 2412 111 61 quod
835 2412 124 61 causa
918 2412 193 61 materialis
1070 2412 83 61 vt
1098 2412 124 61 materia

505 2450 96 74 vel
560 2450 123 74 quasi
642 2450 151 74 materia
752 2450 96 74 non
807 2450 219 74 distinguitur
985 2450 165 74 realiter
1109 2450 69 74 a
1122 2450 110 74 forma.

517 2495 95 74 non
572 2495 122 74 dicit
653 2495 149 74 aliquid
761 2495 257 74 imperfectionis.
977 2495 108 74 Unde
1044 2495 162 74 dicerent
1152 2495 68 74 sic

510 2541 219 62 metaphorice
686 2541 176 62 loquendo
818 2541 117 62 quod
891 2541 132 62 causa
978 2541 205 62 materialis
1125 2541 102 62 dicit

523 2587 187 73 perfectionem
675 2587 175 73 simpliciter
816 2587 70 73 et
851 2587 117 73 poneda
933 2587 82 73 est
979 2587 140 73 respectu
1085 2587 117 73 filii.
1155 2587 70 73 quia

525 2637 85 60 non
574 2637 85 60 est
622 2637 73 60 de
659 2637 134 60 nihilo.
756 2637 134 60 quamuis
854 2637 85 60 non
902 2637 85 60 sic
951 2637 73 60 in
987 2637 158 60 creatione
1109 2637 97 60 quia
1158 2637 73 60 crea

1269 222 105 68 tio
1329 222 105 68 est
1389 222 90 68 de
1434 222 150 68 nihilo
1554 222 105 68 Nec
1614 222 150 68 potest
1718 222 195 68 improbari
1853 222 135 68 facilie

1279 275 102 66 quia
1343 275 115 66 prior
1420 275 90 66 est
1471 275 166 66 respectus
1599 275 128 66 realis
1689 275 128 66 actiui
1778 275 77 66 ad
1817 275 154 66 passiuum
1919 275 77 66 quam

1280 334 66 50 ad
1313 334 154 50 productum.
1434 334 88 50 quia
1489 334 132 50 dicerent
1588 334 88 50 quod
1644 334 77 50 hoc
1688 334 77 50 non
1732 334 77 50 est
1776 334 110 50 verum.
1853 334 88 50 nisi
1897 334 88 50 quando

1288 364 135 58 nateria
1386 364 73 58 et
1422 364 110 58 forma
1496 364 147 58 realiter
1606 364 196 58 distinguntur
1765 364 86 58 vel
1814 364 147 58 secundum
1911 364 86 58 inten

1277 410 122 61 tionem.
1365 410 144 61 Similiter
1476 410 133 61 dicerent
1576 410 89 61 quod
1631 410 133 61 spiritus
1731 410 122 61 sanctus
1819 410 77 61 est
1863 410 66 61 de
1885 410 100 61 esentia

1282 454 113 58 sicut
1358 454 76 58 de
1396 454 113 58 quasi
1471 454 151 58 materia.
1585 454 88 58 sic
1635 454 151 58 dicerent
1748 454 76 58 de
1786 454 113 58 aliis
1862 454 101 58 quod
1912 454 88 58 omnes

1279 499 218 64 propositiones
1458 499 205 64 intelligende
1625 499 102 64 sunt
1689 499 128 64 quando
1778 499 141 64 materia
1881 499 77 64 et
1906 499 90 64 forma

1279 546 236 55 distinguuntur
1473 546 194 55 intentione
1626 546 97 55 vel
1682 546 167 55 realiter
1807 546 69 55 ⁋
1834 546 125 55 Multa
1904 546 83 55 ali-

1279 587 179 59 argumenta
1417 587 138 59 contra
1514 587 179 59 praedicta
1652 587 124 59 minus
1735 587 152 59 valent.
1845 587 110 59 quia
1900 587 97 59 multa

1267 636 123 59 eorum
1349 636 178 59 accipiunt
1486 636 205 59 simpliciter
1650 636 123 59 falsa
1732 636 68 59 ⁋
1760 636 109 59 Ideo
1828 636 123 59 arguo
1897 636 109 59 contra

1282 674 198 66 praedictam
1437 674 184 66 opinionem
1578 674 85 66 et
1621 674 141 66 quero.
1720 674 99 66 aut
1776 674 169 66 essentia
1889 674 113 66 diuina

1281 719 129 57 dicetur
1375 719 129 57 proprie
1469 719 141 57 materia.
1575 719 70 57 au
1610 719 82 57 per
1657 719 199 57 similitudinem
1821 719 129 57 tantum.
1915 719 70 57 et
1938 719 59 57 non

1276 762 100 67 per
1333 762 243 67 proprietatem.
1533 762 100 67 Non
1591 762 129 67 primo
1677 762 129 67 modo.
1763 762 115 67 quia
1834 762 158 67 materia
1934 762 72 67 ita

1286 806 138 60 dicitur
1387 806 151 60 praecise
1500 806 75 60 de
1538 806 138 60 materia
1638 806 88 60 que
1689 806 101 60 vere
1752 806 88 60 est
1802 806 75 60 in
1840 806 151 60 potentia
1953 806 75 60 ad

1283 849 130 61 formam
1374 849 143 61 aliquam
1477 849 207 61 differentem.
1646 849 117 61 sicut
1724 849 117 61 forma
1802 849 143 61 dicitur
1892 849 117 61 precise

1280 895 87 57 de
1324 895 146 57 altera
1426 895 131 57 parte
1514 895 219 57 perficiente
1688 895 175 57 materiam
1805 895 204 57 differentem.

1281 940 154 64 Similiter
1400 940 83 64 non
1447 940 95 64 plus
1507 940 131 64 dicitur
1602 940 95 64 deus
1661 940 95 64 esse
1720 940 131 64 mareria
1815 940 95 64 quam
1874 940 119 64 asinus
1946 940 59 64 vel

1279 993 143 51 capra.
1379 993 185 51 Similiter
1521 993 114 51 tunc
1592 993 143 51 sancti
1692 993 171 51 errarent
1820 993 157 51 negando
1920 993 100 51 mate-

1287 1036 100 56 riam
1349 1036 75 56 in
1386 1036 100 56 deo.
1448 1036 100 56 quia
1511 1036 112 56 nihil
1585 1036 100 56 quod
1648 1036 137 56 dicitur
1747 1036 75 56 de
1784 1036 87 56 deo
1834 1036 87 56 per
1872 1036 149 56 proprieta-

1287 1070 114 60 tem
1352 1070 147 60 debet
1450 1070 163 60 aliquo
1564 1070 131 60 modo
1646 1070 163 60 negari
1760 1070 82 60 a
1793 1070 131 60 deo.
1858 1070 147 60 Similir

1289 1119 80 63 si
1329 1119 147 63 materia
1436 1119 147 63 proprie
1543 1119 174 63 diceretur
1677 1119 80 63 de
1717 1119 107 63 deo.
1784 1119 134 63 quaero
1877 1119 80 63 an
1904 1119 107 63 aliquo

1291 1173 110 48 modo
1360 1173 221 48 distinguatur
1540 1173 83 48 ab
1581 1173 166 48 essentia
1705 1173 138 48 saltem
1802 1173 152 48 ratione
1912 1173 97 48 vel
1954 1173 55 48 no

1292 1208 81 56 si
1332 1208 108 56 non.
1399 1208 108 56 tunc
1466 1208 121 56 sicut
1547 1208 161 56 essentia
1668 1208 121 56 esset
1749 1208 148 56 proprie
1857 1208 148 56 materia
1951 1208 67 56 fi-

1296 1251 98 64 lii.
1357 1251 85 64 ita
1406 1251 98 64 erit
1466 1251 134 64 proprie
1564 1251 134 64 materia
1662 1251 134 64 patris.
1759 1251 73 64 et
1796 1251 85 64 ita
1844 1251 134 64 haberet
1930 1251 85 64 pater

1293 1301 153 50 materiam.
1411 1301 71 50 Si
1446 1301 106 50 autem
1517 1301 189 50 distinguitur
1670 1301 141 50 secundum
1776 1301 141 50 rationem
1883 1301 71 50 ab
1906 1301 118 50 essentia

1300 1341 145 54 secundum
1409 1341 109 54 modum
1482 1341 109 54 eorum
1554 1341 158 54 loquendi.
1676 1341 73 54 et
1712 1341 109 54 nihil
1785 1341 73 54 in
1821 1341 133 54 divinis
1906 1341 109 54 proprie

1298 1382 194 59 distinguitur
1456 1382 146 59 secundum
1565 1382 146 59 rationem
1674 1382 73 59 ab
1710 1382 146 59 essentia
1820 1382 97 59 nisi
1880 1382 133 59 aliquod
1965 1382 61 59 ar-

1297 1437 174 54 tributum
1428 1437 203 54 absolutum.
1588 1437 102 54 vel
1646 1437 145 54 aliqua
1748 1437 189 54 perfectio
1879 1437 145 54 ydealis.

1315 1468 82 58 el
1356 1468 137 58 aliqua
1453 1468 165 58 relatio.
1576 1468 110 58 ergo
1645 1468 110 58 illa
1714 1468 151 58 materia
1824 1468 124 58 esset
1906 1468 151 58 aliquod

1295 1521 185 50 absolutum.
1440 1521 79 50 et
1480 1521 106 50 tunc
1546 1521 119 50 esset
1626 1521 146 50 commune
1732 1521 146 50 tribus.
1838 1521 106 50 immo
1891 1521 132 50 praedica

1298 1554 119 69 retur
1377 1554 79 69 de
1417 1554 145 69 tribus.
1523 1554 79 69 et
1562 1554 93 69 ita
1615 1554 106 69 vere
1681 1554 119 69 pater
1761 1554 119 69 esset
1840 1554 145 69 materia
1932 1554 93 69 filii

1297 1606 87 53 et
1340 1606 145 53 filius
1441 1606 130 53 esset
1528 1606 159 53 materia
1644 1606 159 53 patris.
1760 1606 101 53 Nec
1818 1606 145 53 potest
1905 1606 116 53 dicere

1299 1645 167 57 aliquod
1420 1645 243 57 respectiuum.
1617 1645 137 57 patet
1708 1645 228 57 discurrendo
1890 1645 106 57 per
1936 1645 91 57 omns

1303 1697 170 55 respectus.
1436 1697 85 55 sic
1485 1697 97 55 ergo
1545 1697 145 55 essentia
1654 1697 121 55 diuina
1739 1697 85 55 non
1788 1697 133 55 dicitur
1885 1697 133 55 proprie
1969 1697 61 55 ma-

1303 1731 119 61 teria.
1386 1731 95 61 quia
1445 1731 107 61 eadem
1516 1731 166 61 facilitate
1647 1731 154 61 diceretur
1765 1731 130 61 proprie
1860 1731 119 61 asinus
1943 1731 71 61 et
1967 1731 59 61 pro

1297 1777 104 66 prie
1362 1777 104 66 bos.
1427 1777 117 66 patet
1505 1777 104 66 quia
1570 1777 130 66 quando
1661 1777 143 66 aliquod
1765 1777 143 66 commune
1869 1777 169 66 diuiditur
1986 1777 52 66 in

1307 1822 91 56 sua
1359 1822 182 56 inferiora.
1502 1822 130 56 quorum
1593 1822 156 56 vtrumque
1709 1822 221 56 vniuersaliter
1891 1822 143 56 negatur
1982 1822 52 56 ab

1307 1863 104 63 illo
1372 1863 117 63 alio.
1451 1863 131 63 nullum
1542 1863 170 63 contentum
1672 1863 209 63 subquocumque
1842 1863 144 63 illorum
1934 1863 104 63 potest

1314 1911 99 54 vere
1376 1911 75 54 et
1413 1911 137 54 proprie
1512 1911 174 54 verificari
1649 1911 75 54 de
1686 1911 137 54 reliquo
1786 1911 161 54 contento.
1910 1911 87 54 sed
1947 1911 87 54 estis

1309 1952 128 67 primo
1394 1952 185 67 diuiditur
1537 1952 86 67 in
1580 1952 100 67 ens
1637 1952 157 67 creatum
1751 1952 86 67 et
1794 1952 86 67 in
1836 1952 100 67 ens
1879 1952 157 67 increatum

1310 1993 86 64 et
1353 1993 243 64 vniuersaliter
1553 1993 143 64 nullum
1653 1993 100 64 ens
1710 1993 157 64 creatum
1825 1993 100 64 est
1867 1993 172 64 increatum.

1307 2039 100 59 nec
1364 2039 199 59 econuerso.
1520 2039 114 59 ergo
1592 2039 142 59 nullum
1691 2039 185 59 contentum
1834 2039 100 59 sub
1891 2039 114 59 ente
1948 2039 85 59 crea

1306 2090 82 50 to
1347 2090 150 50 dicitur
1456 2090 150 50 proprie
1565 2090 82 50 de
1606 2090 109 50 ente
1674 2090 177 50 increato.
1809 2090 95 50 sed
1864 2090 95 50 ens
1905 2090 122 50 creatum

1316 2129 184 58 diuiditur
1457 2129 85 58 in
1500 2129 212 58 substantiam
1670 2129 85 58 et
1712 2129 184 58 accidens.
1854 2129 85 58 et
1896 2129 127 58 vltra
1967 2129 71 58 sub

1315 2171 156 61 stantia
1428 2171 85 61 in
1471 2171 170 61 materiam
1599 2171 85 61 et
1641 2171 142 61 formam
1741 2171 85 61 et
1784 2171 213 61 compositum.
1940 2171 85 61 erge

1314 2216 102 63 nec
1373 2216 160 63 materia
1489 2216 102 63 nec
1547 2216 131 63 forma
1634 2216 160 63 proprie
1750 2216 160 63 dicitur
1867 2216 87 63 de
1910 2216 116 63 ente
1968 2216 73 63 in-

1314 2263 155 61 creato
1422 2263 108 61 nec
1484 2263 139 61 etiam
1576 2263 232 61 compositum.
1762 2263 77 61 ⁋
1793 2263 93 61 Si
1839 2263 170 61 dicatur
1947 2263 93 61 quod

1322 2311 146 54 materia
1428 2311 146 54 dicitur
1534 2311 132 54 tantum
1626 2311 93 54 per
1679 2311 225 54 similitudinem
1865 2311 93 54 non
1918 2311 93 54 per
1958 2311 79 54 pro-

1312 2347 211 72 prietatem.
1478 2347 106 72 hoc
1538 2347 106 72 non
1599 2347 151 72 potest
1704 2347 121 72 esse
1780 2347 121 72 nisi
1855 2347 106 72 per
1900 2347 136 72 aliquas

1313 2396 241 60 conditiones
1506 2396 193 60 communes
1651 2396 113 60 deo
1715 2396 80 60 a
1747 2396 177 60 materie
1876 2396 97 60 et
1908 2396 129 60 aliis.

1314 2435 104 55 vel
1374 2435 164 55 propter
1493 2435 223 55 conditiones
1671 2435 179 55 proprias
1805 2435 119 55 deo.
1879 2435 89 55 et
1909 2435 134 55 materie

1322 2478 90 59 Non
1374 2478 142 59 propter
1477 2478 142 59 primum.
1580 2478 103 59 quia
1644 2478 103 59 tunc
1708 2478 90 59 ita
1760 2478 167 59 diceretur
1889 2478 103 59 quod
1940 2478 103 59 essen-

1320 2521 104 65 tia
1379 2521 148 65 diuina
1483 2521 133 65 esset
1572 2521 148 65 asinus
1675 2521 104 65 vel
1734 2521 148 65 lapis.
1838 2521 104 65 que
1897 2521 133 65 omnia
1971 2521 74 65 di-

1316 2568 158 62 cuntur
1427 2568 95 62 de
1474 2568 110 62 deo
1537 2568 110 62 per
1600 2568 284 62 similitudinem.
1837 2568 110 62 non
1900 2568 110 62 per
1947 2568 95 62 pro-

1314 2607 231 75 prietatem.
1496 2607 116 75 Nec
1562 2607 182 75 propter
1695 2607 215 75 secundum.
1860 2607 132 75 quia
1926 2607 116 75 sicut
