2227 3061
238 224 160 58 aliquem
355 224 233 58 proprietates
544 224 204 58 conueniunt
705 224 87 58 in
748 224 102 58 deo
807 224 87 58 et
836 224 131 58 materie

242 264 132 63 praecise
341 264 132 63 secundum
440 264 88 63 eos.
495 264 77 63 ita
539 264 110 63 aliqua
617 264 154 63 conueniunt
738 264 132 63 praecise
837 264 77 63 deo
881 264 66 63 et
903 264 66 63 for-

233 313 82 58 me.
280 313 70 58 et
315 313 82 58 ita
362 313 82 58 per
409 313 164 58 consequens
537 313 140 58 essentia
642 313 117 58 diuina
724 313 152 58 diceretur
841 313 105 58 forma
900 313 58 58 sic

233 356 192 58 materia.
377 356 192 58 Probatio
521 356 208 58 assumpti.
680 356 128 58 quia
760 356 112 58 vna
808 356 160 58 conditio

234 390 120 65 forme
313 390 80 65 in
353 390 199 65 generatione
513 390 146 65 vniuoca
619 390 93 65 est
672 390 106 65 quod
739 390 120 65 forma
819 390 93 65 est
859 390 106 65 eiusde

236 440 155 59 rationis
352 440 77 59 in
391 440 168 59 generante
520 440 77 59 et
558 440 168 59 generato.
687 440 116 59 licet
752 440 206 59 imperfectionis

233 480 93 68 sit
286 480 106 68 quod
352 480 173 68 numeretur
485 480 80 68 in
525 480 106 68 eis.
591 480 93 68 hec
644 480 120 68 autem
724 480 159 68 conditio
830 480 133 68 competit

239 524 132 69 diuine
331 524 171 69 essentie.
463 524 106 69 quia
529 524 92 69 est
582 524 145 69 eiusdem
687 524 158 69 rationis
793 524 158 69 innumerata

229 577 65 62 in
262 577 97 62 patre
326 577 65 62 et
359 577 108 62 filio.
434 577 65 62 Et
467 577 140 62 similiter
575 577 173 62 perfectionis
715 577 76 62 est
759 577 65 62 in
791 577 97 62 forma
856 577 86 62 quod
899 577 54 62 cum

229 608 97 65 alio
289 608 169 65 constituit
422 608 97 65 vnum
482 608 109 65 licet
555 608 84 65 sit
603 608 217 65 imperfectionis
784 608 97 65 quod
832 608 121 65 componit

234 653 100 68 ergo
297 653 113 68 illud
372 653 188 68 attribuitur
522 653 125 68 diuine
610 653 150 68 essentie
723 653 100 68 quod
773 653 175 68 perfectionis

227 708 95 58 est
282 708 176 58 remouendo
417 708 122 58 illud
498 708 108 58 quod
565 708 95 58 est
619 708 257 58 imperfectionis.
822 708 135 58 Preterea

212 752 124 62 nihil
295 752 221 62 perfectionis
475 752 166 62 competit
599 752 111 62 ipsi
668 752 166 62 materie.
793 752 111 62 quin
848 752 97 62 illud

216 785 107 71 idem
283 785 161 71 competit
403 785 134 71 forme.
497 785 120 71 patet
577 785 187 71 inductiue.
724 785 107 71 quia
791 785 107 71 illa
844 785 94 71 forma

215 831 96 61 est
270 831 151 61 eiusdem
380 831 165 61 rationis
503 831 82 61 in
544 831 178 61 generante
681 831 82 61 et
723 831 178 61 generato.
846 831 96 61 sicut

213 875 152 59 materia.
328 875 165 59 Similiter
455 875 89 59 ita
505 875 89 59 cum
556 875 102 59 alio
620 875 178 59 constituit
759 875 102 59 vnum
823 875 114 59 sicut
886 875 51 59 ma

212 920 129 69 teria.
302 920 168 69 Similiter
431 920 90 69 ita
483 920 129 69 potest
573 920 116 69 forma
650 920 103 69 esse
715 920 116 69 illud
792 920 77 69 de
831 920 90 69 quo
870 920 77 69 con-

211 963 163 69 stitutum
334 963 190 69 producitur
483 963 82 69 ne
524 963 95 69 sit
578 963 82 69 de
619 963 136 69 nihilo
714 963 122 69 sicut
782 963 136 69 materia.

181 1005 71 64 â‹
209 1005 171 64 Probatio
338 1005 157 64 istius.
452 1005 86 64 Si
495 1005 129 64 anima
581 1005 229 64 intellectiua
752 1005 186 64 praecederet

212 1058 170 60 materiam
339 1058 85 60 et
382 1058 113 60 deus
453 1058 156 60 crearet
566 1058 170 60 materiam
693 1058 99 60 sub
750 1058 127 60 anima
821 1058 113 60 intel-

204 1092 131 67 lectua
296 1092 118 67 illud
374 1092 118 67 totum
453 1092 92 67 non
505 1092 118 67 esset
584 1092 79 67 de
623 1092 144 67 nihilo.
728 1092 105 67 quia
794 1092 105 67 tunc
846 1092 92 67 crea-

206 1143 98 61 retur
271 1143 87 61 quod
326 1143 109 61 falsum
402 1143 87 61 est.
457 1143 76 61 cum
500 1143 120 61 aliquid
587 1143 109 61 ipsius
664 1143 207 61 praesupponatur.
838 1143 87 61 ergo
882 1143 54 61 est

201 1182 75 56 de
239 1182 113 56 forma
315 1182 75 56 ne
352 1182 88 56 sit
403 1182 75 56 de
440 1182 138 56 nihilo.
541 1182 164 56 Similiter
667 1182 201 56 perfectionis
830 1182 88 56 est
868 1182 63 56 fa-

201 1237 106 56 cere
267 1237 198 56 constitutum
426 1237 106 56 esse
492 1237 79 56 in
531 1237 119 56 actu.
611 1237 93 56 sed
664 1237 93 56 hoc
716 1237 132 56 verius
796 1237 132 56 competit

196 1279 114 62 forme
273 1279 102 62 quam
336 1279 153 62 materie.
451 1279 165 62 Similiter
578 1279 204 62 perfectionis
743 1279 89 62 est
794 1279 102 62 esse
845 1279 89 62 prin-

199 1320 135 65 cipium
293 1320 148 65 agendi.
401 1320 81 65 et
441 1320 94 65 hoc
495 1320 162 65 praecise
616 1320 94 65 vel
670 1320 162 65 conuenit
791 1320 121 65 forme
859 1320 67 65 vel

201 1364 122 66 verius
286 1364 98 66 quam
348 1364 147 66 materie.
458 1364 122 66 igitur
544 1364 122 66 verius
629 1364 135 66 poterit
727 1364 98 66 dici
788 1364 98 66 quod
837 1364 86 66 essen

194 1412 89 49 tia
245 1412 127 49 diuina
334 1412 89 49 sit
384 1412 114 49 forma
460 1412 114 49 filii
536 1412 101 49 quam
599 1412 152 49 materia.
713 1412 152 49 Preterea
815 1412 101 49 quando

186 1453 163 62 aliquid
304 1453 103 62 est
364 1453 163 62 materia
482 1453 89 62 in
526 1453 236 62 generatione.
718 1453 103 62 vel
777 1453 133 62 illud
851 1453 74 62 vel

185 1490 118 63 aliud
263 1490 144 63 eiusdem
368 1490 157 63 rationis
486 1490 92 63 est
538 1490 144 63 materia
642 1490 78 63 in
682 1490 196 63 producente.
839 1490 78 63 si
865 1490 52 63 ta

195 1538 89 63 lia
246 1538 89 63 duo
297 1538 101 63 sint
360 1538 76 63 in
398 1538 177 63 producente
537 1538 127 63 qualia
626 1538 101 63 sint
689 1538 76 63 in
727 1538 165 63 producto.
841 1538 76 63 ergo

193 1581 83 54 cum
240 1581 142 54 essentia
347 1581 83 54 sit
394 1581 71 54 in
430 1581 106 54 patre
500 1581 71 54 et
536 1581 165 54 paternitas
666 1581 71 54 et
701 1581 177 54 constituunt
831 1581 95 54 patrem

186 1621 108 61 sicut
258 1621 144 61 essentia
366 1621 72 61 et
401 1621 144 61 filiatio
509 1621 180 61 constituunt
653 1621 132 61 filium.
748 1621 144 61 sequitur
844 1621 72 61 quod

183 1677 178 52 essentia
317 1677 119 52 erit
391 1677 163 52 materia
510 1677 178 52 respecru
644 1677 238 52 paternitatis
822 1677 89 52 quod

180 1717 119 50 erit
255 1717 179 50 absurdum
389 1717 75 50 â‹
419 1717 119 50 Ideo
493 1717 119 50 dico
568 1717 90 50 ad
613 1717 224 50 quaestionem
792 1717 104 50 cum
836 1717 75 50 vno

190 1759 136 61 doctore
288 1759 86 61 qui
338 1759 160 61 subtilius
461 1759 111 61 istam
535 1759 197 61 conclusionem
695 1759 185 61 declarauit.
831 1759 74 61 quod

181 1803 138 59 filius
278 1803 96 59 est
333 1803 83 59 de
374 1803 193 59 substantia
525 1803 138 59 patris
622 1803 96 59 non
677 1803 124 59 sicut
760 1803 83 59 de
787 1803 124 59 materia

177 1850 96 53 nec
232 1850 123 53 quasi
314 1850 164 53 materia.
437 1850 96 53 sed
492 1850 123 53 sicut
574 1850 82 53 de
615 1850 137 53 aliquo
711 1850 109 53 quod
779 1850 96 53 est
820 1850 82 53 sibi

186 1894 244 49 consubstantiale.
393 1894 73 49 et
430 1894 85 49 ita
479 1894 85 49 est
528 1894 73 49 de
564 1894 122 49 patris
650 1894 183 49 substantia.
796 1894 85 49 hoc
833 1894 61 49 est

182 1940 66 53 de
215 1940 99 53 patre
281 1940 88 53 quae
336 1940 77 53 est
380 1940 99 53 filio
446 1940 231 53 consubstantialis.
645 1940 66 53 et
678 1940 77 53 ita
722 1940 77 53 non
766 1940 77 53 est
799 1940 88 53 filius

179 1968 78 78 de
218 1968 142 78 nihilo.
321 1968 90 78 non
373 1968 103 78 quia
438 1968 90 78 sit
489 1968 78 78 de
528 1968 129 78 aliqua
619 1968 142 78 materia
709 1968 194 78 praesupposita

172 2021 99 59 sed
228 2021 113 59 quia
299 2021 99 59 est
355 2021 85 59 de
398 2021 127 59 patre
482 2021 85 59 in
524 2021 99 59 quo
581 2021 99 59 est
637 2021 197 59 substantia
778 2021 113 59 filii.

179 2063 65 67 â‹
205 2063 118 67 Istam
283 2063 183 67 positionem
427 2063 78 67 et
466 2063 118 67 modum
545 2063 144 67 ponendi
649 2063 104 67 quae
714 2063 104 67 vult
766 2063 131 67 expresse

180 2117 148 53 videre.
287 2117 135 53 videat
381 2117 162 53 subtilem
503 2117 175 53 doctorem.
637 2117 121 53 cuius
718 2117 175 53 opinionem
839 2117 54 53 et

170 2157 116 61 modum
248 2157 142 61 ponendi
351 2157 116 61 teneo
428 2157 142 61 quantum
532 2157 77 61 ad
570 2157 207 61 conclusionem
725 2157 168 61 principalem

167 2198 151 61 quamuis
277 2198 82 61 in
318 2198 178 61 aliquibus
455 2198 206 61 lateralibus
620 2198 96 61 non
675 2198 137 61 credam
771 2198 96 61 eum
812 2198 82 61 dice

171 2248 80 61 re
211 2248 133 61 verum.
304 2248 107 61 quia
371 2248 107 61 sunt
437 2248 133 61 contra
531 2248 173 61 principia
664 2248 133 61 aliqua
758 2248 93 61 que
798 2248 93 61 prius

171 2290 106 52 dixi
237 2290 80 52 in
277 2290 172 52 aliquibus
409 2290 239 52 praecedentibus
608 2290 172 52 quonibus.
741 2290 66 52 â‹
768 2290 93 52 Sed
807 2290 80 52 tunc

164 2330 114 64 sunt
235 2330 100 64 hic
292 2330 157 64 aliquae
407 2330 229 64 dubitationes
593 2330 114 64 quas
664 2330 143 64 tangit
765 2330 114 64 idem
822 2330 57 64 do

160 2382 126 54 ctor.
244 2382 140 54 Prima.
342 2382 98 54 quo
397 2382 154 54 persona
509 2382 209 54 costituitur
677 2382 84 54 ex
718 2382 168 54 essentia
830 2382 56 54 et

167 2419 179 64 relatione.
308 2419 102 64 nisi
371 2419 153 64 essentia
486 2419 89 64 sit
537 2419 153 64 potentia
652 2419 153 64 respectu
754 2419 128 64 relatio.

171 2466 86 60 uis
220 2466 86 60 cum
269 2466 86 60 non
318 2466 122 60 possit
403 2466 98 60 esse
465 2466 110 60 actus
538 2466 184 60 relationis.
685 2466 98 60 quia
734 2466 147 60 quaecunque

170 2508 150 59 alterius
283 2508 150 59 rationis
396 2508 188 59 concurrrunt
546 2508 75 59 ad
584 2508 225 59 constitutionem
759 2508 125 59 alicuius

162 2544 89 68 sic
213 2544 76 68 se
251 2544 127 68 habent
340 2544 101 68 quod
403 2544 101 68 vnum
466 2544 89 68 est
517 2544 152 68 potentia
631 2544 76 68 et
669 2544 114 68 aliud
745 2544 127 68 actus.
821 2544 51 68 Se

169 2589 118 65 cundo
247 2589 92 65 quo
300 2589 144 65 relatio
404 2589 183 65 distinguit
548 2589 157 65 personam
666 2589 78 65 si
705 2589 92 65 non
757 2589 92 65 sit
796 2589 92 65 actus

1060 216 141 79 proprius
1166 216 117 79 ipsius
1248 216 141 79 essentie
1353 216 94 79 quae
1412 216 82 79 est
1459 216 152 79 communis.
1576 216 82 79 cum
1623 216 94 79 omne
1670 216 117 79 proprium

1063 273 129 63 dicat
1148 273 114 63 acum
1220 273 172 63 respectu
1349 273 186 63 communis.
1492 273 71 63 â‹
1520 273 143 63 Tertio
1620 273 100 63 quo
1663 273 143 63 essentia

1055 318 140 59 potest
1153 318 112 59 esse
1223 318 210 59 fundamentum
1391 318 196 59 relationis
1546 318 112 59 nisi
1616 318 98 59 sit
1658 318 112 59 poten-

1059 364 107 57 tia
1120 364 183 57 respectu
1257 364 168 57 illius.
1379 364 76 57 â‹
1410 364 153 57 Quarto
1517 364 107 57 quo
1578 364 183 57 essentia
1700 364 76 57 com

1061 404 170 60 municatur
1192 404 131 60 filio.
1283 404 78 60 si
1322 404 91 60 nec
1374 404 157 60 essentia
1492 404 91 60 sit
1544 404 118 60 actus
1609 404 157 60 relationis

1051 445 101 64 nec
1108 445 188 64 econuerso
1253 445 72 64 â‹
1282 445 87 64 Ad
1325 445 130 64 istas
1412 445 245 64 difficultates
1599 445 188 64 respondetur

1049 488 87 71 Quo
1098 488 75 71 ad
1136 488 125 71 primam
1223 488 137 71 dicitur
1323 488 100 71 quod
1385 488 162 71 quidditas
1510 488 125 71 creata
1597 488 87 71 est
1647 488 112 71 illud
1710 488 62 71 quo

1061 538 148 61 aliquid
1168 538 94 61 est
1222 538 94 61 ens
1276 538 229 61 quidditatiue.
1464 538 81 61 et
1504 538 94 61 hoc
1558 538 94 61 non
1612 538 94 61 est
1652 538 121 61 imperfe

1050 576 147 60 ctionis.
1160 576 135 60 Secundo
1258 576 184 60 contrahitur
1405 576 86 60 per
1454 576 196 60 differentian
1601 576 171 60 indiuidualem

1047 627 78 58 et
1086 627 156 58 actuatur
1203 627 130 58 aliquo
1294 627 104 58 modo
1359 627 91 58 per
1411 627 104 58 eam.
1476 627 130 58 Tertio
1567 627 104 58 ipsa
1632 627 130 58 natura
1710 627 65 58 est

1051 672 131 69 actus.
1142 672 118 69 licet
1221 672 209 69 proprietates
1391 672 209 69 indiuiduales
1561 672 105 69 sint
1626 672 118 69 magis
1692 672 78 69 pro-

1047 715 104 59 prie
1112 715 130 59 actus.
1203 715 91 59 sic
1254 715 181 59 accipiendo
1397 715 117 59 illud
1475 715 104 59 quod
1540 715 91 59 est
1579 715 194 59 perfectionis.

1043 759 202 62 relinquendo
1204 759 121 62 illud
1285 759 108 62 quod
1353 759 94 62 est
1407 759 243 62 imperfectionis
1609 759 94 62 est
1649 759 108 62 aliquo

1029 804 107 53 modo
1096 804 201 53 vniformiter
1256 804 80 53 in
1297 804 161 53 divinis.
1417 804 107 53 quia
1484 804 161 53 essentia
1605 804 94 53 est
1658 804 121 53 illud

1034 844 90 56 quo
1085 844 141 56 persona
1188 844 90 56 est
1239 844 115 56 deus.
1316 844 90 56 sed
1367 844 179 56 proprietas
1508 844 192 56 distinguens
1662 844 90 56 non
1700 844 64 56 est

1036 885 105 71 forma
1106 885 82 71 nec
1153 885 117 71 actus.
1235 885 70 71 et
1270 885 128 71 quantum
1363 885 70 71 ad
1398 885 128 71 tertium
1491 885 82 71 est
1538 885 128 71 simile.
1631 885 93 71 quod
1678 885 70 71 lice

1035 932 144 61 essentia
1143 932 84 61 sit
1191 932 120 61 actus.
1275 932 84 61 non
1323 932 108 61 tamen
1395 932 84 61 est
1444 932 144 61 proprius
1552 932 120 61 actus.
1636 932 60 61 â‹
1660 932 120 61 Quatum
1732 932 48 61 en

1028 980 69 51 ad
1062 980 138 51 secundam
1165 980 126 51 dicitur
1257 980 92 51 quod
1315 980 161 51 proprietas
1441 980 92 51 ista
1498 980 80 51 non
1544 980 161 51 distinguit
1659 980 92 51 quiddi

1028 1022 113 60 tatiue.
1110 1022 72 60 sed
1151 1022 103 60 tantum
1223 1022 174 60 personaliter.
1366 1022 72 60 non
1407 1022 92 60 tamen
1469 1022 72 60 est
1510 1022 103 60 actus.
1582 1022 82 60 quia
1633 1022 72 60 non
1664 1022 82 60 contra

1033 1067 86 63 hit
1082 1067 148 63 naturam.
1193 1067 62 63 â‹
1218 1067 123 63 Quatum
1304 1067 74 63 ad
1341 1067 136 63 tertiam
1439 1067 136 63 dicitur
1538 1067 99 63 quod
1599 1067 74 63 in
1624 1067 111 63 creatur

1030 1101 92 70 ordo
1087 1101 184 70 generationis
1236 1101 69 70 et
1271 1101 184 70 perfectionis
1420 1101 92 70 sunt
1478 1101 115 70 conii.
1558 1101 92 70 quia
1616 1101 103 70 illud
1673 1101 69 70 quod

1026 1155 94 62 est
1079 1155 188 62 principium
1227 1155 80 62 in
1267 1155 94 62 vno
1320 1155 94 62 est
1374 1155 147 62 vltimum
1481 1155 80 62 in
1521 1155 121 62 alio.
1602 1155 80 62 In
1628 1155 121 62 divinis

1023 1196 113 68 autem
1099 1196 113 68 simul
1174 1196 175 68 concurrunt
1311 1196 100 68 ordo
1374 1196 200 68 generationis
1537 1196 75 68 et
1562 1196 175 68 perfectionis

1023 1244 75 56 et
1061 1244 100 56 ideo
1124 1244 113 56 sicut
1199 1244 75 56 in
1237 1244 163 56 creaturis
1362 1244 75 56 si
1400 1244 213 56 concurrerent.
1576 1244 113 56 primo
1639 1244 100 56 querem

1015 1273 110 66 mus.
1084 1273 138 66 formam
1180 1273 110 66 quam
1249 1273 179 66 materiam.
1387 1273 96 66 ita
1442 1273 96 66 est
1497 1273 83 66 in
1538 1273 151 66 divinis
1634 1273 110 66 omnino

1020 1320 121 60 primo
1100 1320 161 60 occurrit
1221 1320 107 60 ipsa
1288 1320 174 60 essentia.
1422 1320 80 60 et
1462 1320 134 60 postea
1556 1320 161 60 occurrit
1663 1320 67 60 vt-

1007 1378 183 49 quidditas
1148 1378 211 49 communicata
1317 1378 197 49 supposito.
1472 1378 99 49 non
1528 1378 84 49 vt
1570 1378 155 49 materia
1669 1378 70 49 in-

1016 1414 171 68 formata.
1144 1414 86 68 Et
1187 1414 100 68 ita
1244 1414 157 68 relatio
1359 1414 186 68 pullulat.
1501 1414 100 68 non
1559 1414 86 68 vt
1601 1414 129 68 forma
1673 1414 57 68 in

1007 1460 155 56 formans
1120 1460 183 56 materiam.
1260 1460 99 56 sed
1317 1460 84 56 vt
1359 1460 113 56 nata
1429 1460 113 56 esse
1500 1460 113 56 deus
1570 1460 113 56 ipsa
1626 1460 99 56 deita

1002 1509 78 55 te
1041 1509 78 55 et
1080 1509 78 55 vt
1119 1509 169 55 existente
1249 1509 117 55 eadem
1327 1509 104 55 sibi
1392 1509 221 55 perfectissima
1561 1509 169 55 identitate.

1027 1550 86 59 Sed
1076 1550 98 59 isti
1137 1550 160 59 accipiunt
1260 1550 111 59 multa
1334 1550 86 59 non
1383 1550 111 59 vera.
1457 1550 98 59 Quod
1519 1550 98 59 enim
1580 1550 135 59 dicitur
1666 1550 74 59 quod

1017 1581 174 65 quidditas
1150 1581 133 65 creata
1244 1581 93 65 est
1297 1581 120 65 illud
1377 1581 93 65 quo
1430 1581 147 65 aliquid
1537 1581 93 65 est
1591 1581 93 65 ens
1631 1581 93 65 quid-

1015 1632 151 65 ditatiue.
1132 1632 70 65 et
1167 1632 140 65 actuatur
1272 1632 82 65 per
1318 1632 186 65 differentiam
1470 1632 198 65 indiuidualem.
1633 1632 82 65 hoc
1668 1632 58 65 non

1008 1682 82 58 est
1055 1682 106 58 verum
1126 1682 106 58 sicut
1196 1682 141 58 probatum
1302 1682 82 58 est
1349 1682 118 58 prius.
1431 1682 82 58 tum
1478 1682 94 58 quia
1537 1682 82 58 non
1584 1682 82 58 est
1631 1682 82 58 ibi
1666 1682 59 58 dif

995 1713 160 71 ferentia
1115 1713 120 71 talis
1195 1713 214 71 indiuidualis
1369 1713 147 71 addita.
1476 1713 94 71 tum
1529 1713 107 71 quia
1596 1713 80 71 si
1622 1713 94 71 esset

995 1769 100 60 non
1052 1769 128 60 esset
1137 1769 100 60 ibi
1194 1769 213 60 compositio.
1365 1769 85 60 ex
1407 1769 100 60 quo
1464 1769 128 60 solum
1535 1769 185 60 distinguere

1001 1806 96 67 tur
1056 1806 205 67 formaliter.
1220 1806 96 67 Tum
1275 1806 109 67 quia
1343 1806 82 67 si
1385 1806 123 67 esset
1467 1806 123 67 actus
1535 1806 178 67 quidditatis

991 1863 110 60 esset
1064 1863 172 60 perfectior
1199 1863 98 60 ipsa
1261 1863 135 60 natura.
1359 1863 74 60 et
1396 1863 123 60 natura
1482 1863 86 60 non
1531 1863 110 60 esset
1592 1863 123 60 perfecti

997 1902 68 61 or
1031 1902 90 61 ipsa
1087 1902 180 61 actualitate.
1233 1902 158 61 consequens
1357 1902 79 61 est
1402 1902 113 61 falsum
1481 1902 135 61 secundum
1583 1902 90 61 eum.
1628 1902 90 61 falsi-

995 1947 79 53 tas
1040 1947 181 53 consequentis
1187 1947 113 53 patet.
1266 1947 91 53 quia
1323 1947 102 53 dicit
1391 1947 91 53 sic.
1448 1947 113 53 natura
1527 1947 79 53 est
1572 1947 113 53 aliquo
1640 1947 68 53 modo

1000 1991 142 57 potentia
1107 1991 142 57 respectu
1214 1991 119 57 illius
1297 1991 142 57 scilicet
1403 1991 190 57 proprietatis
1546 1991 154 57 indiuiduali

982 2034 112 65 Unde
1052 2034 84 65 et
1094 2034 140 65 natura
1192 2034 168 65 conhitur
1318 2034 84 65 et
1360 2034 224 65 determinatur
1542 2034 98 65 per
1598 2034 126 65 ipsum
1668 2034 42 65 a

990 2073 79 70 et
1029 2073 119 70 tamen
1109 2073 172 70 humanitas
1241 2073 79 70 in
1281 2073 119 70 sorte
1360 2073 93 70 est
1413 2073 119 70 actus
1492 2073 159 70 aliquis.
1611 2073 79 70 et
1638 2073 66 70 pre

991 2119 90 67 cise
1047 2119 158 67 perfectior
1171 2119 102 67 actus
1239 2119 90 67 quam
1296 2119 79 67 sit
1341 2119 102 67 ipsum
1409 2119 68 67 a.
1443 2119 102 67 licet
1510 2119 56 67 a
1533 2119 79 67 sit
1578 2119 102 67 magis
1635 2119 56 67 pro

979 2172 108 61 prius
1051 2172 108 61 actus
1123 2172 120 61 nature
1207 2172 156 61 inquantum
1327 2172 168 61 determinat
1458 2172 120 61 ipsam.
1530 2172 168 61 consequentia

989 2216 113 60 patet.
1068 2216 90 60 quia
1124 2216 135 60 secundum
1226 2216 79 60 eum
1271 2216 68 60 in
1305 2216 169 60 creaturordo
1440 2216 181 60 generationis
1587 2216 68 60 et
1610 2216 90 60 perfe-

991 2245 104 71 ctionis
1066 2245 76 71 sunt
1114 2245 123 71 contrari.
1208 2245 76 71 quia
1255 2245 114 71 secundum
1341 2245 151 71 philosophum.
1464 2245 66 71 ix.
1501 2245 85 71 meth.
1558 2245 76 71 illa
1605 2245 76 71 quae
1643 2245 57 71 sunt

978 2294 127 66 priora
1067 2294 191 66 generatione
1220 2294 102 66 sunt
1284 2294 178 66 posteriora
1424 2294 204 66 perfectione.
1589 2294 89 66 sed
1628 2294 76 66 ipsa

983 2350 110 48 natura
1060 2350 144 48 contracta
1171 2350 77 48 est
1215 2350 99 48 prior
1281 2350 166 48 generatione
1414 2350 88 48 ipsa
1469 2350 166 48 differentia
1591 2350 99 48 indiuir

974 2387 98 55 duali
1040 2387 175 55 contrahente.
1182 2387 88 55 ergo
1237 2387 142 55 posterior
1346 2387 175 55 perfectione.
1488 2387 66 55 et
1521 2387 77 55 per
1554 2387 131 55 consequens

982 2427 166 69 ifferentia
1113 2427 190 69 indiuidualis
1267 2427 95 69 erit
1326 2427 178 69 perfectior.
1468 2427 59 69 â‹
1492 2427 71 69 Si
1528 2427 130 69 dicatur
1611 2427 71 69 quod

974 2476 138 51 propositio
1083 2476 138 51 philosophi
1192 2476 69 51 non
1231 2476 69 51 est
1271 2476 168 51 vniversaliter
1409 2476 89 51 vera.
1469 2476 69 51 sed
1508 2476 59 51 in
1538 2476 129 51 aliquibus
1637 2476 59 51 et
1656 2476 40 51 in

974 2522 143 54 aliquibus
1084 2522 88 54 non.
1139 2522 121 54 Contra.
1228 2522 66 54 si
1261 2522 77 54 non
1305 2522 77 54 sit
1349 2522 188 54 vniversaliter
1503 2522 99 54 vera.
1570 2522 88 54 ergo
1614 2522 77 54 nihil

977 2567 127 58 valet
1061 2567 84 58 ad
1104 2567 169 58 intentum
1230 2567 113 58 suum
1301 2567 197 58 probandum.
1456 2567 113 58 quia
1526 2567 84 58 ex
1554 2567 141 58 indiffi-

969 2601 121 71 nita
1044 2601 106 71 non
1105 2601 181 71 sequitur
1241 2601 151 71 aliqua
1347 2601 227 71 singularis.
1528 2601 76 71 â‹
1543 2601 151 71 Preterea
