2230 3057
228 199 173 69 simpliciter
367 199 127 69 falsum.
459 199 92 69 quia
517 199 92 69 tunc
575 199 115 69 filius
655 199 104 69 esset
725 199 69 69 ab
759 199 138 69 essentia
863 199 69 69 et
886 199 58 69 pro

230 255 163 49 duceretur
356 255 75 49 ab
393 255 163 49 essentia.
518 255 100 49 quod
581 255 88 49 est
631 255 188 49 simpliciter
781 255 138 49 falsum.
868 255 88 49 tamen

232 298 96 53 illa
292 298 156 53 praoritas
412 298 72 53 si
448 298 108 53 esset
520 298 84 53 ibi
568 298 108 53 nihil
641 298 132 53 faceret
737 298 72 53 ad
773 298 84 53 hoc
821 298 96 53 quod
869 298 84 53 esset

231 343 162 54 materia.
352 343 67 54 ⁋
379 343 81 54 Ad
419 343 162 54 secundum
541 343 148 54 concedo
649 343 162 54 maiorem.
770 343 94 54 sed
824 343 108 54 dico
878 343 81 54 quod

227 388 148 45 relatio
334 388 94 45 non
388 388 94 45 est
442 388 121 45 forma
523 388 175 45 essentie.
658 388 94 45 nec
712 388 121 45 quasi
793 388 135 45 forma.
874 388 67 45 nec

227 431 146 57 relatio
333 431 199 57 supportatur
492 431 146 57 proprie
598 431 93 57 per
651 431 212 57 fundamentum.
824 431 93 57 sed
863 431 80 57 magi

228 476 115 46 debet
305 476 103 46 dici
369 476 103 46 quod
433 476 90 46 est
485 476 103 46 idem
549 476 128 46 realit
638 476 90 46 cum
690 476 192 46 fundamento.
843 476 77 46 et
869 476 77 46 ista

218 519 175 58 identitas
352 519 134 58 realis
446 519 121 58 facit
527 519 121 58 omnia
607 519 121 58 talia
688 519 134 58 negari
782 519 67 58 a
809 519 148 58 relatio
903 519 40 58 e

223 564 71 58 et
259 564 83 58 est
306 564 130 58 esntia.
400 564 59 58 ⁋
424 564 71 58 Ad
460 564 130 58 tertium
554 564 95 58 dico
613 564 95 58 quod
672 564 142 58 generari
779 564 83 58 non
826 564 106 58 prius
885 564 59 58 est

218 608 139 47 origine
319 608 152 47 generato
433 608 114 47 esse.
509 608 101 47 quia
572 608 139 47 genitum
673 608 101 47 esse
736 608 88 47 non
787 608 88 47 est
837 608 114 47 aliud
900 608 38 47 a

219 652 156 51 generari.
339 652 84 51 nec
387 652 108 51 etiam
459 652 144 51 filiatio
567 652 204 51 quantuncumque
734 652 84 51 sit
770 652 180 51 constitutiuum

218 694 141 50 formale
321 694 116 50 filii
398 694 90 50 est
449 694 116 50 prior
526 694 141 50 origine
629 694 128 50 filio.
719 694 90 50 Nec
770 694 90 50 est
822 694 128 50 simile
899 694 51 50 de

218 734 120 56 forma
298 734 80 56 in
338 734 200 56 compositis.
498 734 80 56 et
538 734 80 56 de
578 734 187 56 filiatione
725 734 160 56 respectu
832 734 93 56 filii

224 781 89 60 qui
275 781 114 60 forma
351 781 89 60 est
402 781 114 60 prior
478 781 165 60 composito
605 781 177 60 prioritate
744 781 139 60 nature.
845 781 76 60 et
871 781 63 60 hoc

213 834 93 48 non
266 834 93 48 est
319 834 119 48 aliud
398 834 106 48 quam
464 834 132 48 formam
556 834 119 48 posse
636 834 106 48 esse
702 834 106 48 sine
768 834 185 48 composito.
900 834 53 48 et

213 869 91 51 non
265 869 182 51 econuerso.
408 869 169 51 Similiter
538 869 117 51 forma
615 869 91 51 est
667 869 117 51 prior
745 869 182 51 prioritate
875 869 78 51 sim-

207 918 183 51 plicitatis.
353 918 85 51 est
402 918 110 51 etiam
475 918 110 51 prior
548 918 170 51 prioritate
681 918 195 51 causalitatis
827 918 110 51 intrin-

218 958 115 59 sece.
295 958 115 59 Nulla
371 958 115 59 autem
447 958 115 59 talis
524 958 178 59 priortitas
664 958 127 59 potest
753 958 153 59 inueniri
868 958 76 59 in
893 958 51 59 fi

215 1005 174 45 liatione
345 1005 174 45 respectu
475 1005 130 45 filii
562 1005 159 45 propter
678 1005 217 45 identitatem
837 1005 116 45 realem

205 1043 213 56 filiationis
375 1043 100 56 cum
432 1043 142 56 filio.
532 1043 85 56 Et
574 1043 128 56 eodem
660 1043 114 56 modo
731 1043 100 56 non
788 1043 100 56 est
830 1043 114 56 conce-

213 1090 130 59 dendum
304 1090 104 59 quod
369 1090 156 59 filiatio
487 1090 209 59 praesupponit
656 1090 183 59 essentiam.
800 1090 91 59 vel
852 1090 91 59 est
891 1090 65 59 po-

216 1136 139 48 sterior
318 1136 164 48 essentia.
444 1136 89 48 nsi
495 1136 114 48 forte
571 1136 177 48 prioritate
710 1136 190 48 consequente
849 1136 101 48 aliquo

213 1178 108 54 modo.
285 1178 96 54 quia
345 1178 156 54 sequitur.
465 1178 60 54 a
489 1178 84 54 est
537 1178 156 54 filiatio.
657 1178 96 54 ergo
717 1178 60 54 a
741 1178 84 54 est
789 1178 156 54 essentia.
897 1178 48 54 et

212 1221 94 54 non
265 1221 188 54 econuerso.
413 1221 107 54 quia
480 1221 188 54 paternitas
628 1221 94 54 est
682 1221 175 54 essentia.
816 1221 81 54 et
843 1221 94 54 tamen

217 1265 77 52 non
261 1265 77 52 est
305 1265 143 52 filiatio.
415 1265 143 52 Similiter
525 1265 132 52 concesso
625 1265 88 52 quod
680 1265 132 52 generari
779 1265 99 52 esset
845 1265 66 52 in
867 1265 77 52 essen

200 1314 91 56 tia
252 1314 65 56 ⁋
278 1314 104 56 Dico
344 1314 104 56 quod
409 1314 91 56 nec
461 1314 91 56 est
513 1314 78 56 in
552 1314 157 56 essentia
670 1314 117 56 sicut
748 1314 78 56 in
774 1314 170 56 generabili.

205 1350 99 54 nec
261 1350 127 54 sicut
346 1350 85 54 in
388 1350 169 54 subiecto
515 1350 240 54 generationis.
712 1350 99 54 sed
769 1350 99 54 est
825 1350 99 54 ibi
868 1350 70 54 per

211 1404 212 52 identitatem
380 1404 141 52 realem
479 1404 99 52 cum
536 1404 226 52 noidentitate
719 1404 169 52 formali.
846 1404 71 52 ⁋
875 1404 85 52 Ad

205 1442 190 55 argumentum
355 1442 190 55 principale
504 1442 109 55 dico
572 1442 109 55 quod
640 1442 95 55 hoc
694 1442 95 55 est
748 1442 136 55 falsa.
843 1442 122 55 illud

216 1493 78 45 de
255 1493 91 45 quo
307 1493 143 45 aliquid
411 1493 169 45 generatur
541 1493 91 45 est
593 1493 169 45 subiectum
723 1493 221 45 generationis.
892 1493 52 45 Et

207 1527 72 48 si
243 1527 132 48 dicatur
339 1527 144 48 secundum
447 1527 168 48 ambrosium.
579 1527 72 48 de
616 1527 84 48 non
664 1527 120 48 potest
748 1527 120 48 dicere
832 1527 96 48 nisi
880 1527 60 48 cir

215 1570 210 58 cunstantiam
383 1570 126 58 cause
467 1570 210 58 efficientis
635 1570 98 58 vel
691 1570 210 58 materialis.
859 1570 98 58 sed

212 1618 73 56 non
253 1618 73 56 est
295 1618 62 56 de
326 1618 145 56 substantia
440 1618 104 56 patris
513 1618 93 56 sicut
575 1618 62 56 de
606 1618 93 56 causa
668 1618 156 56 efficiente.
793 1618 83 56 ergo
845 1618 93 56 sicut
896 1618 42 56 de

200 1659 118 50 causa
279 1659 184 50 materiali.
424 1659 105 50 Dico
489 1659 105 50 quod
555 1659 79 50 de
595 1659 132 50 potest
687 1659 132 50 dicere
766 1659 171 50 circumstan-

208 1711 102 45 tiam
272 1711 127 45 causae
361 1711 165 45 originis.
488 1711 89 45 non
538 1711 76 45 in
577 1711 89 45 suo
627 1711 140 45 proprio
729 1711 152 45 casuali.
843 1711 89 45 sed
881 1711 51 45 in

214 1748 99 55 alio
276 1748 99 55 quod
337 1748 136 55 regitur
437 1748 62 55 a
461 1748 87 55 suo
511 1748 149 55 casuali.
622 1748 74 55 et
660 1748 87 55 ita
709 1748 87 55 est
759 1748 74 55 in
783 1748 149 55 proposito.

215 1790 90 69 quod
271 1790 113 69 filius
350 1790 79 69 est
395 1790 68 69 de
429 1790 102 69 patre
497 1790 226 69 principalissime.
689 1790 90 69 quae
745 1790 79 69 est
790 1790 102 69 eadem
847 1790 90 69 essen-

202 1832 117 64 tia
269 1832 117 64 cum
336 1832 201 64 essentia
487 1832 167 64 filii.
604 1832 184 64 Questio
721 1832 151 64 tertia.

352 1876 302 97 gartio
563 1876 272 97 quero
714 1876 212 97 utrum

364 1942 162 65 essentia
486 1942 95 65 sit
540 1942 162 65 terminus
662 1942 162 65 formalis
770 1942 162 65 generatio-

304 1997 123 56 nis.
380 1997 123 56 Quod
457 1997 123 56 sic.
534 1997 184 56 terminus
671 1997 184 56 formalis
809 1997 107 56 non
855 1997 77 56 est

206 2046 147 61 persona
313 2046 94 61 cum
366 2046 147 61 persona
474 2046 94 61 sit
527 2046 94 61 res
581 2046 161 61 totalis.
701 2046 94 61 nec
755 2046 94 61 est
795 2046 134 61 relatio.

208 2090 76 48 qui
252 2090 87 48 tunc
306 2090 76 48 non
349 2090 98 48 esset
415 2090 152 48 generatio.
534 2090 163 48 relinquitur
664 2090 87 48 ergo
719 2090 87 48 quod
773 2090 76 48 sit
806 2090 119 48 essentia.

209 2131 70 61 ⁋
237 2131 84 61 Ad
279 2131 196 61 oppositum.
433 2131 168 61 terminus
559 2131 168 61 formalis
685 2131 224 61 generationis
853 2131 70 61 non

214 2173 205 64 psupponitur
378 2173 82 64 in
419 2173 191 64 generante.
570 2173 96 64 sed
624 2173 164 64 essentia
734 2173 191 64 prsupponitur

211 2221 67 50 in
244 2221 156 50 generante.
367 2221 89 50 ergo
422 2221 89 50 etc.
478 2221 56 50 ⁋
500 2221 67 50 Ad
534 2221 100 50 istam
600 2221 145 50 questione
712 2221 122 50 dicitur
801 2221 89 50 quod
845 2221 78 50 essen

209 2265 94 54 tia
262 2265 135 54 divina
357 2265 94 54 est
410 2265 162 54 terminus
532 2265 162 54 formalis
653 2265 215 54 generationis
828 2265 81 54 in
855 2265 67 54 di-

209 2312 121 44 uinis
289 2312 107 44 Ioh.
356 2312 121 44 iiii.
436 2312 107 44 quod
503 2312 121 44 pater
584 2312 134 44 inquit
678 2312 121 44 dedit
758 2312 121 44 mihi.
825 2312 94 44 maius

205 2355 166 47 omnibus
325 2355 121 47 est.
401 2355 151 47 IMaius
506 2355 136 47 autem
597 2355 166 47 omnibus
717 2355 105 47 non
777 2355 105 47 est
823 2355 105 47 nisi-

203 2404 154 46 aliquid
315 2404 195 46 infinitum.
468 2404 98 46 hoc
524 2404 98 46 non
580 2404 98 46 est
636 2404 112 46 nisi
706 2404 181 46 essentia.
831 2404 98 46 illam

203 2443 125 50 ergo
281 2443 156 50 dedit.
390 2443 109 50 hoc
452 2443 140 50 etiam
546 2443 125 50 vult
624 2443 233 50 Augustinus.
810 2443 125 50 pv.t
873 2443 62 50 de

208 2484 173 52 trinitate.
344 2484 74 52 c.
381 2484 99 52 xvi.
443 2484 111 52 sicut
517 2484 136 52 naturam
616 2484 149 52 praestat
728 2484 111 52 filio
802 2484 99 52 sine
852 2484 74 52 ini-

210 2526 91 53 tio
262 2526 182 53 generatio.
405 2526 91 53 ita
457 2526 117 53 etiam
535 2526 156 53 spiritui
653 2526 130 53 sancto
744 2526 143 53 prestat
835 2526 91 53 essen

213 2567 104 55 tiam
278 2567 104 55 sine
343 2567 130 55 initio
434 2567 156 55 spiritus
551 2567 130 55 sancti
643 2567 182 55 processio.
786 2567 104 55 Nunc
838 2567 91 55 autem

1038 193 88 79 non
1089 193 176 79 conceditur
1227 193 138 79 aliquam
1328 193 126 79 formam
1416 193 101 79 dari
1479 193 151 79 producto
1592 193 88 79 vel
1630 193 126 79 communi-

1037 255 110 51 cari
1106 255 96 51 vel
1161 255 179 51 praestari
1299 255 96 51 per
1354 255 220 51 generatione.
1533 255 110 51 nisi
1602 255 110 51 illa
1657 255 96 51 forma

1043 298 206 49 communicata
1208 298 96 49 sit
1263 298 165 49 formalis
1386 298 165 49 terminus
1510 298 124 49 talis
1579 298 178 49 productonis

1048 343 61 55 ⁋
1072 343 146 55 Probatur
1182 343 110 55 etiam
1255 343 110 55 illud
1328 343 183 55 antecedens.
1474 343 97 55 quia
1535 343 110 55 alias
1608 343 97 55 ista
1657 343 97 55 genera

1043 390 97 49 tio
1099 390 97 49 non
1154 390 125 49 esset
1237 390 167 49 vniuoca.
1362 390 111 49 quia
1432 390 125 49 ratio
1515 390 167 49 formalis
1626 390 125 49 termini

1043 432 109 55 eius
1111 432 95 55 non
1166 432 122 55 esset
1248 432 122 55 ratio
1329 432 218 55 conuenientie
1506 432 191 55 generantis
1656 432 95 55 cum
1697 432 54 55 ge

1039 473 108 56 nito.
1111 473 168 56 consequens
1242 473 84 56 est
1290 473 203 56 inconueniens.
1458 473 108 56 sicut
1530 473 144 56 tangetur
1637 473 96 56 dis.
1685 473 60 56 vii

1039 521 71 52 ⁋
1067 521 185 52 Similiter
1210 521 142 52 aliter
1309 521 100 52 non
1366 521 128 52 esset
1452 521 114 52 ista
1523 521 185 52 productio
1651 521 100 52 gene-

1034 563 139 56 ratio.
1132 563 98 56 sed
1187 563 125 56 magis
1271 563 125 56 esset
1355 563 153 56 mutatio
1466 563 84 56 ad
1508 563 209 56 relationem.
1661 563 84 56 quia

1042 607 178 50 productio
1179 607 151 50 ponitur
1289 607 82 50 in
1330 607 137 50 specie
1426 607 96 50 vel
1481 607 137 50 genere
1577 607 82 50 ex
1618 607 96 50 suo
1659 607 82 50 ter-

1028 649 96 51 mino
1088 649 144 51 formali.
1196 649 60 51 ⁋
1220 649 108 51 Sicut
1292 649 108 51 patet
1364 649 84 51 per
1412 649 192 51 philosophum.
1568 649 72 51 v.
1592 649 156 51 phisicorum.

1035 694 126 46 ergo
1114 694 95 46 si
1161 694 189 46 formalis
1303 694 189 46 termiuus
1445 694 142 46 huius
1524 694 221 46 productionis

1024 739 130 54 esset
1110 739 159 54 relatio
1226 739 116 54 ista
1299 739 159 54 dductio
1415 739 188 54 poneretur
1560 739 87 54 in
1603 739 145 54 genere
1690 739 58 54 re

1032 764 175 66 lationis.
1166 764 81 66 et
1207 764 94 66 non
1260 764 121 66 esset
1341 764 188 66 generatio.
1489 764 67 66 ⁋
1516 764 135 66 Contra
1610 764 121 66 istam
1678 764 67 66 opi

1037 824 138 47 nionem
1134 824 138 47 arguo.
1230 824 124 47 sicut
1313 824 83 47 de
1354 824 152 47 ratione
1465 824 152 47 termini
1575 824 152 47 totalis
1671 824 83 47 ali-

1025 870 129 53 cuius
1111 870 230 53 productionis
1297 870 101 53 est
1355 870 101 53 non
1412 870 144 53 habere
1513 870 115 53 esse
1585 870 144 53 totale
1671 870 86 53 nisi

1025 913 93 52 per
1078 913 226 52 productionem.
1264 913 93 52 ita
1318 913 80 52 de
1358 913 147 52 ratione
1464 913 147 52 termini
1571 913 160 52 formalis
1677 913 67 52 est

1028 958 89 52 non
1079 958 127 52 habere
1168 958 102 52 esse
1231 958 140 52 formale
1333 958 102 52 nisi
1397 958 89 52 per
1447 958 216 52 productionem.
1625 958 89 52 sed
1663 958 89 52 essen

1026 1000 104 52 tia
1085 1000 104 52 non
1145 1000 133 52 habet
1233 1000 118 52 esse
1307 1000 163 52 formale
1426 1000 104 52 per
1485 1000 251 52 generationem.
1677 1000 74 52 er-

1029 1050 93 45 go
1075 1050 108 45 non
1137 1050 108 45 est
1199 1050 185 45 terminus
1338 1050 185 45 formalis
1477 1050 263 45 generationis.
1678 1050 77 45 Ma-

1018 1086 97 47 ior
1074 1086 153 47 videtur
1185 1086 195 47 manifesta.
1338 1086 153 47 propter
1450 1086 97 47 hoc
1505 1086 111 47 enim
1575 1086 97 47 non
1617 1086 125 47 dicitur

1029 1132 167 55 materia
1150 1132 121 55 esse
1226 1132 106 55 nec
1287 1132 182 55 terminus
1423 1132 167 55 totalis
1545 1132 106 55 nec
1590 1132 152 55 formalis

1029 1177 162 53 alicuius
1150 1177 229 53 productionis.
1338 1177 108 53 quia
1405 1177 94 53 non
1459 1177 121 53 habet
1540 1177 108 53 esse
1607 1177 94 53 per
1648 1177 94 53 istam

1033 1219 241 50 productionem.
1231 1219 113 50 ergo
1302 1219 128 50 omnis
1387 1219 170 50 terminus
1515 1219 113 50 siue
1586 1219 156 50 totalis
1685 1219 57 50 si

1027 1264 91 51 ue
1072 1264 181 51 formalis
1208 1264 136 51 habet
1298 1264 121 51 esse
1374 1264 121 51 sibi
1449 1264 211 51 conueniens
1615 1264 106 51 per
1660 1264 91 51 pro-

1021 1306 200 54 ductionem.
1178 1306 129 54 Minor
1264 1306 100 54 est
1321 1306 186 54 manifesta
1464 1306 129 54 etiam
1550 1306 172 54 secundum
1664 1306 72 54 eos

1022 1339 89 69 qui
1073 1339 153 69 essentia
1188 1339 153 69 secundum
1303 1339 115 69 totum
1380 1339 102 69 esse
1444 1339 102 69 suum
1508 1339 89 69 est
1559 1339 77 69 in
1597 1339 128 69 patre.
1686 1339 64 69 ⁋
1699 1339 64 69 Pre

1027 1392 137 51 terea.
1123 1392 96 51 non
1178 1392 96 51 est
1232 1392 109 51 idem
1300 1392 191 51 elicitiuum
1451 1392 164 51 alicuius
1560 1392 191 51 productionis

1015 1434 82 56 et
1056 1434 163 56 terminus
1179 1434 163 56 formalis
1301 1434 163 56 eiusdem.
1424 1434 109 56 quia
1492 1434 109 56 idem
1560 1434 95 56 non
1614 1434 95 56 est
1655 1434 95 56 prius

1029 1480 77 46 et
1068 1480 167 46 posterius
1196 1480 128 46 seipo.
1286 1480 90 46 sed
1337 1480 154 46 secundum
1452 1480 115 46 istos
1529 1480 180 46 principium
1657 1480 103 46 elici-

1024 1522 123 54 tiuum
1106 1522 96 54 est
1161 1522 123 54 prius
1243 1522 164 54 origine.
1367 1522 164 54 terminus
1490 1522 123 54 autem
1572 1522 164 54 formalis
1682 1522 68 54 est

1028 1570 173 48 posterius
1161 1570 160 48 origine.
1281 1570 133 48 maxime
1374 1570 160 48 secundum
1493 1570 106 48 eos.
1560 1570 93 48 sed
1600 1570 133 48 essentia

1014 1609 146 52 secundum
1123 1609 109 52 istos
1196 1609 85 52 est
1244 1609 170 52 principium
1378 1609 170 52 elicitiuum
1511 1609 206 52 generationis.
1669 1609 73 52 ergo

1023 1655 103 58 non
1082 1655 103 58 est
1141 1655 177 58 terminus
1273 1655 177 58 formalis
1406 1655 177 58 eiusdem.
1538 1655 74 58 ⁋
1553 1655 191 58 Confirmatur

1024 1697 103 52 quia
1089 1697 155 52 secundum
1205 1697 116 52 istos
1283 1697 90 52 vna
1334 1697 142 52 persona
1438 1697 129 52 tantum
1528 1697 90 52 vno
1580 1697 103 52 modo
1632 1697 116 52 habendi

1021 1737 124 52 habet
1104 1737 193 52 essentiam.
1256 1737 83 52 si
1297 1737 110 52 ergo
1366 1737 138 52 filius
1463 1737 138 52 habeat
1560 1737 179 52 essentiam
1684 1737 55 52 vt

1027 1785 176 48 terminum
1159 1785 176 48 formalem
1291 1785 249 48 generationis.
1496 1785 103 48 non
1555 1785 132 48 habet
1642 1785 103 48 eam
1686 1785 59 48 vt

1028 1823 198 58 principium
1183 1823 212 58 elicitiuum.
1353 1823 127 58 cuius
1437 1823 184 58 oppositum
1579 1823 141 58 dicit.
1677 1823 71 58 ⁋
1692 1823 56 58 Si

1023 1874 147 52 dicatur
1129 1874 107 52 quod
1196 1874 133 52 filius
1289 1874 93 52 non
1342 1874 120 52 habet
1422 1874 173 52 essentiam
1556 1874 80 52 vt
1582 1874 160 52 principium

1017 1914 170 47 elicitiuum
1150 1914 85 47 sed
1199 1914 121 47 pater.
1284 1914 85 47 hoc
1332 1914 85 47 non
1381 1914 158 47 sufficit.
1502 1914 97 47 quia
1563 1914 121 47 saltem
1636 1914 97 47 filius

1018 1956 151 59 haberet
1128 1956 178 59 essentiam
1265 1956 82 59 vt
1306 1956 192 59 principium
1457 1956 192 59 elicitiuum
1594 1956 151 59 processio

1011 2003 94 48 nis
1064 2003 162 48 spiritus
1186 2003 148 48 sancti.
1293 2003 81 48 et
1334 2003 94 48 ita
1388 2003 135 48 duobus
1482 2003 121 48 modis
1563 2003 162 48 habendi.
1671 2003 67 48 hoc

1017 2045 174 51 argumentum
1154 2045 87 51 est
1203 2045 112 51 tamen
1278 2045 125 51 contra
1365 2045 149 51 hominem.
1477 2045 62 51 ⁋
1502 2045 162 51 Preterea.
1627 2045 75 51 si
1652 2045 87 51 essen

1015 2092 96 51 tia
1070 2092 96 51 sit
1125 2092 165 51 terminus
1249 2092 165 51 formalis
1372 2092 233 51 generationis.
1564 2092 96 51 aut
1619 2092 96 51 hoc
1660 2092 69 51 est

1021 2139 85 52 qui
1069 2139 181 52 simpliciter
1214 2139 109 52 habet
1287 2139 97 52 esse
1347 2139 85 52 per
1396 2139 205 52 productionem.
1565 2139 85 52 aut
1613 2139 97 52 quia
1661 2139 85 52 habet

1017 2178 106 53 esse
1083 2178 80 53 in
1123 2178 159 53 producto
1242 2178 93 53 per
1295 2178 225 53 productionem.
1481 2178 93 53 Non
1534 2178 146 53 propter
1627 2178 106 53 primum

1022 2221 81 58 qui
1069 2221 138 58 essentia
1172 2221 81 58 cum
1218 2221 81 58 sit
1264 2221 69 58 in
1299 2221 115 58 patre.
1379 2221 81 58 non
1425 2221 104 58 habet
1494 2221 92 58 esse
1552 2221 173 58 simpliciter
1678 2221 58 58 per

1024 2265 157 49 quamcumque
1147 2265 191 49 productionem.
1304 2265 78 49 Nec
1349 2265 123 49 propter
1438 2265 134 49 secundum
1539 2265 90 49 quia
1595 2265 67 49 si
1629 2265 101 49 anima
1685 2265 56 49 in-

1009 2303 198 57 tellectiua
1164 2303 127 57 esset
1249 2303 127 57 primo
1334 2303 156 57 creata.
1447 2303 85 57 et
1490 2303 141 57 postea
1574 2303 156 57 crearetur

1010 2351 133 57 materia
1106 2351 84 57 sub
1155 2351 108 57 anima
1227 2351 205 57 intellectiua.
1396 2351 84 57 non
1444 2351 157 57 diceretur
1564 2351 96 57 quod
1625 2351 108 57 anima
1685 2351 48 57 in

1009 2393 193 48 tellectiua
1161 2393 124 48 esset
1244 2393 166 48 terminus
1368 2393 166 48 formalis
1492 2393 138 48 illius
1575 2393 152 48 productio

1024 2436 98 48 nis.
1085 2436 73 48 et
1121 2436 110 48 tamen
1195 2436 134 48 caperet
1292 2436 98 48 esse
1353 2436 73 48 in
1390 2436 85 48 hoc
1439 2436 85 48 per
1488 2436 110 48 illam
1549 2436 183 48 productionem.

1002 2484 63 43 ⁋
1028 2484 138 43 Propter
1128 2484 100 43 ista
1190 2484 113 43 patet
1266 2484 100 43 quod
1328 2484 88 43 non
1379 2484 88 43 est
1429 2484 100 43 idem
1491 2484 188 43 communicari
1642 2484 75 43 et
1667 2484 75 43 esse

1016 2528 150 54 terminum
1129 2528 150 54 formalem
1242 2528 150 54 alicuius
1354 2528 213 54 productionis.
1530 2528 100 54 quia
1592 2528 100 54 illa
1642 2528 88 54 anima

1006 2564 200 64 intellectiua
1168 2564 112 64 esset
1243 2564 187 64 communicata
1392 2564 150 64 materie.
1505 2564 75 64 et
1542 2564 112 64 tamen
1617 2564 87 64 non
1655 2564 87 64 esset
