2237 3081
244 232 99 60 quia
305 232 148 60 exemplar
416 232 86 60 non
466 232 111 60 habet
540 232 148 60 rationem
650 232 173 60 principii.
786 232 99 60 nisi
835 232 136 60 concurrem

233 291 78 55 te
272 291 181 55 voluntate.
427 291 117 55 Minor
505 291 129 55 patet.
596 291 104 55 quia
660 291 129 55 filius
751 291 91 55 est
790 291 181 55 praecognitus

240 333 75 53 et
278 333 188 53 praeuolitus
429 333 88 53 sed
479 333 100 53 omne
542 333 100 53 tale
604 333 176 53 producitur
742 333 151 53 secundum
843 333 125 53 rationem

242 378 208 47 exemplaris.
408 378 180 47 Assumptum
547 378 138 47 patet.
644 378 111 47 quia
713 378 83 47 in
754 378 125 47 primo
837 378 125 47 signo
907 378 55 47 or

233 423 127 53 ginis
317 423 127 53 pater
402 423 197 53 intelligit
556 423 84 53 et
598 423 155 53 diligit
711 423 112 53 omne
781 423 112 53 quod
852 423 98 53 est
894 423 70 53 sum

235 467 86 62 me
278 467 214 62 diligendum.
449 467 114 62 ergo
520 467 157 62 filium.
634 467 71 62 ⁋
662 467 86 62 Ad
705 467 185 62 oppositum
848 467 114 62 quod
905 467 71 62 pro

239 512 157 55 ducitur
353 512 186 55 voluntate
496 512 200 55 producitur
653 512 228 55 contingenter
838 512 114 55 deus
896 512 71 55 non

235 562 161 50 producitur
361 562 195 50 contingenter.
522 562 92 50 ergo
579 562 92 50 etc.
636 562 57 50 ⁋
659 562 69 50 Ad
694 562 161 50 questionem
820 562 126 50 dicitur
901 562 57 50 quo

236 597 119 56 piter
315 597 198 56 naturaliter
473 597 132 56 genuit
565 597 132 56 filium
658 597 92 56 non
710 597 171 56 voluntate
842 597 66 56 ⁋
856 597 105 56 Primum

235 650 181 45 declaratur.
380 650 96 45 quia
440 650 121 45 divina
524 650 145 45 essentia
633 650 84 45 est
681 650 169 45 principium
813 650 121 45 omnium
886 650 84 45 actu-

229 693 74 45 um
266 693 173 45 diuinorum.
402 693 111 45 licet
476 693 148 45 essentia
587 693 87 45 sub
637 693 136 45 ratione
736 693 148 45 essentie
847 693 87 45 non
884 693 87 45 dicat

225 730 183 63 principium
369 730 118 63 actus
447 730 92 63 qui
500 730 92 63 est
552 730 157 63 operatio
670 730 92 63 sed
722 730 92 63 qui
775 730 92 63 est
827 730 118 63 esse.
906 730 92 63 sed

234 782 91 56 cum
286 782 78 56 in
325 782 157 56 essentia
443 782 91 56 sit
495 782 144 56 diuersa
600 782 196 56 considerare
756 782 183 56 attributa.
887 782 65 56 esg

235 819 99 48 sunt
297 819 74 48 in
334 819 99 48 ipsa
396 819 149 48 realiter
508 819 112 48 vnum.
582 819 137 48 ratione
681 819 112 48 tamen
756 819 174 48 distincta.
880 819 87 48 Actus

230 865 155 61 refertur
347 865 78 61 ad
385 865 168 61 essentiam
515 865 155 61 secundum
631 865 91 61 hoc
683 865 181 61 attributum
826 865 91 61 vel
864 865 104 61 illud.

222 911 142 57 secundum
329 911 95 57 quod
388 911 118 57 exigit
471 911 142 57 conditio
577 911 118 57 actus.
660 911 107 57 sicut
731 911 178 57 intelligere
873 911 83 57 est
909 911 47 57 ab

230 959 161 46 essentia
351 959 135 46 divina
445 959 175 46 inquantum
579 959 108 46 ipsa
647 959 94 46 est
700 959 202 46 intellectus
862 959 81 46 et
889 959 67 46 res

227 1001 139 55 volite
325 1001 98 55 que
380 1001 153 55 possunt
492 1001 112 55 esse
562 1001 98 55 vel
617 1001 98 55 non
673 1001 112 55 esse
743 1001 209 55 producuntur
896 1001 56 55 ab

228 1042 153 49 essentia
343 1042 165 49 inquantum
470 1042 102 49 ipsa
533 1042 89 49 est
584 1042 165 49 voluntas.
711 1042 76 49 Et
750 1042 102 49 quia
813 1042 76 49 de
839 1042 114 49 ratione

225 1090 209 51 generationis
395 1090 91 51 est
447 1090 78 51 vt
486 1090 183 51 producatur
630 1090 144 51 genitum
734 1090 78 51 in
760 1090 196 51 similitudinem

217 1140 218 48 generantis.
392 1140 87 48 et
436 1140 102 48 hoc
494 1140 218 48 productonis
669 1140 204 48 principium
814 1140 146 48 pertinet

221 1179 83 43 ad
263 1179 153 43 naturam
374 1179 125 43 cuius
457 1179 97 43 est
512 1179 83 43 ex
554 1179 180 43 similibus
693 1179 153 43 similia
790 1179 166 43 producere.

219 1217 94 48 ideo
278 1217 129 48 dicitur
372 1217 94 48 quod
430 1217 106 48 pater
501 1217 117 48 natura
583 1217 129 48 generat
677 1217 129 48 filium.
770 1217 141 48 Secundum
864 1217 94 48 decla-

223 1261 106 61 ratur
294 1261 94 61 quod
353 1261 129 61 aliquid
447 1261 94 61 esse
505 1261 82 61 vel
552 1261 106 61 fieri
623 1261 153 61 voluntate
740 1261 165 61 dupliciter
858 1261 94 61 potest

216 1311 221 55 intelligi.
390 1311 110 55 Uno
453 1311 126 55 modo
531 1311 95 55 vt
579 1311 205 55 ablatiuus
736 1311 189 55 designat
862 1311 95 55 con-

227 1358 206 49 comitantiam
392 1358 151 49 tantum.
502 1358 124 49 sicut
585 1358 96 49 ego
640 1358 138 49 possum
736 1358 138 49 dicere
832 1358 110 49 quod
887 1358 69 49 ego

212 1394 95 60 sum
266 1394 108 60 homo
333 1394 95 60 mea
387 1394 189 60 voluntate.
536 1394 108 60 quia
603 1394 162 60 scilicet
725 1394 108 60 volo
792 1394 81 60 me
833 1394 108 60 esse
887 1394 68 60 ho-

215 1442 131 47 minem.
307 1442 79 47 et
346 1442 92 47 hoc
398 1442 105 47 modo
464 1442 131 47 potest
555 1442 105 47 dici
621 1442 105 47 quod
686 1442 118 47 pater
765 1442 144 47 generat
856 1442 105 47 filium

216 1484 187 47 voluntate.
363 1484 120 47 sicut
443 1484 93 47 est
496 1484 107 47 deus
563 1484 187 47 voluntate.
710 1484 107 47 quia
776 1484 107 47 vult
843 1484 80 47 se
870 1484 80 47 esse

224 1529 117 42 deum.
302 1529 78 42 et
341 1529 104 42 vult
406 1529 78 42 se
445 1529 169 42 generare.
575 1529 104 42 Alio
640 1529 104 42 modo
705 1529 91 42 sic
757 1529 104 42 quod
809 1529 143 42 ablatiuus

222 1570 151 49 importat
336 1570 189 49 habitudinem
487 1570 164 49 principii
613 1570 151 49 secundum
727 1570 101 49 quod
790 1570 139 49 artifex
878 1570 63 49 opi

208 1618 122 41 ratur
290 1618 190 41 voluntate.
439 1618 109 41 quia
507 1618 163 41 voluntas
629 1618 95 41 est
684 1618 190 41 principium
819 1618 136 41 operatio

213 1661 106 45 nis.
279 1661 79 45 et
318 1661 158 45 secundum
437 1661 106 45 hunc
503 1661 119 45 modum
582 1661 145 45 dicimus
688 1661 106 45 quod
754 1661 106 45 deus
820 1661 119 45 pater
886 1661 66 45 non

219 1702 152 53 genuit
325 1702 152 53 filium
431 1702 212 53 voluntate.
598 1702 106 53 sed
659 1702 197 53 voluntate
795 1702 152 53 produxit

225 1744 185 53 creaturam.
370 1744 106 53 Unde
437 1744 79 53 in
476 1744 119 53 libro
556 1744 79 53 de
596 1744 146 53 svnodis
702 1744 159 53 dicitur.
821 1744 79 53 Si
847 1744 93 53 quaes

225 1789 175 55 voluntate
359 1789 94 55 dei
413 1789 148 55 tanquam
520 1789 107 55 vnum
587 1789 148 55 aliquid
695 1789 81 55 de
735 1789 175 55 creaturis
856 1789 94 55 fili-

209 1831 83 49 um
251 1831 139 49 factum
348 1831 139 49 dicat.
445 1831 166 49 anathema
570 1831 111 49 sit.
639 1831 125 49 Cuius
722 1831 125 49 ratio
805 1831 111 49 est.
861 1831 83 49 quia

215 1876 163 55 voluntas
337 1876 81 55 et
378 1876 135 55 natura
473 1876 163 55 secundum
595 1876 95 55 hoc
649 1876 176 55 differunt
784 1876 81 55 in
812 1876 135 55 causando

210 1923 104 45 qui
270 1923 148 45 natura
373 1923 223 45 determinata
551 1923 104 45 est
611 1923 89 45 ad
655 1923 134 45 vnum.
744 1923 104 45 sed
789 1923 148 45 voluntas

210 1966 101 58 non.
273 1966 113 58 Cuius
349 1966 88 58 est
399 1966 126 58 ratio.
488 1966 101 58 quia
551 1966 151 58 effectus
664 1966 189 58 assimilatur
815 1966 113 58 forme
878 1966 63 58 age

214 2005 87 52 tis
263 2005 87 52 per
313 2005 99 52 quam
374 2005 111 52 agit.
449 2005 173 52 manifestum
585 2005 111 52 autem
659 2005 87 52 est
708 2005 99 52 quod
770 2005 111 52 vnius
844 2005 87 52 rei
881 2005 62 52 non

215 2058 95 51 est
270 2058 108 51 nisi
337 2058 95 51 vna
392 2058 122 51 forma
473 2058 176 51 naturalis
608 2058 95 51 per
663 2058 108 51 quam
730 2058 95 51 res
784 2058 122 51 habet
852 2058 95 51 esse.

205 2095 114 61 Unde
276 2095 129 61 quale
362 2095 129 61 ipsum
448 2095 100 61 est
505 2095 114 61 tale
576 2095 143 61 facit.
676 2095 100 61 sed
734 2095 129 61 forma
819 2095 100 61 per
862 2095 86 61 quan

217 2145 147 51 voluntas
327 2145 98 51 agit
389 2145 86 51 non
438 2145 86 51 est
487 2145 86 51 vna
536 2145 135 51 tantum.
634 2145 86 51 sed
683 2145 98 51 sunt
745 2145 123 51 plures
818 2145 123 51 rationes

211 2181 227 56 intellecte.
392 2181 121 56 Unde
468 2181 121 56 quod
543 2181 196 56 voluntate
694 2181 151 56 agitur
800 2181 106 56 non
845 2181 91 56 tale

218 2232 98 42 est
274 2232 127 42 quale
359 2232 98 42 est
415 2232 141 42 agens.
513 2232 98 42 sed
569 2232 127 42 quale
654 2232 127 42 agens
738 2232 112 42 vult
808 2232 84 42 et
837 2232 98 42 inten

217 2271 81 48 dit
264 2271 104 48 illud
333 2271 104 48 esse.
402 2271 92 48 ergo
459 2271 138 48 voluntas
563 2271 81 48 est
609 2271 161 48 principium
736 2271 104 48 eorum
805 2271 81 48 que
839 2271 104 48 possunt

204 2318 81 45 sic
251 2318 81 45 vel
297 2318 116 45 aliter
378 2318 104 45 esse.
448 2318 104 45 eorum
518 2318 104 45 autem
587 2318 81 45 que
633 2318 81 45 non
680 2318 128 45 possunt
773 2318 93 45 nisi
831 2318 81 45 sic
865 2318 70 45 esse

204 2353 132 61 natura
296 2353 92 61 est
349 2353 198 61 principium.
507 2353 105 61 quod
573 2353 119 61 autem
652 2353 132 61 potest
744 2353 92 61 sic
797 2353 92 61 vel
837 2353 105 61 aliter

207 2404 111 60 esse
277 2404 125 60 longe
360 2404 97 60 est
416 2404 70 60 a
444 2404 139 60 natura
541 2404 153 60 diuina.
653 2404 97 60 sed
708 2404 97 60 hoc
764 2404 167 60 pertinet
875 2404 56 60 ad

212 2446 152 58 rationem
326 2446 165 58 creature.
453 2446 101 58 ideo
517 2446 152 58 dicendum
631 2446 101 58 quod
694 2446 114 58 pater
770 2446 127 58 genuit
847 2446 101 58 filium

207 2495 112 49 non
271 2495 208 49 voluntate
431 2495 112 49 sed
495 2495 176 49 natura.
623 2495 128 49 Unde
703 2495 192 49 hvlarius
831 2495 112 49 dicit

209 2534 104 52 li.
268 2534 89 52 de
313 2534 178 52 svnodis.
446 2534 163 52 omnibus
565 2534 193 52 creaturis
713 2534 222 52 substantiam
876 2534 59 52 vo

212 2579 144 60 luntas
312 2579 101 60 dei
370 2579 173 60 attulit.
499 2579 101 60 sed
557 2579 158 60 naturam
672 2579 129 60 filio
758 2579 144 60 dedit.
859 2579 86 60 ex
887 2579 58 60 im

212 2621 179 78 passibili
350 2621 124 78 autem
433 2621 96 78 non
488 2621 110 78 nata
556 2621 193 78 substantia
708 2621 165 78 perfecta
818 2621 124 78 natitas

1051 237 127 71 talia
1136 237 113 71 enim
1206 237 99 71 cum
1263 237 113 71 vita
1334 237 141 71 creata
1433 237 113 71 sunt
1503 237 141 71 qualia
1602 237 113 71 deus
1673 237 113 71 esse
1729 237 57 71 vo

1058 289 125 65 luit.
1141 289 138 65 filius
1238 289 125 65 autem
1321 289 125 65 natus
1404 289 83 65 ex
1446 289 97 65 deo
1501 289 125 65 talis
1584 289 180 65 subsistit
1709 289 69 65 qua

1058 336 99 56 lis
1115 336 99 56 est
1171 336 128 56 deus.
1256 336 71 56 ⁋
1285 336 113 56 Iste
1356 336 128 56 modus
1441 336 156 56 ponendi
1554 336 170 56 quicquid
1682 336 99 56 sit
1724 336 57 56 de

1056 389 231 55 conclusione
1240 389 169 55 cotinet
1363 389 138 55 multa
1456 389 138 55 falsa
1548 389 92 55 et
1594 389 185 55 absurda.
1717 389 77 55 Pri

1059 432 72 54 mo
1095 432 120 54 falsum
1179 432 84 54 est
1227 432 96 54 quod
1287 432 120 54 dicit.
1371 432 96 54 quod
1431 432 144 54 essentia
1538 432 84 54 sub
1586 432 132 54 ratione
1670 432 120 54 essentie

1052 472 89 53 non
1103 472 115 53 dicit
1180 472 179 53 principium
1320 472 115 53 actus
1397 472 89 53 qui
1448 472 89 53 est
1499 472 166 53 operatio.
1626 472 89 53 sed
1677 472 102 53 quai
1728 472 64 53 est

1055 509 118 65 esse.
1133 509 105 65 quia
1199 509 131 65 quando
1290 509 131 65 aliqua
1382 509 105 65 sunt
1447 509 105 65 vnum
1512 509 78 65 et
1552 509 92 65 ide
1604 509 144 65 omnibus
1695 509 92 65 modis

1056 555 71 56 ex
1092 555 107 56 parte
1163 555 95 56 rei.
1223 555 95 56 vnum
1282 555 83 56 non
1329 555 83 56 est
1377 555 166 56 principium
1508 555 155 56 alterius.
1627 555 83 56 sed
1674 555 107 56 essen
1734 555 59 56 est

1058 607 87 51 tia
1107 607 75 51 et
1145 607 99 51 esse
1207 607 149 51 secundum
1318 607 112 51 istum
1393 607 99 51 sunt
1455 607 99 51 vnum
1517 607 75 51 in
1554 607 87 51 deo
1604 607 137 51 omnibus
1691 607 87 51 modit

1052 644 83 62 ex
1094 644 139 62 natura
1191 644 111 62 rei.
1260 644 111 62 ergo
1330 644 167 62 essentia
1455 644 97 62 non
1510 644 97 62 est
1566 644 194 62 principium
1705 644 83 62 esse

1057 695 94 50 plus
1116 695 94 50 quam
1175 695 165 50 econuerso.
1305 695 59 50 ⁋
1328 695 71 50 Si
1364 695 130 50 dicatur
1458 695 94 50 quod
1517 695 153 50 differunt
1635 695 130 50 ratione
1717 695 71 50 Con-

1045 739 96 49 tra
1100 739 96 49 hoc
1155 739 150 49 argutum
1264 739 96 49 est
1319 739 137 49 prius.
1415 739 109 49 quia
1483 739 96 49 sic
1538 739 123 49 nulla
1620 739 96 49 res
1661 739 123 49 differt

1044 781 75 49 ab
1081 781 125 49 aliquo
1168 781 125 49 reali.
1256 781 100 49 ergo
1318 781 187 49 differentia
1468 781 137 49 ationis
1568 781 162 49 quecumque
1693 781 87 49 non
1731 781 62 49 fa-

1061 827 79 54 cit
1106 827 91 54 quod
1163 827 136 54 essentia
1265 827 91 54 quae
1321 827 79 54 est
1367 827 136 54 infinita
1469 827 68 54 in
1503 827 181 54 perfectione.
1650 827 79 54 sit
1684 827 91 54 princi

1046 868 90 53 pium
1102 868 90 53 esse
1158 868 90 53 quod
1214 868 79 53 est
1259 868 157 53 infinitum.
1383 868 56 53 ⁋
1405 868 146 53 Preterea.
1517 868 112 53 quando
1596 868 112 53 aliqua
1663 868 124 53 differunt

1043 916 102 47 sola
1107 916 140 47 ratione
1208 916 76 47 et
1247 916 114 47 nullo
1323 916 102 47 modo
1386 916 76 47 ex
1424 916 114 47 parte
1501 916 102 47 rei.
1564 916 89 47 nec
1615 916 165 47 quecumque
1729 916 51 47 di

1049 954 159 61 stinctio
1168 954 79 61 ex
1208 954 119 61 parte
1287 954 93 61 rei
1340 954 119 61 illis
1420 954 225 61 correspondet.
1605 954 93 61 non
1658 954 93 61 est
1698 954 79 61 plus

1056 998 106 66 vnum
1122 998 185 66 principium
1267 998 158 66 alterius
1386 998 106 66 quam
1452 998 172 66 ecouerso.
1584 998 106 66 quia
1650 998 106 66 ista
1703 998 79 66 prin

1048 1049 179 48 cipiatio
1182 1049 89 48 in
1227 1049 104 48 vno
1286 1049 179 48 respectu
1421 1049 179 48 alterius
1555 1049 89 48 ex
1599 1049 134 48 nullo
1689 1049 89 48 in
1718 1049 60 48 re

1041 1090 153 48 exurgere
1156 1090 140 48 potest.
1258 1090 89 48 nec
1308 1090 76 48 ex
1347 1090 153 48 seipsis.
1461 1090 178 48 manifestum
1601 1090 102 48 est.
1665 1090 102 48 ergo
1716 1090 76 48 etc.

1040 1132 124 60 nullo
1123 1132 138 60 igitur
1220 1132 111 60 modo
1289 1132 166 60 essentia
1414 1132 138 60 diuina
1510 1132 97 60 est
1566 1132 194 60 principium
1704 1132 83 60 esse

1041 1180 106 52 quod
1107 1180 93 52 est
1160 1180 159 52 realiter
1280 1180 106 52 ipse
1346 1180 106 52 deus
1413 1180 66 52 ⁋
1439 1180 146 52 Secundo
1545 1180 93 52 est
1599 1180 199 52 simpliciter
1745 1180 66 52 fal

1040 1216 94 62 sum
1093 1216 108 62 quod
1161 1216 135 62 dicit.
1255 1216 108 62 quod
1323 1216 81 62 in
1363 1216 162 62 essentia
1484 1216 108 62 sunt
1552 1216 148 62 diuersa
1646 1216 135 62 attribu-

1041 1267 72 57 ta
1077 1267 84 57 que
1125 1267 96 57 sunt
1185 1267 96 57 vnum
1245 1267 144 57 realiter
1353 1267 72 57 et
1389 1267 156 57 distincta
1508 1267 144 57 ratione.
1616 1267 96 57 quia
1664 1267 120 57 impossi-

1050 1304 99 61 bile
1111 1304 87 61 est
1161 1304 99 61 quod
1223 1304 124 61 aliqua
1309 1304 99 61 quae
1371 1304 99 61 sunt
1433 1304 99 61 vnum
1495 1304 148 61 realiter
1594 1304 185 61 distinguantur

1047 1348 132 58 ratione
1143 1348 108 58 sicut
1215 1348 144 58 ostensum
1323 1348 84 58 est
1371 1348 120 58 prius.
1454 1348 72 58 Et
1490 1348 72 58 si
1526 1348 192 58 proteruiatur
1682 1348 96 58 quod
1730 1348 48 58 ex

1053 1391 88 51 hoc
1104 1391 101 51 ipso
1167 1391 101 51 quod
1230 1391 177 51 conceditur
1369 1391 101 51 quod
1432 1391 126 51 aliqua
1521 1391 101 51 sunt
1584 1391 101 51 vnum
1647 1391 126 51 realit
1723 1391 63 51 se-

1047 1441 131 49 quatur.
1142 1441 95 49 quod
1201 1441 119 49 aliquo
1284 1441 95 49 modo
1344 1441 202 49 distinguntur.
1510 1441 71 49 et
1546 1441 83 49 non
1593 1441 154 49 realiter.
1700 1441 71 49 ergo

1045 1484 129 52 ratione.
1142 1484 139 52 Assumptum
1249 1484 107 52 patet.
1324 1484 86 52 quia
1377 1484 64 52 ex
1410 1484 75 52 hoc
1453 1484 86 52 ipso
1506 1484 86 52 quod
1560 1484 118 52 dicitur
1645 1484 107 52 aliqua
1710 1484 64 52 esse

1037 1532 100 55 vnum
1100 1532 150 55 realiter
1213 1532 175 55 conceditur
1351 1532 100 55 illa
1414 1532 100 55 esse
1476 1532 125 55 aliquo
1564 1532 100 55 modo
1627 1532 125 55 plura.
1702 1532 75 55 quia

1048 1569 122 52 aliter
1133 1569 86 52 non
1182 1569 122 52 posset
1268 1569 98 52 dici
1329 1569 98 52 quod
1390 1569 122 52 essent
1475 1569 134 52 aliqua.
1573 1569 73 52 et
1610 1569 86 52 non
1659 1569 98 52 sunt
1708 1569 73 52 plu-

1035 1617 70 61 ra
1070 1617 152 61 realiter.
1187 1617 94 61 ergo
1246 1617 94 61 sunt
1304 1617 105 61 plura
1375 1617 140 61 secundum
1480 1617 152 61 rationem.
1597 1617 94 61 ergo
1644 1617 140 61 distingum-

1043 1665 77 58 tur
1087 1665 132 58 secundum
1186 1665 143 58 rationem.
1296 1665 88 58 Ista
1351 1665 143 58 proteruia
1461 1665 99 58 nihil
1527 1665 110 58 valet.
1604 1665 88 58 quia
1659 1665 110 58 quando
1725 1665 44 58 di

1046 1710 100 53 citur
1113 1710 89 53 quod
1168 1710 111 53 aliqua
1246 1710 89 53 sunt
1301 1710 89 53 vnum
1357 1710 144 53 realiter.
1468 1710 78 53 non
1512 1710 100 53 debet
1579 1710 144 53 intelligi
1690 1710 89 53 quod
1735 1710 44 53 il

1041 1743 76 61 la
1079 1743 177 61 propositio
1218 1743 89 61 sit
1269 1743 101 61 vnus
1332 1743 114 61 actus
1408 1743 202 61 exercitatus.
1573 1743 101 61 quia
1636 1743 101 61 tunc
1686 1743 89 61 esset

1053 1795 185 45 propositio
1198 1795 198 45 simplicitur
1356 1795 132 45 falsa.
1448 1795 105 45 quia
1514 1795 119 45 nulla
1593 1795 105 45 sunt
1659 1795 105 45 vnum
1712 1795 66 45 rea

1035 1839 122 54 liter.
1120 1839 98 54 Ista
1182 1839 184 54 vniversalis
1328 1839 110 54 patet
1402 1839 171 54 inductiue.
1536 1839 196 54 quibuscumque
1683 1839 86 54 demon

1035 1878 136 51 stratis
1134 1878 99 51 quod
1196 1878 99 51 ista
1258 1878 87 51 non
1307 1878 99 51 sunt
1369 1878 99 51 vnum
1431 1878 161 51 realiter.
1555 1878 74 51 Et
1592 1878 74 51 si
1617 1878 149 51 proteruias

1045 1919 96 52 quod
1105 1919 143 52 demostro
1212 1919 120 52 sortem
1296 1919 72 52 et
1332 1919 120 52 sortem
1416 1919 120 52 album.
1499 1919 72 52 et
1535 1919 96 52 dico
1595 1919 96 52 quod
1655 1919 96 52 ista
1702 1919 72 52 sunt

1033 1967 109 54 vnum
1101 1967 177 54 realiter.
1238 1967 95 54 hoc
1292 1967 95 54 non
1347 1967 136 54 valet.
1442 1967 109 54 quia
1510 1967 204 54 demonstrado
1660 1967 109 54 sortem

1042 2017 64 48 et
1074 2017 106 48 sortem
1149 2017 106 48 album.
1223 2017 85 48 ista
1276 2017 74 48 est
1319 2017 85 48 fusa
1372 2017 128 48 secundum
1468 2017 85 48 quod
1521 2017 74 48 est
1564 2017 96 48 actus
1617 2017 149 48 exercitatus.

1031 2051 103 64 ista
1096 2051 103 64 sunt
1160 2051 116 64 vnum.
1238 2051 142 64 propter
1341 2051 129 64 falsum
1432 2051 194 64 implicitum:
1587 2051 103 64 quia
1652 2051 91 64 non
1690 2051 78 64 sunt

1036 2096 131 63 aliqua.
1131 2096 83 63 sed
1179 2096 95 63 vnum
1239 2096 72 63 et
1274 2096 131 63 aliquid
1370 2096 107 63 vnum.
1441 2096 72 63 Si
1477 2096 143 63 dicatur.
1584 2096 119 63 sortes
1668 2096 72 63 et
1692 2096 72 63 sor-

1038 2140 92 60 tes
1090 2140 118 60 albus
1169 2140 105 60 sunt
1235 2140 79 60 et
1274 2140 105 60 sunt
1339 2140 144 60 aliquid
1444 2140 92 60 per
1497 2140 92 60 te.
1549 2140 92 60 sed
1602 2140 79 60 de
1641 2140 105 60 nllo
1693 2140 66 60 vno

1035 2186 131 55 potest
1127 2186 131 55 verbum
1218 2186 157 55 pluralis
1336 2186 131 55 numeri
1428 2186 197 55 verificari.
1586 2186 105 55 ergo
1638 2186 118 55 oporter

1034 2236 112 50 quod
1104 2236 140 50 sortes
1202 2236 84 50 et
1243 2236 140 50 sortes
1341 2236 126 50 albus
1425 2236 112 50 sint
1495 2236 140 50 aliquo
1592 2236 112 50 modo
1648 2236 112 50 plura.

1042 2278 96 54 hoc
1097 2278 96 54 non
1152 2278 137 54 valet.
1248 2278 110 54 quia
1317 2278 82 54 ad
1358 2278 96 54 hoc
1413 2278 110 54 quod
1481 2278 137 54 verbum
1578 2278 165 54 pluralis
1687 2278 69 54 nu-

1035 2315 100 65 meri
1097 2315 124 65 maxime
1184 2315 124 65 quando
1271 2315 87 65 est
1321 2315 187 65 compulativa
1470 2315 75 65 et
1507 2315 137 65 aliquid
1607 2315 149 65 sequitur
1706 2315 50 65 ve

1028 2370 178 51 rificetur.
1168 2370 152 51 sufficit
1282 2370 101 51 quod
1345 2370 63 51 a
1371 2370 114 51 parte
1447 2370 152 51 subiecti
1561 2370 152 51 ponantur
1662 2370 89 51 plura

1029 2411 87 62 vel
1078 2411 124 62 saltem
1165 2411 149 62 sufficit
1276 2411 99 62 vnum
1338 2411 186 62 compulatum.
1487 2411 74 62 et
1524 2411 99 62 tunc
1586 2411 124 62 potest
1660 2411 99 62 propo-

1026 2452 108 58 sitio
1098 2452 96 58 esse
1158 2452 108 58 vera.
1230 2452 72 58 si
1266 2452 180 58 compulatiua
1411 2452 84 58 sit
1459 2452 108 58 vera.
1531 2452 72 58 et
1567 2452 96 58 ideo
1627 2452 108 58 ptest
1687 2452 72 58 con-

1021 2496 109 55 cedi
1090 2496 137 55 sortes
1185 2496 82 55 et
1226 2496 137 55 sortes
1322 2496 123 55 albus
1404 2496 109 55 sunt
1472 2496 164 55 aliquid.
1595 2496 109 55 quia
1650 2496 109 55 sortes

1035 2539 92 51 est
1087 2539 157 51 aliquid.
1205 2539 78 51 et
1244 2539 170 51 similiter
1375 2539 131 51 sortes
1466 2539 118 51 albus
1545 2539 92 51 est
1597 2539 157 51 aliquid.
1702 2539 52 51 et

1016 2581 95 58 ita
1071 2581 95 58 est
1125 2581 122 58 falsa
1206 2581 108 58 ista
1274 2581 216 58 demonstrando
1449 2581 135 58 sortem
1544 2581 81 58 et
1585 2581 122 58 sorte
1652 2581 95 58 album

1023 2635 99 52 sunt
1085 2635 112 52 plura
1159 2635 87 52 vel
1209 2635 99 52 sunt
1271 2635 136 52 aliqua.
1370 2635 149 52 secundum
1481 2635 99 52 quod
1543 2635 87 52 est
1593 2635 112 52 actus
1655 2635 99 52 exerci
