2229 3088
461 245 107 71 lis
522 245 91 71 et
567 245 213 71 completiua
735 245 137 71 ratio
827 245 198 71 generandi
979 245 107 71 sit
1040 245 122 71 illa
1101 245 76 71 qua

466 312 174 49 distinguit
602 312 162 49 similata.
727 312 112 49 ratio
801 312 112 49 autem
876 312 87 49 qua
926 312 162 49 assimilat
1050 312 87 49 est
1087 312 100 49 essen-

465 352 97 51 tia.
525 352 73 51 et
562 352 85 51 hoc
610 352 85 51 non
658 352 181 51 simpliciter
803 352 73 51 vt
840 352 157 51 essentia.
960 352 85 51 sed
1009 352 73 51 vt
1045 352 109 51 habet
1105 352 73 51 esse

452 402 82 49 in
493 402 177 49 supposito
629 402 177 49 singulari
765 402 82 49 vt
806 402 82 49 in
847 402 136 49 patreâ‹
942 402 82 49 Ro
983 402 122 49 autem
1065 402 109 49 quae
1119 402 68 49 di-

459 439 149 52 stinguit
570 439 87 52 est
620 439 136 52 paterna
719 439 173 52 proprietas
855 439 124 52 patris
942 439 211 52 constitutiua.
1103 439 74 52 illa

454 485 133 63 scilicet
554 485 78 63 que
598 485 133 63 secundum
698 485 133 63 rationem
798 485 178 63 intelligendi
942 485 100 63 primo
1009 485 78 63 est
1042 485 133 63 constituti

456 526 93 57 ua.
509 526 80 57 et
549 526 133 57 deinde
642 526 186 57 principium
788 526 173 57 eliciendi
920 526 120 57 actum
987 526 199 57 generationis.

459 576 79 49 et
498 576 171 49 sequitur.
630 576 92 49 sub
683 576 145 49 ratione
788 576 92 49 qua
841 576 92 49 est
893 576 184 49 principium
1025 576 158 49 elicitiuum

457 614 121 57 actus
537 614 188 57 generandi.
685 614 80 57 et
725 614 188 57 innominata
872 614 107 57 est.
940 614 80 57 et
966 614 215 57 circumloquitur

458 659 94 60 per
511 659 175 60 potentiam
646 659 215 60 generatiuam.
821 659 108 60 Item
888 659 108 60 post
955 659 121 60 dicit
1036 659 108 60 quod
1090 659 94 60 essen

454 708 83 55 tia
502 708 83 55 non
549 708 83 55 est
597 708 107 55 ratio
668 708 166 55 generandi.
798 708 95 55 nisi
858 708 71 55 vt
893 708 119 55 induit
976 708 142 55 rationem
1071 708 107 55 proprie

452 748 134 51 tatis.
545 748 107 51 Item
612 748 120 51 post.
692 748 80 51 et
732 748 107 51 quia
799 748 107 51 quod
866 748 200 51 attribuitur
1026 748 107 51 ipsi
1079 748 94 51 essen

446 792 94 53 tie
499 792 148 53 ratione
607 792 94 53 qua
660 792 201 53 induitrioem
822 792 228 53 proprietatis.
996 792 188 53 principalius

456 838 174 51 attribuitur
595 838 174 51 proprietati
734 838 69 51 vt
769 838 174 51 proprietas.
908 838 93 51 quam
966 838 93 51 ipsi
1024 838 139 51 essentie
1116 838 58 51 vi-

457 881 176 51 essentia.
593 881 149 51 Idcirco
701 881 162 51 absolute
823 881 162 51 dicendum
944 881 108 51 quod
1012 881 122 51 ratio
1079 881 95 51 gene-

456 924 124 64 randi
539 924 83 64 in
580 924 124 64 patre
663 924 138 64 potius
760 924 97 64 est
815 924 193 64 proprietas
967 924 110 64 quam
1022 924 152 64 essentia.

447 968 98 62 Item
508 968 98 62 post
569 968 110 62 dicit
643 968 98 62 quod
704 968 110 62 pater
778 968 208 62 principaliter
949 968 135 62 generat
1047 968 86 62 per
1084 968 98 62 pater-

441 1013 104 63 nam
500 1013 237 63 proprietatem
693 1013 104 63 qua
752 1013 207 63 distinguit
915 1013 74 63 a
944 1013 89 63 se
989 1013 178 63 genitum.
1107 1013 74 63 Ec-

454 1057 79 51 ce
493 1057 105 51 quam
559 1057 158 51 expresse
677 1057 118 51 dicit
756 1057 171 51 oppositum
888 1057 131 51 illius
980 1057 105 51 quod
1046 1057 92 51 est
1085 1057 92 51 primo

452 1104 163 54 recitatum.
580 1104 140 54 scilicet
685 1104 93 54 quod
743 1104 163 54 proprietas
872 1104 82 54 est
918 1104 175 54 principalis
1058 1104 105 54 ratio
1116 1104 70 54 gene

445 1147 133 51 randi.
538 1147 106 51 quia
604 1147 93 51 est
657 1147 186 51 principium
803 1147 186 51 elicitiuum
949 1147 119 51 actus
1028 1147 172 51 generandi

449 1189 102 56 Quod
513 1189 153 56 essentia
628 1189 89 56 non
678 1189 89 56 est
729 1189 115 56 ratio
806 1189 178 56 generandi.
946 1189 102 56 nisi
1009 1189 76 56 vt
1048 1189 127 56 induit
1124 1189 51 56 ra

453 1234 133 49 tionem
546 1234 225 49 proprietatis.
731 1234 106 49 Quod
797 1234 119 49 ratio
877 1234 172 49 generandi
996 1234 186 49 principalius

446 1282 192 53 attribuitur
599 1282 192 53 proprietati
753 1282 102 53 quam
817 1282 166 53 essentie.
944 1282 102 53 Quod
1008 1282 115 53 pater
1072 1282 115 53 princi-

443 1319 161 67 paliter
560 1319 146 67 genuit
663 1319 219 67 proprietate
838 1319 73 67 â‹
867 1319 146 67 Nullum
970 1319 161 67 istorum
1072 1319 117 67 potest

446 1369 180 54 competere
585 1369 152 54 rationi
695 1369 138 54 tantum
792 1369 249 54 determinatiue.
1000 1369 111 54 ergo
1055 1369 125 54 praeter

452 1411 178 51 essentiam
589 1411 96 51 que
644 1411 96 51 est
699 1411 178 51 elicitiua
836 1411 96 51 est
890 1411 137 51 ponere
986 1411 151 51 aliquid
1082 1411 96 51 aliud

456 1455 186 65 elicitiuum.
604 1455 62 65 â‹
629 1455 136 65 Secundo
728 1455 112 65 arguo
803 1455 161 65 conclusio
927 1455 112 65 dicta
1001 1455 74 65 ex
1039 1455 99 65 pone
1088 1455 87 65 predi

441 1500 114 63 cta.
512 1500 128 63 Primo
597 1500 114 63 quod
669 1500 128 63 dicit
754 1500 114 63 quod
825 1500 185 63 respectus
967 1500 100 63 nec
1024 1500 100 63 est
1067 1500 114 63 princi

454 1543 111 59 pium
523 1543 166 59 actionis
648 1543 97 59 nec
704 1543 180 59 terminus.
842 1543 97 59 hoc
898 1543 97 59 est
953 1543 139 59 falsum
1036 1543 139 59 secundum

456 1588 112 55 eum.
526 1588 98 55 tam
582 1588 84 55 in
623 1588 181 55 creaturis
763 1588 112 55 quam
832 1588 84 55 in
874 1588 112 55 deo.
944 1588 84 55 In
986 1588 153 55 creatur
1083 1588 98 55 patet

452 1633 106 56 quod
518 1633 119 56 habet
597 1633 172 56 concedere
730 1633 106 56 quod
796 1633 119 56 solus
875 1633 172 56 respectus
1008 1633 79 56 de
1047 1633 132 56 genere
1127 1633 66 56 vbi

460 1682 181 49 aecquiritur
605 1682 84 49 per
653 1682 109 49 motum
725 1682 145 49 localem.
834 1682 157 49 Similiter
955 1682 72 49 si
991 1682 97 49 deus
1051 1682 121 49 vniret
1124 1682 60 49 si-

444 1720 87 54 bi
488 1720 87 54 de
532 1720 116 54 nouo
604 1720 160 54 naturam
721 1720 116 54 meam
793 1720 102 54 vel
852 1720 116 54 tuam
924 1720 145 54 illius
1012 1720 174 54 incarnatio

457 1765 95 54 nis
512 1765 163 54 terminus
634 1765 122 54 esset
716 1765 122 54 solus
797 1765 190 54 respectus.
947 1765 109 54 quia
1015 1765 122 54 nihil
1083 1765 95 54 esset

451 1808 74 51 de
488 1808 99 51 nouo
550 1808 99 51 nisi
612 1808 173 51 respectus.
748 1808 161 51 Similiter
872 1808 111 51 habet
946 1808 99 51 ipse
1008 1808 87 51 hoc
1057 1808 124 51 negare
1131 1808 50 51 in

461 1853 102 48 deo.
525 1853 102 48 quia
589 1853 166 48 vbicumque
716 1853 76 48 ad
754 1853 204 48 generationem
920 1853 166 48 concurrit
1047 1853 115 48 quasi
1111 1853 76 48 mate

462 1899 92 48 ria
515 1899 132 48 ibidem
607 1899 171 48 concurrit
738 1899 145 48 aliquid
844 1899 105 48 quod
910 1899 92 48 est
962 1899 132 48 forma.
1054 1899 79 48 et
1094 1899 119 48 illud

458 1940 109 56 erit
526 1940 163 56 terminus
649 1940 177 56 formalis.
784 1940 81 56 si
825 1940 149 56 materia
934 1940 95 56 vel
988 1940 122 56 quasi
1056 1940 122 56 materia

460 1982 84 52 non
508 1982 84 52 sit
556 1982 144 52 terminus
663 1982 156 52 formalis.
783 1982 84 52 sed
831 1982 84 52 per
879 1982 72 52 te
915 1982 72 52 in
951 1982 179 52 generatione
1082 1982 96 52 divina

461 2024 94 53 est
514 2024 161 53 essentia
635 2024 120 53 quasi
715 2024 147 53 materia
822 2024 80 53 et
862 2024 147 53 relatio
969 2024 120 53 quasi
1049 2024 134 53 forma.
1129 2024 54 53 et

459 2074 149 54 essentia
570 2074 87 54 non
620 2074 87 54 est
669 2074 149 54 terminus
781 2074 161 54 formalis.
905 2074 99 54 ergo
966 2074 99 54 ipsa
1028 2074 136 54 relatio
1115 2074 62 54 est

460 2118 149 48 terminus
571 2118 161 48 formalis.
695 2118 99 48 ergo
758 2118 149 48 secundum
869 2118 87 48 eum
919 2118 161 48 respectus
1043 2118 124 48 potest
1118 2118 74 48 esse

470 2164 165 44 terminus
594 2164 165 44 alicuius
718 2164 179 44 actionis.
856 2164 69 44 â‹
884 2164 138 44 Tertio
980 2164 110 44 ondo
1049 2164 110 44 quod
1104 2164 83 44 nul-

455 2205 94 55 lus
508 2205 174 55 respectus
642 2205 94 55 est
695 2205 94 55 sic
749 2205 187 55 requisitus
896 2205 80 55 ad
936 2205 94 55 hoc
989 2205 107 55 quod
1056 2205 120 55 actus
1123 2205 67 55 di-

455 2257 115 43 uersi
532 2257 192 43 eliciantur.
685 2257 115 43 primo
762 2257 102 43 quia
826 2257 89 43 sol
877 2257 128 43 causat
966 2257 140 43 diuersa
1068 2257 102 43 sine
1119 2257 64 43 ta-

456 2294 75 54 li
493 2294 186 54 variatione.
642 2294 124 54 probo.
729 2294 99 54 quia
791 2294 75 54 si
829 2294 99 54 sint
891 2294 112 54 tales
965 2294 162 54 respectus
1090 2294 75 54 in
1114 2294 75 54 sole

450 2338 94 46 ad
497 2338 173 46 diuersa
623 2338 236 46 causabilia.
812 2338 110 46 aut
875 2338 126 46 sunt
954 2338 205 46 respectus
1096 2338 94 46 rea-

468 2384 90 48 les
519 2384 90 48 aut
571 2384 128 48 tantum
660 2384 167 48 rationis.
789 2384 77 48 Si
827 2384 128 48 reales
917 2384 90 48 aut
968 2384 128 48 manent
1058 2384 103 48 ante
1109 2384 77 48 pro-

460 2429 177 46 ductionem
596 2429 177 46 effectuum
732 2429 95 46 aut
787 2429 109 46 non.
855 2429 82 46 Si
895 2429 95 46 sic
950 2429 95 46 hoc
1004 2429 95 46 est
1045 2429 136 46 impossi-

461 2472 130 50 bile.
547 2472 116 50 quia
620 2472 159 50 termini
735 2472 159 50 illorum
851 2472 203 50 respectuum
1010 2472 101 50 non
1054 2472 130 50 possunt

464 2516 104 52 esse
529 2516 104 52 nisi
594 2516 104 52 illi
659 2516 156 52 effectus
776 2516 117 52 sint.
853 2516 91 52 sed
905 2516 156 52 respectu
1022 2516 91 52 non
1061 2516 117 52 existen

452 2558 98 56 tis
508 2558 139 56 nullus
605 2558 98 56 est
661 2558 181 56 respectus
801 2558 153 56 realis.
912 2558 112 56 ergo
982 2558 98 56 sol
1038 2558 98 56 non
1079 2558 98 56 habet

457 2602 180 49 diuersos
592 2602 195 49 respectus
742 2602 180 49 respectu
877 2602 210 49 diuersorum
1027 2602 150 49 effectum

461 2649 93 69 um
508 2649 265 69 producibilium
726 2649 109 69 qui
789 2649 156 69 nondum
898 2649 140 69 sunt.
991 2649 93 69 Si
1038 2649 109 69 non
1085 2649 93 69 sunt

1275 250 120 67 nisi
1350 250 105 67 dum
1410 250 120 67 sunt
1485 250 195 67 effectus.
1635 250 120 67 ergo
1709 250 180 67 effectus
1844 250 120 67 sunt
1904 250 90 67 prio

1264 312 98 48 res
1320 312 223 48 naturaliter.
1501 312 112 48 ergo
1571 312 112 48 isti
1641 312 181 48 respectus
1781 312 98 48 non
1836 312 112 48 sunt
1892 312 98 48 primi

1275 351 129 50 ipsis
1361 351 201 50 effectibus
1519 351 244 50 determinantes
1720 351 129 50 agens
1806 351 86 50 ad
1849 351 129 50 istos
1921 351 72 50 est

1262 398 138 54 fectus.
1363 398 100 54 quia
1426 398 113 54 prius
1501 398 188 54 naturaliter
1651 398 88 54 est
1701 398 113 54 illud
1777 398 100 54 quod
1839 398 125 54 potest
1915 398 75 54 esse

1276 448 97 48 alio
1336 448 85 48 non
1385 448 157 48 existente
1506 448 73 48 et
1542 448 85 48 non
1591 448 169 48 econuerso.
1724 448 85 48 sed
1772 448 97 48 isti
1833 448 145 48 effectus
1929 448 61 48 cum

1269 484 162 58 possunt
1387 484 147 58 manere
1490 484 118 58 sine
1563 484 118 58 isto
1637 484 147 58 agente
1740 484 177 58 secundo.
1858 484 132 58 possunt

1266 539 148 44 manere
1370 539 118 44 sine
1444 539 133 44 illis
1532 539 222 44 respectibus
1710 539 148 44 illius
1814 539 178 44 agentis.
1932 539 59 44 et

1267 574 116 54 ipsi
1339 574 188 54 respectus
1483 574 101 54 non
1541 574 159 54 possunt
1656 574 144 54 manere
1758 574 116 54 sine
1830 574 130 54 illis
1902 574 101 54 effe-

1271 614 157 57 ctibus.
1385 614 114 57 ergo
1456 614 114 57 isti
1527 614 185 57 respectus
1669 614 114 57 sunt
1741 614 214 57 posteriores
1897 614 100 57 natu-

1274 660 152 51 raliter.
1388 660 101 51 ergo
1452 660 89 51 non
1502 660 177 51 determinat
1641 660 114 51 agens
1717 660 76 51 ad
1755 660 114 51 istos
1831 660 165 51 effectus.
1945 660 51 51 Si

1273 710 124 50 autem
1356 710 179 50 respectus
1494 710 110 50 sint
1563 710 124 50 entia
1645 710 179 50 rationis.
1783 710 83 50 et
1825 710 83 50 ad
1852 710 138 50 actionem

1273 755 166 50 agentis
1394 755 196 50 naturalis
1544 755 121 50 quod
1620 755 121 50 agit
1695 755 121 50 sine
1771 755 211 50 cognitione
1922 755 75 50 ni-

1262 797 92 49 hil
1314 797 118 49 facit
1393 797 92 49 ens
1445 797 170 49 rationis.
1576 797 105 49 ergo
1641 797 105 49 isti
1706 797 170 49 respectus
1837 797 78 49 in
1876 797 118 49 nullo
1942 797 52 49 de

1268 838 171 57 terminant
1399 838 118 57 solem
1478 838 79 57 ad
1518 838 158 57 effectus
1636 838 118 57 suos.
1715 838 79 57 si
1755 838 105 57 ergo
1821 838 92 57 sol
1873 838 105 57 sine
1926 838 79 57 tali

1265 885 92 46 bus
1318 885 198 46 respectibus
1476 885 132 46 potest
1568 885 79 46 in
1608 885 132 46 plures
1701 885 198 46 operationes
1846 885 145 46 multofor-

1254 928 117 58 tius
1327 928 88 58 et
1371 928 117 58 deus
1444 928 73 58 â‹
1474 928 175 58 Preterea
1605 928 132 58 quero
1693 928 88 58 de
1737 928 132 58 istis
1810 928 190 58 respectibus

1274 974 92 51 aut
1326 974 105 51 sunt
1392 974 183 51 formaliter
1536 974 79 51 et
1575 974 183 51 subiectiue
1719 974 79 51 in
1758 974 92 51 deo
1811 974 92 51 aut
1863 974 131 51 tantum
1942 974 52 51 ob

1267 1015 181 54 iectine.
1403 1015 91 54 si
1448 1015 136 54 primo
1538 1015 136 54 modo.
1629 1015 121 54 ergo
1704 1015 151 54 essent
1810 1015 151 54 plures
1900 1015 106 54 respe

1272 1066 101 47 ctus
1335 1066 126 47 reales
1423 1066 101 47 quam
1486 1066 88 47 ibi
1537 1066 151 47 ponuntur
1650 1066 189 47 communiter.
1801 1066 101 47 puta
1852 1066 138 47 respectus

1275 1105 161 52 essentie
1395 1105 80 52 ad
1436 1105 201 52 intelligere
1597 1105 80 52 et
1637 1105 134 52 velle.
1731 1105 80 52 et
1771 1105 94 52 sic
1825 1105 80 52 de
1865 1105 134 52 aliis.
1945 1105 54 52 Si

1268 1149 105 49 sint
1334 1149 92 49 ibi
1386 1149 132 49 tantum
1479 1149 185 49 obiectiue.
1624 1149 105 49 ergo
1690 1149 119 49 nihil
1769 1149 145 49 faciunt
1874 1149 79 49 ad
1901 1149 92 49 actum

1267 1192 148 57 realem
1371 1192 74 57 â‹
1400 1192 177 57 Preterea
1533 1192 89 57 si
1577 1192 207 57 principium
1740 1192 207 57 elicitiuum
1888 1192 103 57 opera

1272 1236 148 55 tionis
1376 1236 162 55 realis.
1494 1236 103 55 ita
1553 1236 207 55 principium
1715 1236 266 55 determinatiuum
1937 1236 89 55 ad

1264 1286 131 46 actum
1352 1286 145 46 realem
1453 1286 102 46 est
1512 1286 160 46 aliquid
1628 1286 145 46 reale.
1730 1286 102 46 sed
1788 1286 116 46 isti
1846 1286 160 46 respectus

1273 1325 83 45 ad
1315 1325 206 45 intelligere
1480 1325 83 45 et
1521 1325 124 45 velle
1603 1325 83 45 et
1645 1325 83 45 ad
1686 1325 179 45 creaturam
1823 1325 96 45 non
1878 1325 110 45 sunt
1933 1325 69 45 rea

1271 1367 112 55 les.
1341 1367 112 55 ergo
1411 1367 98 55 non
1467 1367 210 55 determinant
1635 1367 84 55 ad
1677 1367 126 55 actus
1761 1367 154 55 reales.
1873 1367 84 55 Ex
1901 1367 98 55 istis

1265 1413 119 52 patet
1344 1413 106 52 quod
1410 1413 132 52 falsum
1503 1413 93 52 est
1556 1413 106 52 quod
1622 1413 159 52 essentia
1741 1413 93 52 per
1794 1413 119 52 istos
1860 1413 146 52 respectus

1262 1462 162 48 respicit
1383 1462 162 48 actiones
1504 1462 175 48 diuersas.
1639 1462 94 48 nec
1693 1462 94 48 per
1747 1462 94 48 eos
1801 1462 121 48 habet
1868 1462 135 48 inclina-

1277 1501 144 48 tionem
1377 1501 86 48 ad
1420 1501 101 48 eas
1478 1501 216 48 eliciendas.
1651 1501 115 48 quia
1722 1501 144 48 nullum
1823 1501 101 48 ens
1881 1501 129 48 reale
1952 1501 58 48 re

1268 1543 132 60 spicit
1360 1543 118 60 aliud
1439 1543 145 60 tanquam
1544 1543 184 60 principium
1689 1543 105 60 eius
1755 1543 118 60 reale
1834 1543 92 60 per
1887 1543 145 60 aliquid

1274 1580 179 63 rationis.
1412 1580 96 63 nec
1467 1580 193 63 multomagis
1618 1580 193 63 inclinatur
1769 1580 96 63 per
1824 1580 96 63 ens
1866 1580 138 63 rationis

1268 1641 145 53 quamuis
1373 1641 171 53 praedicte
1505 1641 198 53 conditiones
1663 1641 145 53 possint
1769 1641 171 53 competere
1887 1641 119 53 notitie

1273 1681 108 51 etis
1341 1681 163 51 rationis
1463 1681 190 51 aliquando.
1612 1681 68 51 â‹
1639 1681 163 51 Preterea
1761 1681 108 51 quod
1829 1681 122 51 dicit
1910 1681 81 51 de
1937 1681 68 51 ma-

1275 1722 114 56 teria
1351 1722 102 56 quod
1415 1722 140 56 materia
1517 1722 114 56 habet
1593 1722 114 56 tales
1669 1722 165 56 respectus
1796 1722 89 56 est
1834 1722 165 56 simplicitur

1270 1764 156 56 falsum.
1383 1764 114 56 quia
1454 1764 156 56 materia
1568 1764 99 56 non
1625 1764 128 56 habet
1710 1764 128 56 tales
1795 1764 185 56 respectus
1923 1764 71 56 rea

1267 1813 96 56 les
1322 1813 123 56 sicut
1404 1813 96 56 nec
1459 1813 151 56 actiuum
1569 1813 178 56 naturale.
1705 1813 110 56 quia
1774 1813 151 56 termini
1883 1813 96 56 qui
1925 1813 68 56 po-

1272 1856 167 46 nerentur
1397 1856 195 46 respectuum
1551 1856 111 46 sunt
1620 1856 209 46 simpliciter
1787 1856 97 46 non
1829 1856 167 46 existentes

1282 1899 98 56 Nec
1338 1899 182 56 respectus
1478 1899 168 56 rationis
1604 1899 154 56 faciunt
1717 1899 154 56 aliquid
1829 1899 84 56 ad
1871 1899 98 56 hoc
1913 1899 84 56 quod

1274 1943 175 50 materia
1401 1943 190 50 recipiat
1544 1943 111 50 vel
1607 1943 111 50 non
1671 1943 206 50 recipiat.
1830 1943 79 50 â‹
1861 1943 190 50 Preterea

1267 1986 112 58 quod
1337 1986 126 58 dicit
1421 1986 112 58 quod
1491 1986 168 58 essentia
1617 1986 140 58 diuina
1716 1986 140 58 elicit
1814 1986 126 58 actum
1884 1986 112 58 intel-

1268 2035 129 59 gendi
1354 2035 114 59 etc.
1425 2035 100 59 hic
1482 2035 172 59 dicuntur
1611 2035 114 59 tria
1682 2035 143 59 falsa.
1783 2035 143 59 Primum
1883 2035 114 59 quod
1940 2035 57 59 in

1276 2078 185 50 telligere
1418 2078 157 50 diuinum
1532 2078 171 50 elicitur
1660 2078 85 50 ab
1703 2078 185 50 essentia.
1845 2078 114 50 quia
1902 2078 100 50 illud

1274 2119 128 54 quod
1354 2119 112 54 est
1418 2119 128 54 idem
1497 2119 176 54 omnibus
1625 2119 144 54 modis
1721 2119 96 54 ex
1769 2119 160 54 natura
1880 2119 112 54 rei
1928 2119 80 54 cum

1272 2165 180 55 essentia
1407 2165 105 55 non
1467 2165 150 55 potest
1572 2165 135 55 elici
1663 2165 90 55 ab
1708 2165 195 55 essentia.
1858 2165 120 55 tunc
1918 2165 90 55 enim

1277 2210 107 45 idem
1343 2210 186 45 eliceretur
1490 2210 67 45 a
1516 2210 80 45 se
1556 2210 107 45 quod
1623 2210 93 45 est
1676 2210 200 45 impossibile
1836 2210 93 45 Sed
1876 2210 133 45 secundum

1279 2255 192 48 veritatem.
1430 2255 82 48 et
1471 2255 164 48 secundum
1594 2255 123 48 istum
1676 2255 205 48 intelligere
1841 2255 151 48 diuinum
1937 2255 68 48 nul

1279 2300 76 47 o
1309 2300 122 47 modo
1386 2300 76 47 a
1416 2300 137 47 parte
1508 2300 107 47 rei
1569 2300 244 47 distinguitur
1767 2300 92 47 ab
1813 2300 183 47 essentia
1935 2300 61 47 di

1275 2343 132 59 uina.
1363 2343 117 59 ergo
1436 2343 103 59 non
1495 2343 176 59 elicitur
1627 2343 88 59 ab
1671 2343 103 59 ea.
1729 2343 73 59 â‹
1759 2343 88 59 Si
1803 2343 161 59 dicatur
1905 2343 88 59 quod

1270 2386 151 54 quanuis
1380 2386 110 54 sunt
1449 2386 165 54 realiter
1573 2386 124 54 idem.
1655 2386 124 54 tamen
1738 2386 179 54 differunt
1862 2386 138 54 secundum

1273 2437 167 52 rationem
1399 2437 84 52 et
1440 2437 167 52 secundum
1566 2437 125 52 modum
1649 2437 237 52 significandi.
1845 2437 84 52 et
1873 2437 125 52 propter

1266 2473 102 51 hoc
1325 2473 146 51 potest
1427 2473 117 51 vnum
1500 2473 117 51 esse
1573 2473 204 51 elicitiuum
1733 2473 190 51 alterius.
1879 2473 102 51 hoc
1923 2473 73 51 non

1270 2516 139 57 valet.
1368 2516 111 57 quia
1437 2516 84 57 si
1479 2516 139 57 tantum
1576 2516 181 57 differant
1716 2516 167 57 ratione.
1841 2516 97 57 non
1897 2516 97 57 est
1938 2516 70 57 ma-

1273 2565 98 53 ior
1329 2565 127 53 ratio
1414 2565 112 53 quod
1484 2565 98 53 hoc
1540 2565 183 53 eliciatur
1681 2565 84 53 ab
1723 2565 98 53 hoc
1779 2565 112 53 quam
1835 2565 155 53 econuerso

1277 2605 203 50 Similiter
1434 2605 141 50 quero
1528 2605 110 50 pro
1590 2605 110 50 quo
1653 2605 125 50 stat
1731 2605 110 50 hic
1778 2605 219 50 intelligere.

1267 2653 140 60 quando
1365 2653 154 60 dicitur
1477 2653 112 60 quod
1547 2653 210 60 intelligere
1715 2653 168 60 elicitur
1841 2653 84 60 ab
1869 2653 140 60 essentia
