2328 3080
325 246 124 68 diuina
411 246 87 68 aut
461 246 87 68 pro
510 246 87 68 re.
560 246 87 68 aut
609 246 87 68 pro
659 246 124 68 aliquo
746 246 99 68 ente
807 246 161 68 rationis.
931 246 74 68 si
968 246 87 68 pro
1005 246 50 68 re

330 303 106 58 falsa
401 303 94 58 est.
460 303 94 58 quia
519 303 106 58 nulla
590 303 83 58 res
637 303 83 58 ibi
684 303 153 58 elicitur.
802 303 71 58 si
838 303 83 58 pro
885 303 94 58 ente
932 303 130 58 rationis.

320 348 121 52 nihil
400 348 94 52 est
454 348 81 52 ad
495 348 202 52 propositum.
656 348 67 52 ⁋
683 348 162 52 Preterea
804 348 121 52 nihil
885 348 121 52 debet
952 348 108 52 attri-

322 388 102 60 bui
381 388 117 60 enti
454 388 131 60 reali
541 388 161 60 propter
658 388 248 60 fabricationem
848 388 204 60 intellectus.

311 441 114 52 nisi
382 441 200 52 praedicata
539 441 214 52 importantia
710 441 128 52 tales
795 441 242 52 fabricationes
981 441 71 52 vel

317 485 214 47 operationes
488 485 214 47 intellectus
659 485 100 47 vel
716 485 143 47 aliqua
816 485 185 47 sequentia
958 485 86 47 ex
987 485 71 47 ta-

309 520 141 54 libus
404 520 267 54 operationibus
624 520 251 54 intellectus.
828 520 141 54 Uerbi
907 520 141 54 gratia.

321 567 146 59 quamuis
427 567 146 59 propter
533 567 199 59 operationem
693 567 199 59 intellectus
852 567 120 59 circa
918 567 120 59 aliquod

324 615 160 50 obiectum
444 615 93 50 vel
497 615 133 50 aliqua
590 615 147 50 obiecta
697 615 133 50 possit
791 615 107 50 dici
857 615 107 50 quod
924 615 107 50 ista
977 615 67 50 res

318 652 216 61 intelligitur.
497 652 89 61 vel
547 652 89 61 est
598 652 191 61 praedicatum
751 652 89 61 vel
802 652 166 61 subiectum
929 652 89 61 vel
968 652 76 61 esti

312 695 134 60 matum.
405 695 80 60 et
445 695 94 60 sic
499 695 80 60 de
539 695 121 60 aliis
620 695 201 60 praedicatis
780 695 228 60 importantibus
954 695 94 60 actum

308 742 235 58 intelligendi.
502 742 97 58 vel
557 742 152 58 aliquid
668 742 235 58 denominabile.
862 742 97 58 vel
904 742 138 58 presuppo

303 788 120 51 nens
378 788 105 51 vel
438 788 135 51 vario
527 788 120 51 modo
602 788 209 51 respiciens
767 788 135 51 actum
842 788 194 51 intelligen-

302 834 88 55 di.
353 834 113 55 tamen
428 834 100 55 quod
490 834 138 55 propter
590 834 175 55 quamcumque
728 834 188 55 operationem
865 834 163 55 intellectus

298 877 134 60 circa
387 877 163 60 hominem
506 877 89 60 et
550 877 193 60 albedinem
699 877 104 60 vel
758 877 134 60 alias
847 877 119 60 res.
921 877 119 60 homo
981 877 59 60 di

284 925 148 49 catur
382 925 148 49 albus
480 925 115 49 vel
546 925 148 49 niger
644 925 115 49 vel
710 925 180 49 calidus
841 925 115 49 vel
890 925 148 49 musicus

296 970 84 50 et
338 970 99 50 sic
394 970 84 50 de
437 970 127 50 aliis
521 970 211 50 praedicatis
690 970 99 50 non
746 970 239 50 importantibus
929 970 99 50 actus

294 1010 207 51 intelligendi
462 1010 91 51 est
514 1010 207 51 impossibile.
682 1010 65 51 ⁋
708 1010 103 51 Nunc
772 1010 116 51 autem
850 1010 116 51 elici
915 1010 116 51 causari

298 1055 145 54 mouere
399 1055 101 54 vel
457 1055 145 54 moueri
558 1055 130 54 prius
645 1055 188 54 posterius
789 1055 87 54 et
833 1055 101 54 sic
890 1055 87 54 de
919 1055 116 54 aliis.

296 1100 99 50 non
352 1100 184 50 important
494 1100 127 50 actus
579 1100 227 50 intelligendi
763 1100 99 50 nec
820 1100 142 50 aliqua
905 1100 127 50 respici

292 1146 131 51 entia
380 1146 131 51 actus
467 1146 247 51 intelligendi.
671 1146 131 51 sicut
758 1146 218 51 intentiones
918 1146 116 51 logice

294 1178 185 53 important.
439 1178 106 53 ergo
505 1178 145 53 propter
611 1178 132 53 nullum
703 1178 119 53 actum
782 1178 211 53 intelligendi
941 1178 92 53 circa

281 1224 154 56 aliquod
393 1224 126 56 debet
477 1224 112 56 dici
547 1224 126 56 ipsum
631 1224 154 56 mouere.
744 1224 112 56 nisi
814 1224 126 56 forte
898 1224 84 56 ad
926 1224 98 56 actum

285 1271 239 61 intelligendi
480 1271 105 61 vel
539 1271 135 61 elici
629 1271 90 61 ab
674 1271 165 61 aliquo.
794 1271 105 61 vel
853 1271 165 61 causari
958 1271 60 61 ab

288 1317 134 58 aliquo
381 1317 107 58 nisi
448 1317 120 58 falso
528 1317 200 58 intellectu.
688 1317 80 58 et
728 1317 120 58 eadem
808 1317 147 58 ratione
902 1317 120 58 propter

288 1358 226 57 distinctionem
474 1358 159 57 rationis
593 1358 146 57 nunquam
699 1358 133 57 debent
792 1358 120 57 talia
859 1358 159 57 praedicata

281 1401 167 64 attribui
406 1401 111 64 rei.
476 1401 167 64 respectu
601 1401 209 64 cuiuscumque
768 1401 111 64 rei.
837 1401 111 64 ergo
893 1401 125 64 propter

276 1449 133 52 nullam
369 1449 225 52 distinctionem
554 1449 159 52 rationis
673 1449 119 52 debet
753 1449 106 52 dici
819 1449 106 52 quod
872 1449 146 52 intellige

279 1489 79 54 re
318 1489 158 54 elicitur
437 1489 79 54 ab
476 1489 158 54 essentia
595 1489 184 54 divinanisi
740 1489 184 54 eliceretur
884 1489 105 54 sine
937 1489 79 54 omni

279 1531 199 59 distinctione
440 1531 162 59 rationis.
565 1531 100 59 ita:
627 1531 100 59 quod
689 1531 174 59 distinctio
826 1531 149 59 rationis
926 1531 87 59 nihil

277 1578 115 56 faciet
357 1578 69 56 ad
391 1578 80 56 hoc
437 1578 57 56 ⁋
460 1578 69 56 Ex
494 1578 92 56 isto
552 1578 103 56 patet
620 1578 92 56 quod
678 1578 103 56 aliud
746 1578 115 56 falsum
827 1578 126 56 dicitur
907 1578 103 56 ibiden-

277 1622 131 54 quamuis
372 1622 83 54 non
420 1622 83 54 sit
467 1622 154 54 recitatum
586 1622 142 54 scilicet
693 1622 95 54 quod
752 1622 131 54 aliquid
847 1622 107 54 mouet
906 1622 119 54 intelle-

276 1673 107 54 ctum
343 1673 94 54 vel
396 1673 188 54 voluntatem
544 1673 161 54 diuinam.
665 1673 107 54 quia
732 1673 94 54 hoc
786 1673 202 54 simpliciter
934 1673 94 54 repu-

276 1709 117 66 gnat
350 1709 220 66 intellectui
525 1709 147 66 divino
628 1709 88 66 et
672 1709 190 66 voluntati
819 1709 147 66 moueri
921 1709 73 66 a
936 1709 73 66 quo

282 1756 125 56 cumque
369 1756 150 56 obiecto.
481 1756 100 56 quia
544 1756 87 56 hoc
594 1756 137 56 sonaret
693 1756 75 56 in
731 1756 237 56 imperfectionem.
931 1756 62 56 ⁋
943 1756 75 56 Etia

278 1793 129 68 falsum
369 1793 91 68 est
420 1793 103 68 quod
485 1793 155 68 dicitur.
601 1793 103 68 quod
666 1793 168 68 respectus
795 1793 168 68 veritatis
925 1793 91 68 vel
963 1793 52 68 bo

275 1848 76 48 ni
313 1848 89 48 non
364 1848 89 48 est
415 1848 153 48 cognitus
530 1848 76 48 ab
568 1848 191 48 intellectu.
720 1848 140 48 quamuis
822 1848 102 48 etc.
886 1848 102 48 quia
937 1848 76 48 ille

268 1884 161 56 respectus
392 1884 161 56 veritatis
515 1884 87 56 cum
565 1884 87 56 sit
615 1884 161 56 respectus
738 1884 149 56 rationis
850 1884 149 56 secundum
949 1884 62 56 eum

259 1927 86 60 non
308 1927 123 60 potest
394 1927 123 60 habere
480 1927 99 60 nisi
542 1927 99 60 esse
604 1927 173 60 obiectiuum
739 1927 86 60 sed
789 1927 111 60 nihil
862 1927 111 60 habet
924 1927 74 60 esse

271 1971 170 61 obiectiuum
404 1971 97 61 nisi
465 1971 146 61 cognitum
574 1971 85 61 vel
623 1971 146 61 volitum.
732 1971 97 61 ergo
793 1971 73 61 si
829 1971 85 61 sit
865 1971 146 61 quaecumque

266 2016 124 57 talis
349 2016 180 57 respectus
487 2016 110 57 oret
556 2016 110 57 quod
625 2016 166 57 terminet
750 2016 124 57 actum
819 2016 193 57 intelligendi

259 2051 92 69 vel
311 2051 197 69 voluntatis.
469 2051 66 69 ⁋
495 2051 105 69 Ideo
560 2051 105 69 dico
626 2051 131 69 aliter
718 2051 79 69 ad
757 2051 144 69 quaonem
862 2051 105 69 quod
914 2051 92 69 gene-

262 2108 124 58 ratio
345 2108 138 58 potest
442 2108 138 58 accipi
538 2108 138 58 actiue
635 2108 97 58 vel
690 2108 166 58 passiue.
814 2108 83 58 et
855 2108 110 58 ideo
910 2108 97 58 primo

252 2152 163 54 ostendam
374 2152 108 54 quod
442 2152 190 54 proprietas
591 2152 190 54 personalis
740 2152 95 54 non
795 2152 95 54 est
835 2152 163 54 principium

262 2202 186 53 elicitiuum
408 2202 173 53 gnationis
541 2202 146 53 actiue.
648 2202 67 53 ⁋
674 2202 146 53 Secundo
781 2202 107 53 quod
848 2202 93 53 nec
887 2202 107 53 genera

252 2235 146 65 tionis
355 2235 176 65 passiue.
487 2235 73 65 ⁋
516 2235 146 65 Tertio
618 2235 117 65 quod
692 2235 146 65 nullus
794 2235 190 65 respectus
926 2235 73 65 est

254 2276 181 65 principium
396 2276 181 65 elicitiuum
538 2276 90 65 vel
590 2276 245 65 determinatiuum.
796 2276 90 65 nec
835 2276 155 65 generatio-

258 2329 107 53 nis
319 2329 153 53 actiue
426 2329 107 53 nec
487 2329 183 53 passiue.
624 2329 76 53 ⁋
655 2329 153 53 Quarto
762 2329 122 53 quid
838 2329 107 53 est
884 2329 107 53 illud

261 2368 103 60 quod
326 2368 90 60 est
377 2368 180 60 principium
519 2368 180 60 elicitiuum
660 2368 206 60 generationis
828 2368 77 60 et
866 2368 90 60 quo
905 2368 90 60 pouen

256 2413 92 62 dum
309 2413 92 62 est
361 2413 185 62 principium
506 2413 198 62 elicitiuum.
664 2413 66 62 ⁋
691 2413 132 62 Primum
783 2413 119 62 probo
862 2413 105 62 sic.
915 2413 79 62 quia

248 2457 118 62 nihil
327 2457 92 62 est
379 2457 184 62 principium
523 2457 184 62 elicitiuum
667 2457 170 62 suupsius.
798 2457 92 62 sed
838 2457 157 62 proprietas

259 2505 172 50 personalis
394 2505 123 50 ipsius
480 2505 123 50 patris
566 2505 74 50 et
602 2505 98 50 ipsa
664 2505 160 50 generatio
786 2505 123 50 actiua
872 2505 98 50 sunt
921 2505 74 50 idem

248 2548 130 54 omnibus
343 2548 106 54 modis
413 2548 71 54 ex
449 2548 118 54 natura
531 2548 94 54 rei.
590 2548 94 54 quod
650 2548 106 54 alias
720 2548 177 54 ostendetur.
862 2548 94 54 ergo
909 2548 71 54 etc.

262 2589 136 55 Potest
358 2589 123 55 tamen
439 2589 95 55 hoc
494 2589 109 55 modo
562 2589 204 55 persuaderi.
726 2589 150 55 quoniam
835 2589 123 55 nihil
903 2589 95 55 ponem

250 2627 97 83 dum
306 2627 97 83 est
361 2627 111 83 esse
430 2627 97 83 non
486 2627 111 83 idem
555 2627 83 83 in
597 2627 153 83 divinis
708 2627 97 83 cum
763 2627 139 83 aliquo
860 2627 111 83 nisi
916 2627 83 83 quod

1143 263 132 59 potest
1235 263 105 59 esse
1301 263 79 59 in
1341 263 105 59 alia
1406 263 132 59 quadam
1499 263 145 59 persona
1604 263 79 59 in
1644 263 92 59 qua
1696 263 92 59 non
1749 263 92 59 est
1789 263 92 59 illud

1153 311 81 49 vel
1200 311 162 49 econuerso.
1327 311 127 49 propter
1420 311 81 49 hoc
1466 311 93 49 enim
1524 311 93 49 quod
1582 311 139 49 essentia
1686 311 81 49 est
1732 311 69 49 in
1767 311 104 49 filio
1825 311 46 49 et

1141 354 84 52 non
1189 354 179 52 paternitas.
1332 354 84 52 vel
1380 354 95 52 quia
1439 354 143 52 essentia
1547 354 84 52 est
1595 354 119 52 filius
1678 354 72 52 et
1714 354 107 52 pater
1786 354 84 52 non
1821 354 60 52 est

1144 392 127 62 filius.
1237 392 93 62 ideo
1295 392 81 62 non
1341 392 93 62 sunt
1399 392 93 62 idem
1457 392 162 62 formaliter
1584 392 139 62 essentia
1688 392 69 62 et
1723 392 116 62 pater.
1793 392 69 62 Idem

1143 441 205 55 argumentum
1305 441 103 55 est
1363 441 88 55 de
1407 441 205 55 spiratione
1568 441 147 55 actiua
1671 441 88 55 et
1715 441 88 55 de
1744 441 132 55 prnita-

1142 489 79 57 te.
1187 489 79 57 sed
1232 489 101 57 nihil
1299 489 79 57 est
1344 489 158 57 proprietas
1468 489 158 57 personalis
1592 489 113 57 patris
1671 489 90 57 quin
1727 489 79 57 sit
1761 489 101 57 genera-

1140 531 91 50 tio
1192 531 143 50 actiua.
1296 531 91 50 nec
1349 531 183 50 econuerso.
1492 531 91 50 nec
1544 531 78 50 in
1583 531 104 50 alia
1648 531 143 50 persona
1753 531 91 50 est
1792 531 78 50 pro-

1139 570 141 63 praetas
1242 570 180 63 personalis
1383 570 128 63 patris
1473 570 103 63 quin
1537 570 77 63 in
1576 570 116 63 eadem
1653 570 90 63 sit
1704 570 141 63 gnratio
1794 570 77 63 acti

1143 622 78 50 ua
1182 622 78 50 et
1221 622 181 50 econuerso.
1363 622 104 50 ergo
1428 622 104 50 sunt
1493 622 104 50 idem
1557 622 142 50 omnibus
1661 622 117 50 modis
1739 622 78 50 ex
1764 622 104 50 natura

1135 662 87 54 rei
1184 662 137 54 propter
1284 662 186 54 identitatem
1433 662 124 54 realem
1520 662 87 54 cum
1570 662 162 54 essentia.
1694 662 99 54 ergo
1756 662 99 54 vnum
1806 662 62 54 non

1135 708 95 54 est
1190 708 189 54 principium
1338 708 189 54 elicitiuum
1487 708 176 54 alterius.
1622 708 68 54 ⁋
1650 708 162 54 Preterea
1771 708 95 54 vbi
1812 708 54 54 na

1128 751 78 51 ta
1167 751 91 51 est
1219 751 131 51 haberi
1311 751 144 51 velesse
1415 751 144 51 relatio
1520 751 144 51 origis.
1624 751 91 51 ibi
1676 751 104 51 illa
1728 751 131 51 relatio.

1138 793 122 52 origis
1223 793 146 52 fundatur
1333 793 110 52 super
1406 793 171 52 principium
1541 793 171 52 elicitiuum
1675 793 134 52 origis.
1773 793 85 52 sed
1809 793 49 52 in

1128 845 108 51 patre
1200 845 84 51 est
1248 845 132 51 relatio
1343 845 132 51 origis.
1439 845 96 51 ergo
1499 845 96 51 illa
1559 845 144 51 fundatur
1667 845 108 51 super
1726 845 132 51 principi-

1141 888 70 56 im
1176 888 175 56 elicitiuum.
1316 888 82 56 sed
1363 888 93 56 illa
1421 888 82 56 non
1468 888 140 56 fundatur
1573 888 105 56 super
1643 888 187 56 proprietatem
1783 888 82 56 perso

1132 931 119 58 nalem.
1215 931 83 58 Tum
1263 931 95 58 quia
1322 931 95 58 ipsa
1381 931 166 58 proprietas
1512 931 166 58 personalis
1642 931 83 58 est
1690 931 131 58 relatio
1773 931 95 58 origis

1129 967 87 58 Tum
1178 967 100 58 quia
1241 967 187 58 fundamentum
1390 967 112 58 talis
1465 967 162 58 respectus
1590 967 112 58 debet
1665 967 100 58 esse
1715 967 137 58 absolutum

1122 1013 95 70 ergo
1181 1013 95 70 illa
1240 1013 165 70 proprietas
1370 1013 165 70 personalis
1500 1013 83 70 non
1548 1013 83 70 est
1595 1013 165 70 principium
1713 1013 142 70 elicitiuum

1132 1063 59 63 ⁋
1156 1063 131 63 Secudum
1251 1063 119 63 probo.
1334 1063 95 63 quia
1393 1063 95 63 idem
1453 1063 83 63 est
1500 1063 166 63 principium
1631 1063 166 63 elicitiuum
1749 1063 107 63 genera-

1125 1105 119 61 tionis
1209 1105 119 61 actiue
1292 1105 72 61 et
1328 1105 143 61 passiue.
1435 1105 84 61 sed
1483 1105 167 61 proprietas
1614 1105 167 61 personalis
1746 1105 84 61 non
1781 1105 60 61 est

1123 1141 166 69 principium
1254 1141 166 69 elicitiuum
1385 1141 178 69 generatonis
1527 1141 131 69 actiue.
1622 1141 95 69 ergo
1682 1141 83 69 nec
1717 1141 131 69 generatio

1126 1196 86 39 nis
1175 1196 135 39 passiue
1273 1196 61 39 ⁋
1298 1196 135 39 Tertium
1396 1196 123 39 probo.
1482 1196 98 39 quia
1543 1196 123 39 nullus
1629 1196 160 39 respectus
1739 1196 123 39 rationis

1124 1236 125 53 potest
1212 1236 100 53 esse
1275 1236 175 53 principium
1412 1236 175 53 elicitiuum
1550 1236 88 53 vel
1600 1236 225 53 determinatiuum
1775 1236 75 53 ali-

1118 1283 113 48 cuius
1194 1283 151 48 actionis
1307 1283 139 48 realis.
1408 1283 113 48 sicut
1484 1283 88 48 nec
1534 1283 88 48 ens
1584 1283 139 48 aliquod
1685 1283 164 48 rationis.
1799 1283 50 48 et

1114 1312 85 68 hoc
1162 1312 121 68 maxime
1247 1312 85 68 est
1296 1312 121 68 verum.
1381 1312 121 68 quando
1466 1312 109 68 agens
1539 1312 85 68 non
1587 1312 206 68 praecognoscit
1757 1312 109 68 illud

1123 1365 97 57 quod
1184 1365 109 57 debet
1257 1365 146 57 operari.
1366 1365 146 57 qualiter
1475 1365 85 57 est
1524 1365 73 57 in
1560 1365 146 57 divinis.
1670 1365 97 57 quia
1730 1365 109 57 pater
1791 1365 61 57 non

1119 1414 78 44 an
1158 1414 169 44 cognoscit
1288 1414 130 44 filium
1379 1414 104 44 quam
1444 1414 156 44 producit
1560 1414 104 44 eum.
1625 1414 91 44 nec
1677 1414 117 44 etiam
1742 1414 104 44 respe-

1110 1460 102 40 ctus
1174 1460 127 40 realis
1263 1460 127 40 potest
1352 1460 102 40 esse
1415 1460 178 40 principium
1555 1460 178 40 elicitiuum
1694 1460 89 40 vel
1732 1460 102 40 deter-

1111 1499 171 65 minatiuum.
1245 1499 110 65 sicut
1318 1499 110 65 prius
1392 1499 146 65 probatum
1501 1499 98 65 est.
1562 1499 98 65 ergo
1623 1499 122 65 nullus
1697 1499 134 65 respectus

1114 1545 101 52 est
1171 1545 101 52 ibi
1229 1545 203 52 principium
1389 1545 203 52 elicitiuum
1548 1545 101 52 vel
1591 1545 232 52 determinatiuum

1125 1591 63 54 ⁋
1151 1591 113 54 Circa
1226 1591 138 54 quartum
1326 1591 100 54 dico
1389 1591 100 54 quod
1452 1591 113 54 sicut
1527 1591 113 54 ratio
1602 1591 151 54 causandi
1715 1591 88 54 est
1753 1591 88 54 illud

1123 1633 92 53 quod
1181 1633 138 53 existens
1285 1633 69 53 in
1319 1633 115 53 aliquo
1400 1633 81 53 vel
1446 1633 69 53 in
1481 1633 69 53 se
1515 1633 115 53 potest
1596 1633 92 53 esse
1653 1633 104 53 causa
1711 1633 115 53 effectus

1104 1680 100 48 omni
1167 1680 100 48 illo
1230 1680 100 48 quod
1293 1680 88 48 non
1343 1680 88 48 est
1393 1680 113 48 causa
1468 1680 138 48 eiusdem
1569 1680 151 48 effectus
1681 1680 125 48 circum
1757 1680 75 48 scri

1117 1722 94 60 pto.
1176 1722 82 60 vel
1223 1722 94 60 quod
1282 1722 165 60 requiritur
1411 1722 71 60 ad
1446 1722 94 60 esse
1505 1722 153 60 alterius.
1623 1722 94 60 quod
1681 1722 82 60 non
1717 1722 118 60 constitu

1108 1763 112 56 itur
1178 1763 84 56 ex
1220 1763 112 56 ipsa
1290 1763 197 56 causatione
1445 1763 98 56 seu
1501 1763 168 56 causato.
1627 1763 98 56 ita
1670 1763 168 56 principium

1113 1805 174 51 elicitium
1247 1805 161 51 alicuius
1367 1805 161 51 actionis
1488 1805 94 51 vel
1542 1805 174 51 passionis
1676 1805 94 51 vel
1716 1805 107 51 produ-

1100 1851 123 56 ctionis
1189 1851 78 56 est
1234 1851 100 56 illud
1300 1851 89 56 quod
1356 1851 167 56 neccessario
1490 1851 67 56 et
1523 1851 78 56 per
1568 1851 67 56 se
1601 1851 156 56 requiritur
1724 1851 67 56 ad
1746 1851 78 56 illam

1098 1898 215 52 productionem.
1275 1898 76 52 et
1313 1898 88 52 non
1364 1898 202 52 constituitur
1528 1898 88 52 nec
1578 1898 76 52 ex
1616 1898 189 52 productione
1755 1898 63 52 nec

1108 1943 75 48 ex
1145 1943 163 48 producto.
1270 1943 75 48 Et
1308 1943 100 48 quia
1370 1943 100 48 sola
1433 1943 150 48 essentia
1545 1943 125 48 divina
1633 1943 175 48 requiritur
1770 1943 75 48 ad

1101 1988 175 45 gnationem
1235 1988 148 45 actiuam
1343 1988 81 45 et
1383 1988 162 45 passiuam
1504 1988 81 45 et
1545 1988 202 45 spirationem
1693 1988 121 45 actiuam

1098 2031 78 62 et
1137 2031 157 62 passiuam
1255 2031 91 62 vel
1307 2031 131 62 saltem
1398 2031 118 62 solum
1477 2031 144 62 aliquid
1581 2031 170 62 absolutum
1712 2031 104 62 isto
1764 2031 52 62 mo

1102 2071 79 50 ido
1147 2071 135 50 praecise
1248 2071 124 50 aliquid
1338 2071 146 50 absolutum
1451 2071 79 50 est
1496 2071 101 50 ratio
1563 2071 146 50 eliciendi
1676 2071 101 50 istas
1732 2071 90 50 produ-

1092 2121 163 50 ctiones
1211 2121 104 50 tam
1270 2121 163 50 actiuas
1389 2121 119 50 quam
1463 2121 193 50 passiuas.
1611 2121 104 50 Sed
1671 2121 119 50 quia
1730 2121 89 50 ista

1097 2162 133 51 essentia
1197 2162 55 51 a
1219 2162 100 51 nulla
1285 2162 122 51 istarum
1374 2162 133 51 realiter
1474 2162 188 51 distinguitur.
1629 2162 66 51 et
1662 2162 111 51 semper
1728 2162 89 51 inter-

1091 2199 182 59 principium
1234 2199 78 59 et
1273 2199 208 59 principiatum
1442 2199 91 59 est
1495 2199 130 59 realis
1586 2199 195 59 distinctio.
1729 2199 78 59 ideo

1096 2252 144 53 essentia
1204 2252 84 53 non
1252 2252 120 53 esquod
1335 2252 108 53 agit.
1407 2252 84 53 sed
1455 2252 84 53 est
1503 2252 84 53 quo
1551 2252 108 53 agit.
1623 2252 72 53 Et
1658 2252 96 53 quia
1718 2252 84 53 non
1754 2252 48 53 ob

1089 2286 123 52 stante
1175 2286 172 52 identitate
1310 2286 111 52 reali
1384 2286 111 52 inter
1458 2286 160 52 essentiam
1580 2286 74 52 et
1617 2286 111 52 istas
1679 2286 135 52 productio

1086 2335 95 60 nes.
1146 2335 107 60 tamen
1217 2335 131 60 propter
1313 2335 203 60 distinctionem
1480 2335 119 60 realem
1563 2335 131 60 istarum
1647 2335 167 60 productionum

1093 2383 109 49 inter
1166 2383 73 49 se
1202 2383 170 49 constituit
1335 2383 85 49 cum
1384 2383 109 49 ipsis
1456 2383 158 49 supposita
1578 2383 158 49 distincta
1687 2383 133 49 realiter.

1086 2426 73 52 et
1122 2426 97 52 ideo
1183 2426 97 52 vnum
1243 2426 133 52 illorum
1340 2426 97 52 erit
1401 2426 157 52 producens
1522 2426 73 52 et
1558 2426 109 52 aliud
1630 2426 169 52 productum.
1751 2426 61 52 ab-

1076 2467 124 55 solutum
1166 2467 101 55 tamen
1233 2467 79 55 est
1278 2467 101 55 ratio
1345 2467 146 55 eliciedi.
1458 2467 90 55 quia
1514 2467 101 55 nihil
1581 2467 79 55 est
1626 2467 79 55 ibi
1671 2467 90 55 nisi
1716 2467 90 55 absolu

1074 2518 85 52 tum
1123 2518 134 52 praeter
1220 2518 110 52 istas
1293 2518 195 52 productiones
1451 2518 61 52 ⁋
1476 2518 110 52 Circa
1549 2518 158 52 praedicta
1670 2518 97 52 sunt
1719 2518 73 52 ali-

1083 2554 91 59 qua
1135 2554 130 59 dubia.
1226 2554 143 59 Primum.
1329 2554 104 59 quia
1394 2554 143 59 videtur
1498 2554 104 59 quod
1563 2554 104 59 ista
1627 2554 169 59 productio
1744 2554 52 59 no

1085 2599 86 58 sit
1134 2599 147 58 elicita.
1244 2599 61 58 ⁋
1268 2599 86 58 hoc
1317 2599 147 58 probatur
1428 2599 98 58 sic.
1489 2599 147 58 realitas
1599 2599 196 58 paternitatis
1746 2599 61 58 non

1073 2647 138 67 potest
1170 2647 110 67 esse
1238 2647 96 67 res
1293 2647 110 67 quae
1362 2647 138 67 capiat
1458 2647 110 67 suam
1527 2647 193 67 realitatem
1665 2647 138 67 aliunde.
