2288 3075
282 248 99 73 quod
343 248 99 73 siue
405 248 136 73 relatio
504 248 86 73 sit
553 248 173 73 principium
689 248 173 73 elicitiuum
825 248 99 73 siue
887 248 99 73 non.
936 248 62 73 non

281 307 93 55 est
334 307 186 55 principium
480 307 252 55 determinatiuum.
692 307 106 55 quia
758 307 106 55 vane
825 307 80 55 et
851 307 146 55 superflue

273 350 180 51 ponuntur
408 350 135 51 tales
498 350 195 51 respectus
647 350 270 51 determinantes.
872 350 90 51 si
902 350 90 51 enim

277 391 136 53 tales
368 391 196 53 respectus
519 391 181 53 ponantur
655 391 136 53 adhuc
745 391 181 53 essentia
881 391 106 53 est
927 391 60 53 in

275 431 201 61 determinata
436 431 81 61 ad
476 431 121 61 illos
556 431 188 61 respectus.
704 431 94 61 cum
758 431 107 61 illa
825 431 161 61 secundum
932 431 54 61 se

276 477 80 67 et
316 477 161 67 absolute
436 477 94 67 sit
490 477 121 67 vnica
570 477 80 67 et
611 477 174 67 respectus
745 477 107 67 sint
812 477 147 67 plures.
906 477 80 67 ergo

274 523 160 62 oportet
391 523 117 62 quod
464 523 233 62 determinetur
653 523 87 62 ad
697 523 131 62 alios
784 523 189 62 respectus
915 523 73 62 per

261 556 116 70 alios
339 556 181 70 respectus.
481 556 78 70 et
520 556 91 70 sic
571 556 78 70 in
610 556 168 70 infinitum
739 556 91 70 vel
791 556 78 70 si
830 556 129 70 potest
920 556 78 70 ex
946 556 52 70 se

258 605 224 66 determinari
437 605 90 66 ad
482 605 149 66 plures
586 605 194 66 respectus
735 605 134 66 eadem
825 605 164 66 ratione
929 605 60 66 po

272 650 122 65 terit
354 650 82 65 ex
395 650 82 65 se
436 650 204 65 determinari
599 650 82 65 ad
640 650 122 65 illos
721 650 136 65 actus.
817 650 82 65 et
858 650 95 65 ita
898 650 82 65 sup-

272 691 116 57 flue
344 691 173 57 ponuntur
474 691 130 57 tales
560 691 202 57 respectus.
719 691 72 57 â‹
748 691 87 57 Ad
791 691 144 57 primum
892 691 87 57 in
921 691 58 57 co

276 737 148 60 trarium
383 737 108 60 dico
450 737 108 60 quod
518 737 242 60 indeterminatum
719 737 94 60 est
773 737 148 60 duplex.
867 737 121 60 quoddam

267 785 88 62 est
318 785 226 62 indeterminatum
506 785 100 62 quod
568 785 88 62 est
618 785 188 62 illimitatum
769 785 75 62 et
807 785 150 62 commune:
907 785 75 62 quod

264 827 94 66 dam
317 827 94 66 est
371 827 254 66 indeterminatum.
584 827 107 66 quia
651 827 94 66 non
704 827 94 66 est
758 827 80 66 ex
798 827 80 66 se
825 827 160 66 sufficiens

260 869 140 65 Primo
354 869 125 65 modo
432 869 280 65 indeterminatum
665 869 109 65 non
728 869 171 65 recipit
837 869 140 65 aliquam

262 913 275 61 determinationem.
496 913 110 61 quia
565 913 151 61 numquam
675 913 124 61 debet
757 913 110 61 esse
812 913 165 61 determina-

257 955 101 68 tum.
321 955 88 68 sed
371 955 126 68 semper
459 955 114 68 debet
535 955 101 68 esse
598 955 189 68 illimitatum
750 955 76 68 et
788 955 152 68 commune.
889 955 88 68 sicut

253 1001 102 60 sol
312 1001 102 60 est
370 1001 262 60 indeterminatus
589 1001 87 60 ad
632 1001 219 60 producendum
807 1001 146 60 plures
895 1001 87 60 effe

258 1041 118 67 ctus.
336 1041 78 67 et
375 1041 91 67 per
428 1041 91 67 hoc
480 1041 104 67 quod
545 1041 157 67 producit
663 1041 104 67 vnum
728 1041 157 67 effectum
845 1041 91 67 non
885 1041 91 67 limi-

260 1095 125 55 tatur
344 1095 84 55 ad
385 1095 139 55 illum.
483 1095 97 55 nec
539 1095 111 55 sibi
608 1095 223 55 appropriatur
789 1095 97 55 sed
831 1095 153 55 essentia-

257 1128 125 68 liter
340 1128 125 68 manet
423 1128 263 68 indeterminatus.
645 1128 83 68 et
686 1128 111 68 isto
756 1128 111 68 modo
825 1128 97 68 est
866 1128 111 68 essen-

258 1172 106 70 tia
318 1172 272 70 indeterminata.
545 1172 151 70 Aliter
650 1172 166 70 dicitur
756 1172 211 70 indeterminam

252 1227 100 51 tum.
314 1227 100 51 quia
376 1227 87 51 non
426 1227 87 51 est
476 1227 75 51 ex
513 1227 75 51 se
550 1227 174 51 sufficiens
688 1227 75 51 ad
725 1227 137 51 aliquod
825 1227 87 51 sed
874 1227 87 51 cum
912 1227 62 51 vno

253 1263 133 58 facit
342 1263 221 58 determinate
519 1263 133 58 vnum.
607 1263 103 58 vel
666 1263 236 58 determinatur
858 1263 89 58 ad
888 1263 89 58 vnum

242 1309 94 60 et
289 1309 109 60 per
352 1309 156 60 aliud:
461 1309 156 60 aliud.
570 1309 140 60 sicut
663 1309 187 60 voluntas
804 1309 125 60 ante
866 1309 109 60 actum

237 1347 120 69 onem
312 1347 164 69 volendi
431 1347 105 69 est
491 1347 269 69 indeterminata:
715 1347 90 69 ad
760 1347 179 69 mouendum
879 1347 90 69 cor-

254 1393 94 60 pus
307 1393 107 60 tali
374 1393 107 60 motu
442 1393 94 60 vel
495 1393 121 60 tali.
576 1393 107 60 quia
643 1393 81 60 ex
683 1393 81 60 se
723 1393 107 60 sine
791 1393 175 60 volitione
911 1393 54 60 de

245 1443 166 54 terminata
373 1443 90 54 non
424 1443 115 54 exit.
501 1443 90 54 nec
552 1443 128 54 potest
642 1443 102 54 esse
706 1443 179 54 sufficiens
847 1443 77 54 ad
872 1443 90 54 exeum

252 1480 84 61 dum
300 1480 72 61 in
336 1480 108 61 istum
409 1480 108 61 actum
481 1480 84 61 vel
529 1480 121 61 illum.
614 1480 72 61 et
650 1480 96 61 ideo
710 1480 84 61 per
758 1480 108 61 istam
818 1480 145 61 volitionem

241 1528 213 60 determinatur
414 1528 80 60 ad
454 1528 120 60 istum
533 1528 173 60 effectum.
666 1528 80 60 et
706 1528 93 60 per
759 1528 120 60 aliam
826 1528 133 60 volitio-

240 1568 91 66 nem
292 1568 209 66 determinatur
462 1568 78 66 ad
501 1568 117 66 alium
579 1568 169 66 effectum.
709 1568 78 66 et
748 1568 104 66 tunc
814 1568 104 66 bene
866 1568 91 66 requi

240 1611 115 65 ritur
317 1611 140 65 aliquid
419 1611 217 65 determinatum.
597 1611 89 65 sed
648 1611 89 65 non
699 1611 140 65 oportet
801 1611 102 65 quod
852 1611 102 65 semper

232 1654 139 59 illud
324 1654 279 59 determinatiuum
557 1654 108 59 sit
618 1654 186 59 receptum
758 1654 93 59 in
804 1654 155 59 aliquo
897 1654 62 59 de

239 1698 195 66 terminato.
392 1698 97 66 sed
448 1698 181 66 aliquando
587 1698 139 66 potest
685 1698 111 66 esse
754 1698 153 66 aliquid
852 1698 111 66 extrin

232 1742 151 57 secum.
338 1742 121 57 puta
413 1742 121 57 alia
489 1742 136 57 causa
580 1742 197 57 partialis
731 1742 212 57 extrinseca
882 1742 76 57 ne-

236 1790 171 54 cessario
364 1790 199 54 requisita.
520 1790 100 54 sed
577 1790 114 54 isto
648 1790 114 54 modo
719 1790 100 54 non
776 1790 100 54 est
819 1790 142 54 essentia

232 1831 250 65 indeterminata.
440 1831 97 65 sed
496 1831 139 65 tantum
593 1831 125 65 primo
676 1831 125 65 modo.
760 1831 69 65 â‹
787 1831 83 65 Ad
815 1831 139 65 secundum

234 1875 104 58 dico
299 1875 104 58 quod
364 1875 129 58 posito
454 1875 104 58 quod
519 1875 155 58 essentia
635 1875 91 58 non
687 1875 117 58 esset
765 1875 181 58 principium
894 1875 65 58 for

232 1917 118 63 male.
310 1917 104 63 nisi
376 1917 78 63 ex
415 1917 91 63 hoc
467 1917 104 63 quod
532 1917 91 63 est
584 1917 144 63 aliquid
689 1917 183 63 suppositi.
833 1917 104 63 bene
885 1917 65 63 re-

233 1962 202 58 quaereretur
394 1962 148 58 aliquid
502 1962 121 58 aliud
583 1962 81 58 ad
623 1962 94 58 hoc
677 1962 108 58 quod
744 1962 162 58 essentia
852 1962 94 58 esset

235 2009 199 55 principium
391 2009 171 55 formale.
519 2009 100 55 non
576 2009 156 55 tanquam
690 2009 256 55 determinatinum
889 2009 57 55 et

239 2052 157 54 oreuium
353 2052 229 54 generationi.
539 2052 100 54 sed
596 2052 157 54 tanquam
711 2052 129 54 actio
797 2052 100 54 vel
840 2052 114 54 produ-

233 2098 116 48 ctio
305 2098 131 48 cuius
392 2098 131 48 illud
479 2098 203 48 principium
639 2098 160 48 formale
755 2098 160 48 deberet
856 2098 87 48 esse

225 2137 188 61 principium
372 2137 202 61 elicitiuum.
534 2137 107 61 quia
601 2137 121 61 nihil
681 2137 94 61 est
735 2137 81 61 in
775 2137 175 61 supposito
896 2137 54 61 ni

219 2182 83 57 si
261 2182 181 57 essentia:
400 2182 83 57 et
442 2182 111 57 illa
511 2182 181 57 generatio
650 2182 125 57 cuius
733 2182 97 57 est
775 2182 167 57 principium

228 2224 173 63 elicitiuum.
367 2224 69 63 et
401 2224 92 63 ideo
459 2224 115 63 quando
539 2224 127 63 dicitur
631 2224 92 63 quod
689 2224 138 63 essentia
792 2224 81 63 non
838 2224 81 63 est
873 2224 69 63 prin

221 2268 137 60 cipium
317 2268 165 60 formale.
441 2268 110 60 nisi
510 2268 82 60 vt
551 2268 96 60 est
606 2268 151 60 aliquid
715 2268 192 60 suppositi.
853 2268 82 60 ista

222 2315 178 55 propositio
362 2315 127 55 potest
451 2315 165 55 intelligi
577 2315 76 55 et
615 2315 101 55 bene
679 2315 76 55 et
717 2315 114 55 male.
793 2315 76 55 si
831 2315 101 55 enim
882 2315 63 55 in-

219 2361 169 58 telligatur
352 2361 97 58 quod
412 2361 169 58 requiritur
545 2361 133 58 aliquid
642 2361 157 58 suppositi
763 2361 133 58 tamquam
847 2361 85 58 prieo

214 2394 117 68 uium
288 2394 191 68 supposito
434 2394 103 68 vel
493 2394 235 68 generationi.
684 2394 103 68 sic
742 2394 103 68 est
786 2394 147 68 simplici

218 2445 89 58 ter
269 2445 127 58 falsa.
358 2445 101 58 quia
421 2445 114 58 nihil
497 2445 89 58 est
547 2445 139 58 preuium
649 2445 89 58 nec
699 2445 139 58 aliquid
788 2445 139 58 quocumque

210 2490 119 44 modo
285 2490 209 44 distinctum
448 2490 74 44 a
478 2490 194 44 supposito
627 2490 89 44 et
672 2490 74 44 a
702 2490 223 44 generatione
866 2490 74 44 il-

217 2524 74 74 la
254 2524 98 74 nisi
315 2524 147 74 essentia
425 2524 160 74 praecise.
548 2524 74 74 Si
585 2524 111 74 autem
659 2524 196 74 intelligatur
818 2524 98 74 quod
868 2524 61 74 non

214 2574 96 56 est
269 2574 191 56 principium
419 2574 191 56 elicitiuum
570 2574 109 56 sine
638 2574 191 56 supposito.
789 2574 123 56 verum
857 2574 82 56 est.

211 2611 91 73 sic
263 2611 104 73 enim
328 2611 117 73 nihil
405 2611 91 73 est
457 2611 117 73 causa
535 2611 104 73 sine
600 2611 156 73 causato.
717 2611 91 73 non
768 2611 117 73 tamen
846 2611 117 73 illud

1087 253 178 70 causatum
1221 253 104 70 est
1280 253 267 70 determinatiuum
1503 253 134 70 cause
1592 253 89 70 ad
1637 253 134 70 illud
1711 253 104 70 causa

1092 313 108 59 tum.
1159 313 108 59 Unde
1226 313 121 59 sicut
1307 313 121 59 nihil
1388 313 135 59 potest
1482 313 108 59 esse
1550 313 148 59 causans
1644 313 162 59 formaliter

1086 349 103 69 sine
1151 349 155 69 causato.
1267 349 77 69 et
1306 349 116 69 tamen
1383 349 155 69 causatum
1499 349 90 69 non
1551 349 90 69 est
1602 349 181 69 elicitiuum
1731 349 65 69 nec

1080 398 277 64 determinatiuum
1310 398 108 64 sed
1372 398 108 64 est
1433 398 184 64 effectus
1571 398 215 64 productus.
1725 398 77 64 ita

1085 444 148 55 essentia
1195 444 86 55 non
1245 444 123 55 potest
1331 444 98 55 esse
1392 444 172 55 principium
1527 444 172 55 elicitiuum
1663 444 98 55 sine
1712 444 86 55 gene-

1079 487 160 59 ratione.
1199 487 80 59 et
1239 487 107 59 ideo
1305 487 107 59 sine
1372 487 186 59 supposito.
1518 487 80 59 et
1558 487 120 59 tamen
1638 487 93 59 nec
1678 487 120 59 suppos-

1090 535 99 53 tum
1147 535 99 53 nec
1203 535 185 53 generatio
1345 535 99 53 nec
1402 535 156 53 aliquis
1516 535 185 53 respectus
1658 535 99 53 est
1701 535 99 53 elici

1077 571 131 61 tiuum
1165 571 102 61 nec
1223 571 276 61 determinatiuum.
1455 571 102 61 sed
1513 571 189 61 generatio
1658 571 102 61 est
1701 571 102 61 actio

1073 621 144 57 elicita
1178 621 105 57 modo
1243 621 184 57 praedicto.
1388 621 79 57 et
1427 621 197 57 suprpositum
1584 621 92 57 est
1624 621 157 57 constitutu

1073 663 95 52 per
1128 663 122 52 illam
1209 663 230 52 generationem.
1398 663 68 52 â‹
1425 663 81 52 Ad
1466 663 149 52 tertium
1574 663 108 52 dico
1641 663 108 52 quod
1695 663 95 52 illud

1075 708 109 64 quod
1144 708 96 64 non
1198 708 137 64 potest
1294 708 123 64 exire
1376 708 82 64 in
1417 708 123 64 actum
1499 708 109 64 omni
1567 708 109 64 alio
1622 708 178 64 circumscri-

1066 750 102 58 pto
1125 750 116 58 quod
1197 750 102 58 non
1256 750 102 58 est
1314 750 146 58 actus.
1416 750 102 58 nec
1474 750 218 58 constitutum
1648 750 102 58 per
1692 750 102 58 actum

1067 796 96 61 non
1122 796 138 61 potest
1219 796 83 61 se
1260 796 207 61 determinare
1425 796 83 61 ad
1467 796 138 61 actum.
1563 796 110 61 nunc
1632 796 124 61 autem
1701 796 96 61 essen

1073 830 90 66 tia
1124 830 128 66 potest
1214 830 102 66 esse
1278 830 179 66 principium
1419 830 179 66 elicitiuum
1560 830 218 66 circumscripto
1726 830 64 66 re-

1070 873 136 74 spectu
1166 873 95 74 qui
1220 873 82 74 no
1261 873 95 74 est
1316 873 123 74 actus
1398 873 232 74 intelligendi.
1588 873 95 74 non
1643 873 123 74 tamen
1711 873 82 74 sine

1067 930 111 54 actu
1137 930 195 54 generandi.
1290 930 70 54 â‹
1318 930 84 54 Ad
1359 930 153 54 vltimum
1471 930 111 54 dico
1540 930 111 54 quod
1610 930 181 54 singulare
1735 930 42 54 e

1071 967 78 64 in
1110 967 91 64 deo
1162 967 104 64 quod
1227 967 181 64 principium
1369 967 194 64 productiuum
1525 967 91 64 nec
1577 967 169 64 inquantum
1693 967 91 64 prin-

1072 1015 145 58 cipium
1173 1015 102 58 nec
1231 1015 145 58 aliquo
1333 1015 116 58 modo
1405 1015 102 58 est
1463 1015 261 58 incompossibile
1666 1015 116 58 produ-

1075 1057 96 60 cto.
1135 1057 84 60 sed
1183 1057 84 60 est
1231 1057 108 60 ipsum
1302 1057 168 60 productum.
1434 1057 132 60 quamuis
1530 1057 84 60 non
1578 1057 179 60 formaliter.
1709 1057 72 60 Unde

1062 1095 89 62 hec
1113 1095 89 62 est
1164 1095 128 62 falsa.
1254 1095 153 62 essentia
1369 1095 77 62 vt
1407 1095 77 62 in
1446 1095 115 62 patre
1522 1095 89 62 est
1561 1095 217 62 incompossibilis

1064 1134 121 73 filio
1144 1134 175 73 producto.
1279 1134 94 73 vel
1333 1134 162 73 essentia
1454 1134 94 73 sub
1508 1134 162 73 respectu
1615 1134 162 73 paternita-

1068 1191 92 60 tis
1120 1191 92 60 est
1173 1191 250 60 incompossibilis
1383 1191 132 60 filio.
1476 1191 105 60 quia
1541 1191 105 60 omns
1607 1191 118 60 tales
1673 1191 105 60 sumpte

1063 1237 101 54 cum
1120 1237 159 54 talibus
1236 1237 304 54 reduplicationibus
1497 1237 72 54 s
1526 1237 101 54 cut
1583 1237 130 54 alias
1670 1237 101 54 est
1714 1237 72 54 di-

1071 1277 107 50 ctum
1137 1277 160 50 inferunt
1258 1277 107 50 quod
1324 1277 160 50 absolute
1444 1277 160 50 essentia
1564 1277 93 50 est
1605 1277 174 50 incompossi-

1067 1312 119 67 bilis
1146 1312 132 67 filio.
1238 1312 106 67 ideo
1304 1312 106 67 sunt
1370 1312 198 67 simpliciter
1528 1312 132 67 false.
1621 1312 66 67 â‹
1647 1312 79 67 Ad
1673 1312 106 67 primum

1059 1351 173 78 principale
1195 1351 99 78 dico
1257 1351 99 78 quod
1318 1351 148 78 essentia
1430 1351 87 78 est
1479 1351 74 78 in
1516 1351 124 78 filio.
1603 1351 74 78 et
1640 1351 87 78 non
1689 1351 87 78 est
1727 1351 49 78 im

1068 1406 115 74 pedita.
1151 1406 62 74 et
1182 1406 94 74 tamen
1245 1406 73 74 non
1286 1406 125 74 sequitur
1380 1406 83 74 quod
1432 1406 104 74 potest
1505 1406 135 74 generare.
1609 1406 83 74 quia
1661 1406 83 74 ipsa
1703 1406 83 74 essen-

1062 1452 105 55 tia
1122 1452 210 55 constituit
1287 1452 105 55 cum
1347 1452 120 55 actu
1422 1452 195 55 generandi
1572 1452 135 55 ipsum
1647 1452 135 55 patrem.

1063 1498 82 57 nec
1110 1498 118 57 valet.
1193 1498 82 57 est
1240 1498 71 57 in
1275 1498 118 57 filio.
1357 1498 94 57 ergo
1416 1498 118 57 potest
1499 1498 71 57 in
1534 1498 106 57 actum
1605 1498 165 57 generandi.
1722 1498 59 57 ita

1062 1543 106 53 quod
1128 1543 132 53 filius
1220 1543 132 53 possit
1313 1543 132 53 postea
1405 1543 158 53 generare
1524 1543 145 53 propter
1617 1543 158 53 distinctio

1049 1586 90 48 nem
1100 1586 128 48 realem
1190 1586 205 48 paternitatis
1356 1586 77 48 et
1395 1586 205 48 filiationis.
1561 1586 77 48 et
1600 1586 77 48 or
1638 1586 90 48 cum
1676 1586 90 48 ipsis

1055 1622 155 61 essentia
1171 1622 180 61 constituit
1313 1622 168 61 distincta
1442 1622 180 61 supposita.
1584 1622 64 61 â‹
1609 1622 77 61 Ad
1635 1622 129 61 secundum

1056 1667 105 58 dico
1122 1667 105 58 quod
1188 1667 119 58 omnis
1267 1667 171 58 productio
1398 1667 92 58 est
1451 1667 66 58 a
1477 1667 171 58 principio
1596 1667 171 58 distinctiuo

1049 1714 155 76 tanquam
1162 1714 84 76 ab
1204 1714 113 76 ipso
1274 1714 113 76 quod
1345 1714 183 76 producit.
1485 1714 99 76 non
1542 1714 155 76 tanquam
1654 1714 84 76 ab
1682 1714 99 76 illo-

1048 1747 137 73 quo
1127 1747 255 73 producit.
1323 1747 216 73 Questio
1460 1747 196 73 secunda.

1239 1800 387 111 gcundo
1471 1800 271 111 quero

1266 1884 117 62 Utrum
1344 1884 170 62 absolutum
1475 1884 91 62 sub
1527 1884 144 62 ratione
1618 1884 144 62 essentie.

1265 1941 79 56 an
1304 1941 92 56 sub
1357 1941 144 56 ratione
1462 1941 131 56 aliqua
1553 1941 197 56 attributali
1697 1941 66 56 sit

1270 1972 145 63 potentia
1379 1972 169 63 generandi.
1511 1972 97 63 Quod
1572 1972 85 63 sub
1620 1972 133 63 ratione
1705 1972 60 63 ar-

1041 2006 161 68 tributali
1164 2006 149 68 videtur.
1276 2006 99 68 quia
1338 2006 111 68 omnis
1412 2006 111 68 actus
1487 2006 136 68 dicendi
1586 2006 87 68 est
1635 2006 74 68 ab
1660 2006 99 68 aliquo

1041 2054 81 77 sub
1088 2054 127 77 ratione
1180 2054 173 77 intellectus
1318 2054 69 77 et
1352 2054 138 77 eliciens
1456 2054 104 77 actum
1525 2054 127 77 dicendi
1617 2054 81 77 est
1651 2054 104 77 aliquio

1036 2104 86 62 snb
1085 2104 135 62 ratione
1183 2104 197 62 intellectus.
1344 2104 86 62 sed
1393 2104 123 62 filius
1479 2104 172 62 producitur
1615 2104 99 62 actu
1664 2104 86 62 dicer

1050 2149 86 64 di.
1099 2149 98 64 ergo
1160 2149 98 64 etc.
1222 2149 62 64 â‹
1247 2149 74 64 Ad
1283 2149 160 64 oppositum
1407 2149 111 64 nihil
1480 2149 86 64 est
1530 2149 160 64 absolutum
1653 2149 74 64 in
1677 2149 74 64 diui

1051 2198 85 61 nis
1099 2198 97 61 nisi
1160 2198 157 61 essentia.
1281 2198 97 61 ergo
1341 2198 145 61 potentia
1450 2198 157 61 generandi
1571 2198 73 61 si
1608 2198 85 61 sit
1644 2198 109 61 absolu-

1044 2232 79 67 tum
1089 2232 90 67 erit
1145 2232 135 67 essentia
1247 2232 79 67 sub
1292 2232 124 67 ratione
1382 2232 147 67 essentie.
1495 2232 56 67 â‹
1518 2232 68 67 Ad
1552 2232 102 67 istam
1620 2232 135 67 quaeonem
1710 2232 45 67 di

1040 2288 92 66 cunt
1097 2288 115 66 aliqui
1177 2288 92 66 quod
1235 2288 138 66 essentia
1338 2288 80 66 sub
1384 2288 115 66 ratioe
1465 2288 138 66 essentie
1568 2288 80 66 non
1614 2288 80 66 est
1649 2288 103 66 immedia

1040 2326 84 57 tum
1088 2326 72 57 et
1124 2326 144 57 proximum
1232 2326 168 57 principium
1364 2326 168 57 elicitiuum
1495 2326 192 57 generationis
1651 2326 84 57 vel
1687 2326 60 57 po-

1033 2371 114 66 tentia
1112 2371 160 66 generandi.
1238 2371 57 66 â‹
1261 2371 125 66 Secundo
1352 2371 91 66 quod
1409 2371 171 66 intellectus
1546 2371 80 66 est
1591 2371 160 66 immediatum
1705 2371 46 66 et

1041 2415 155 65 proximum
1157 2415 180 65 principium
1299 2415 180 65 elicitiuum
1441 2415 64 65 â‹
1466 2415 129 65 Tertio
1557 2415 103 65 quod
1608 2415 129 65 volunta-

1043 2450 89 68 non
1094 2450 64 68 â‹
1120 2450 127 68 Quarto
1208 2450 102 68 quod
1272 2450 89 68 non
1323 2450 191 68 intelligere
1475 2450 89 68 nec
1526 2450 114 68 actus
1590 2450 152 68 intelliged

1045 2493 114 72 Primum
1125 2493 137 72 probatur
1228 2493 91 72 sic.
1285 2493 69 72 vt
1319 2493 114 72 potest
1399 2493 103 72 elici
1468 2493 69 72 ex
1502 2493 114 72 dictur
1582 2493 91 72 suis
1639 2493 91 72 quia
1685 2493 57 72 sed

1035 2538 139 70 essentia
1139 2538 104 70 esset
1209 2538 162 70 immediatum
1336 2538 69 70 et
1371 2538 139 70 proximum
1475 2538 69 70 et
1509 2538 139 70 praecise
1613 2538 81 70 sub
1648 2538 104 70 ratione

1030 2579 170 72 essentie
1158 2579 199 72 principium
1314 2579 199 72 elicitiuum
1470 2579 241 72 generationis.
1655 2579 99 72 eadem

1026 2634 146 69 ratione
1132 2634 79 69 et
1171 2634 212 69 spirationis.
1344 2634 79 69 et
1383 2634 93 69 per
1436 2634 185 69 consequens
1582 2634 79 69 in
1608 2634 146 69 principio
