2251 3055
458 238 177 92 elicitiuo
594 238 150 92 istarum
703 238 136 92 duarum
799 238 218 92 productionum
975 238 122 92 nulla
1044 238 122 92 penitus

460 289 91 85 esset
521 289 152 85 distinctio.
643 289 142 85 consequens
754 289 71 85 est
795 289 112 85 falsum.
876 289 81 85 ergo
927 289 61 85 et
958 289 102 85 anent.
1029 289 122 85 falsitas
1110 289 61 85 con-

468 337 154 75 sequentis
587 337 107 75 patet
658 337 71 75 et
694 337 131 75 probant
789 337 119 75 aliqui
872 337 95 75 sic.
931 337 107 75 omnis
1003 337 166 75 pluralitas
1121 337 48 75 re

458 380 162 78 ducitur
576 380 88 78 ad
620 380 177 78 vnitatem
753 380 103 78 vel
812 380 88 78 ad
856 380 206 78 paucitatem
1019 380 147 78 tantam
1107 380 59 78 ad

465 428 188 78 quinantam
609 428 144 78 potest
710 428 159 78 reduci.
826 428 116 78 ergo
898 428 202 78 pluralitas
1042 428 130 78 actiuo-

454 470 96 81 rum
509 470 219 81 principiorum
687 470 178 81 reducetur
825 470 82 81 ad
866 470 165 81 vnitatem
989 470 96 81 vel
1044 470 82 81 ad
1071 470 110 81 tantam

462 513 183 81 paucitate
603 513 85 81 ad
645 513 155 81 quantam
758 513 141 81 reduci
857 513 155 81 potest.
970 513 99 81 sed
1026 513 99 81 non
1068 513 113 81 potest

462 556 136 74 reduci
558 556 82 74 ad
598 556 150 74 aliquod
707 556 109 74 vnum
775 556 191 74 principium
925 556 218 74 productiuum.
1088 556 82 74 quia

469 608 187 72 principia
612 608 201 72 productiua
771 608 101 72 que
828 608 115 72 sunt
900 608 144 72 natura
1001 608 86 72 et
1029 608 144 72 voluntas

464 644 130 77 habent
555 644 169 77 oppositos
686 644 104 77 modo
751 644 78 77 se
790 644 222 77 principiandi.
972 644 104 77 quia
1038 644 143 77 alterum
1129 644 52 77 in

463 697 162 70 clinatur
584 697 81 70 ex
624 697 81 70 se
664 697 81 70 ad
705 697 148 70 agendum
813 697 202 70 naturaliter
974 697 148 70 alterum
1068 697 108 70 libere

472 732 77 79 in
511 732 90 79 sua
562 732 167 79 potestate
690 732 115 79 habet
767 732 167 79 producere
895 732 90 79 ita
946 732 103 79 quod
1010 732 77 79 ad
1049 732 90 79 hoc
1100 732 77 79 ex
1126 732 51 79 se

462 774 83 82 non
510 774 179 82 naturaliter
653 774 179 82 inclinatur.
796 774 71 82 si
831 774 107 82 autem
903 774 179 82 reduceretur
1046 774 71 82 ad
1070 774 107 82 aliquod

474 814 115 82 vnum
545 814 201 82 principium
703 814 215 82 productiuum
875 814 129 82 illud
961 814 158 82 haberet
1062 814 129 82 determi

464 864 106 78 nate
530 864 146 78 alterum
636 864 119 78 modum
716 864 225 78 principiandi.
901 864 93 78 vel
955 864 106 78 enim
1021 864 119 78 esset
1100 864 80 78 ex
1127 864 53 78 se

464 906 223 81 productiuum
642 906 223 81 determinate
820 906 104 81 per
880 906 134 81 modum
968 906 148 81 nature
1072 906 104 81 vel
1117 906 74 81 non

472 950 84 72 ex
514 950 84 72 se
556 950 224 72 determinate.
738 950 98 72 sed
794 950 140 72 libere
891 950 84 72 et
933 950 98 72 ita
989 950 98 72 per
1045 950 126 72 modum
1115 950 70 72 vo-

474 994 193 74 luntatis.
623 994 119 74 ergo
697 994 104 74 non
756 994 163 74 possunt
875 994 149 74 reduci
979 994 89 74 ad
1009 994 178 74 paucitatem

468 1040 130 76 minorem
562 1040 94 76 quod
621 1040 71 76 ad
657 1040 165 76 dualitatem
786 1040 153 76 principii
904 1040 141 76 scilicet
1010 1040 165 76 productiui
1128 1040 59 76 per

465 1086 122 73 modum
547 1086 135 73 nature
641 1086 81 73 et
682 1086 176 73 principii
817 1086 189 73 productiui
966 1086 95 73 per
1020 1086 122 73 modum
1088 1086 108 73 volun-

482 1126 122 72 tatis.
567 1126 61 72 â‹
592 1126 135 72 Secundo
690 1126 122 72 ponit.
776 1126 98 72 quia
837 1126 147 72 essentia
947 1126 73 72 et
984 1126 184 72 intellectus
1119 1126 73 72 sunt

473 1167 135 70 totale
567 1167 202 70 principium.
729 1167 135 70 dicens
823 1167 108 70 sic.
891 1167 94 70 hoc
945 1167 121 70 totum
1012 1167 189 70 intellectus-

479 1213 133 70 habens
572 1213 160 70 obiectum
692 1213 107 70 actu
759 1213 227 70 intelligibile
946 1213 107 70 sibi
1012 1213 173 70 praesens.
1132 1213 67 70 ha-

485 1256 88 75 bet
536 1256 150 75 rationem
648 1256 138 75 memorie
749 1256 150 75 perfecte
862 1256 75 75 in
899 1256 100 75 actu
962 1256 113 75 primo
1037 1256 88 75 qui
1075 1256 125 75 scilicet

477 1299 99 81 est
533 1299 198 81 immediatum
689 1299 198 81 principium
844 1299 127 81 actus
929 1299 155 81 secundi
1042 1299 85 81 et
1070 1299 127 81 notitie

488 1342 161 82 genite.
605 1342 88 82 In
649 1342 102 82 hoc
708 1342 132 82 autem
796 1342 190 82 principio
942 1342 117 82 quod
1015 1342 102 82 est
1059 1342 132 82 memoria

489 1391 199 75 concurrunt
645 1391 99 75 duo
702 1391 99 75 que
758 1391 113 75 vnum
829 1391 199 75 principium
985 1391 213 75 constituunt
1141 1391 57 75 to

486 1431 110 78 tale.
559 1431 147 78 videliet
669 1431 147 78 essentia
780 1431 73 78 in
816 1431 135 78 ratione
914 1431 135 78 obiecti
1012 1431 73 78 et
1037 1431 159 78 intellectus

482 1476 126 77 quorum
570 1476 151 77 vtrumque
683 1476 88 77 est
734 1476 113 77 quasi
809 1476 151 77 partiale
922 1476 176 77 principium
1047 1476 151 77 respecitum

479 1525 220 77 productionis
658 1525 165 77 adequate
782 1525 110 77 huic
851 1525 138 77 totali
947 1525 193 77 principio.
1099 1525 96 77 sic
1140 1525 69 77 er-

496 1562 75 81 go
534 1562 176 81 principium
672 1562 188 81 productiuum
822 1562 88 81 est
873 1562 88 81 tam
923 1562 150 81 essentia
1036 1562 100 81 quam
1086 1562 125 81 intelle-

498 1608 95 77 ctus
558 1608 59 77 â‹
581 1608 131 77 Tertium
676 1608 154 77 probatur.
795 1608 95 77 quia
855 1608 166 77 principium
985 1608 178 77 productiuum
1116 1608 83 77 vnius

494 1647 174 87 rationis
624 1647 87 87 in
667 1647 159 87 diuinis
783 1647 101 87 non
841 1647 145 87 potest
942 1647 145 87 habere
1043 1647 116 87 duas
1101 1647 116 87 produ-

492 1695 162 70 ctiones.
614 1695 122 70 nulla
695 1695 108 70 enim
763 1695 176 70 productio
898 1695 95 70 est
952 1695 95 70 ibi
1006 1695 108 70 nisi
1074 1695 122 70 vnius
1141 1695 68 70 ra-

504 1737 130 68 tionis.
598 1737 94 68 quia
657 1737 153 68 adequata.
775 1737 94 68 ergo
834 1737 82 68 cum
881 1737 141 68 spiritus
987 1737 130 68 sanctus
1070 1737 141 68 producatur

509 1784 86 72 per
558 1784 111 72 modum
632 1784 184 72 voluntatis.
779 1784 74 72 vt
816 1784 86 72 per
865 1784 172 72 principium
1000 1784 184 72 productiuum
1135 1784 74 72 fili

497 1831 79 63 us
536 1831 92 63 non
589 1831 92 63 sic
642 1831 198 63 producetur.
801 1831 66 63 â‹
827 1831 145 63 Quartum
933 1831 198 63 declaratur.
1091 1831 106 63 quia
1144 1831 66 63 me-

493 1871 124 65 moria
576 1871 82 65 in
617 1871 124 65 patre
699 1871 96 65 est
754 1871 192 65 principium
905 1871 192 65 operatiuum
1056 1871 151 65 patris.
1152 1871 69 65 quo

494 1911 148 86 scilicet
605 1911 74 86 vt
642 1911 99 86 actu
704 1911 111 86 primo
778 1911 111 86 pater
852 1911 173 86 formaliter
988 1911 185 86 intelligit.
1136 1911 87 86 est
1174 1911 49 86 et

493 1948 125 72 eadem
576 1948 153 72 memoria
688 1948 125 72 patri
771 1948 194 72 principium
924 1948 208 72 productiuum
1090 1948 97 72 quo
1132 1948 97 72 pater

496 2004 158 72 existens
614 2004 79 72 in
654 2004 105 72 actu
720 2004 119 72 primo
799 2004 158 72 producit
917 2004 79 72 vt
957 2004 92 72 est
1009 2004 79 72 in
1049 2004 105 72 actu
1102 2004 119 72 secundo

507 2040 150 72 notitiam
619 2040 150 72 genitam.
731 2040 75 72 et
768 2040 112 72 actus
843 2040 125 72 primus
931 2040 112 72 prior
1005 2040 87 72 est
1055 2040 137 72 secundo
1143 2040 87 72 prio-

501 2087 137 70 ritate
597 2087 178 70 originis.
734 2087 82 70 et
775 2087 110 70 ideo
844 2087 96 70 non
898 2087 164 70 fundatur
1022 2087 123 70 actus
1090 2087 137 70 producti

504 2127 86 75 uus
553 2127 110 75 super
626 2127 110 75 actum
700 2127 184 75 essentialem
847 2127 86 75 qui
895 2127 159 75 consistit
1018 2127 73 75 in
1055 2127 98 75 actu
1104 2127 122 75 secundo.

508 2173 165 71 videlicet
635 2173 89 71 qui
686 2173 89 71 est
737 2173 152 71 operatio
851 2173 114 71 quasi
927 2173 114 71 super
1003 2173 152 71 rationem
1104 2173 127 71 formalem

508 2218 179 67 eliciendi
646 2218 124 67 illum
728 2218 137 67 actum.
824 2218 96 67 sed
879 2218 192 67 quodammodo
1031 2218 179 67 praexigit
1154 2218 69 67 il-

521 2260 87 69 lum
570 2260 124 69 actum.
657 2260 99 69 quia
719 2260 112 69 actus
794 2260 124 69 primus
881 2260 87 69 qui
931 2260 87 69 est
980 2260 174 69 operatiuus
1117 2260 75 69 et
1142 2260 87 69 produ

520 2308 125 65 ctiuus
608 2308 88 65 est
658 2308 113 65 ratio
733 2308 188 65 perficiendi
884 2308 75 65 in
921 2308 100 65 actu
984 2308 138 65 secundo
1072 2308 150 65 suppositum

507 2350 79 70 in
546 2350 93 70 quo
599 2350 93 70 est
652 2350 132 70 quodam
745 2350 132 70 ordine
838 2350 119 70 prius
917 2350 106 70 quam
983 2350 212 70 intelligatur
1142 2350 93 70 produ

517 2391 76 74 ci
555 2391 114 74 illud
632 2391 102 74 quod
695 2391 190 74 producitur.
847 2391 140 74 operans
949 2391 102 74 enim
1012 2391 76 74 et
1050 2391 165 74 producens
1165 2391 63 74 per

517 2438 118 70 illud
596 2438 184 70 principium
740 2438 118 70 prius
819 2438 92 70 est
872 2438 145 70 operans
977 2438 105 70 quam
1043 2438 184 70 producens.
1174 2438 53 70 Ex

515 2478 139 72 emplum
612 2478 83 72 si
654 2478 139 72 lucere
751 2478 180 72 poneretur
889 2478 139 72 aliqua
986 2478 166 72 operatio
1111 2478 83 72 in
1139 2478 97 72 lumi-

518 2522 132 81 nolo.
606 2522 88 81 et
650 2522 219 81 illuminatio
826 2522 190 81 poneretur
972 2522 190 81 productio
1103 2522 132 81 luminis

516 2575 74 64 a
546 2575 194 64 luminoso.
695 2575 104 64 lux
754 2575 89 64 in
799 2575 179 64 luminoso
933 2575 104 64 est
993 2575 209 64 principium
1142 2575 89 64 quo-

527 2609 78 83 et
566 2609 157 83 respectu
684 2609 196 83 operationis
841 2609 92 83 que
893 2609 92 83 est
945 2609 144 83 lucere.
1050 2609 78 83 et
1076 2609 157 83 respecctum

1256 229 220 74 productonis
1433 229 103 74 que
1491 229 103 74 est
1550 229 220 74 illuminare.
1726 229 103 74 nec
1785 229 132 74 tamen
1859 229 118 74 lucere

1267 265 90 80 que
1319 265 116 80 esset
1396 265 154 80 operatio
1511 265 116 80 esset
1588 265 116 80 ratio
1665 265 154 80 formalis
1768 265 205 80 illuminationis

1266 308 93 80 que
1319 308 93 80 est
1372 308 185 80 productio.
1517 308 93 80 sed
1570 308 119 80 esset
1650 308 93 80 ibi
1703 308 106 80 ordo
1769 308 119 80 quasi
1835 308 146 80 effectuum

1256 352 205 66 ordinatorum
1420 352 82 66 ad
1461 352 137 66 eandem
1557 352 137 66 causam
1652 352 164 66 communem
1775 352 164 66 amborum.
1898 352 68 66 a
1912 352 68 66 qua

1272 395 208 71 immediatius
1438 395 166 71 procedit
1563 395 111 71 vnus
1633 395 166 71 effectus
1757 395 111 71 quam
1827 395 139 71 alius.
1910 395 69 71 Ita

1265 439 81 72 in
1305 439 175 72 proposito
1439 439 81 72 ad
1479 439 134 72 eundem
1573 439 121 72 actum
1654 439 134 72 primum
1748 439 107 72 quie
1815 439 94 72 est
1855 439 121 72 memoria

1276 489 106 67 pris
1342 489 145 67 ordinem
1447 489 145 67 quendam
1553 489 224 67 intelliguntur
1737 489 132 67 habere
1817 489 171 67 intelligere

1273 539 103 67 quod
1337 539 90 67 est
1389 539 154 67 operatio
1505 539 142 67 patris.
1608 539 77 67 et
1646 539 129 67 dicere
1736 539 103 67 quod
1801 539 90 67 est
1839 539 142 67 producere

1264 578 124 72 patris
1350 578 149 72 respectu
1462 578 136 72 notitie
1561 578 161 72 generate.
1685 578 87 72 non
1734 578 111 72 talem
1809 578 149 72 ordinem.
1908 578 74 72 quod

1276 627 196 62 intelligere
1432 627 130 62 patris
1524 627 91 62 sit
1576 627 117 62 causa
1654 627 91 62 vel
1706 627 183 62 principium
1837 627 156 62 elicitiuum

1273 660 122 75 dicere
1358 660 98 75 vbi.
1420 660 147 75 scilicet
1530 660 98 75 quod
1591 660 183 75 immediatius
1737 660 183 75 intelligere
1884 660 86 75 sit
1921 660 61 75 pro

1273 708 138 70 ductum
1370 708 69 70 a
1398 708 152 70 memoria
1508 708 152 70 patris.
1619 708 111 70 quam
1688 708 138 70 dicere
1785 708 97 70 vel
1841 708 138 70 verbum
1924 708 55 70 si

1275 745 177 84 productum
1412 745 82 84 ab
1453 745 136 84 eodem.
1548 745 68 84 â‹
1576 745 136 84 Contra
1671 745 123 84 istam
1753 745 177 84 opinionem
1876 745 109 84 posset

1275 791 108 71 argui
1347 791 84 71 per
1395 791 108 71 dicta
1467 791 72 71 in
1503 791 72 71 ii
1539 791 108 71 dist.
1611 791 84 71 vbi
1660 791 144 71 probatum
1768 791 84 71 est
1816 791 96 71 quod
1876 791 108 71 nulla
1936 791 60 71 est

1275 833 125 73 talis
1358 833 194 73 distinctio
1510 833 125 73 inter
1594 833 180 73 essentiam
1732 833 83 73 et
1774 833 180 73 quodcuque
1898 833 97 73 abso-

1281 880 95 70 lutum
1345 880 63 70 in
1376 880 84 70 deo.
1429 880 63 70 et
1460 880 74 70 per
1502 880 147 70 consequens
1618 880 63 70 vt
1649 880 116 70 aliquid
1733 880 137 70 absolutum
1838 880 74 70 sit
1880 880 95 70 ratio
1933 880 63 70 gene

1269 921 122 77 randi.
1354 921 135 77 oportet
1452 921 98 77 quod
1513 921 110 77 illam
1587 921 147 77 essentia
1697 921 73 77 et
1734 921 110 77 nihil
1807 921 159 77 absolutum
1917 921 98 77 quocum

1276 972 88 67 que
1327 972 101 67 modo
1390 972 76 67 ab
1427 972 151 67 essentia
1541 972 88 67 sit
1591 972 113 67 prima
1667 972 113 67 ratio
1742 972 176 67 generandi.
1881 972 63 67 â‹
1893 972 101 67 Contra

1281 1017 110 64 etiam
1354 1017 147 64 rationem
1465 1017 135 64 argutum
1563 1017 86 64 est
1612 1017 123 64 prius.
1698 1017 86 64 vbi
1747 1017 147 64 probatum
1857 1017 86 64 est
1906 1017 98 64 quod
1955 1017 49 64 ta

1280 1059 103 65 les
1339 1059 177 65 oppositi
1472 1059 118 65 modi
1546 1059 236 65 principiandi
1738 1059 162 65 possunt
1841 1059 162 65 competere

1281 1098 128 70 eidem
1366 1098 171 70 respectu
1495 1098 214 70 diuersorum.
1666 1098 71 70 â‹
1694 1098 157 70 Secundo
1809 1098 143 70 posset
1894 1098 100 70 argui

1282 1149 102 62 quia
1346 1149 114 62 sicut
1422 1149 178 62 probabitur
1562 1149 127 62 postea
1651 1149 102 62 spus
1714 1149 140 62 sanctus
1816 1149 178 62 producitur
1943 1149 51 62 na

1287 1187 178 70 turaliter
1425 1187 82 70 et
1466 1187 96 70 non
1521 1187 151 70 libere.
1630 1187 220 70 distinguendo
1809 1187 137 70 libere
1891 1187 110 70 contra

1294 1237 217 71 naturaliter.
1471 1237 68 71 â‹
1498 1237 176 71 Preterea.
1633 1237 135 71 posito
1728 1237 108 71 quod
1796 1237 122 71 tales
1864 1237 135 71 oppositi

1294 1278 110 69 modi
1363 1278 219 69 principiandi
1541 1278 96 69 non
1596 1278 151 69 possent
1705 1278 178 69 competere
1843 1278 137 69 eidem.
1938 1278 96 69 adÂ¬

1296 1320 77 68 huc
1340 1320 77 68 non
1384 1320 154 68 probaretur
1505 1320 143 68 intentum.
1615 1320 132 68 scilicet
1715 1320 88 68 quod
1770 1320 66 68 in
1803 1320 121 68 divinis
1891 1320 110 68 essent
1957 1320 55 68 due

1288 1366 230 73 productiones.
1477 1366 108 73 quia
1544 1366 95 73 non
1598 1366 95 73 est
1652 1366 216 73 inconueniens
1828 1366 108 73 quod
1895 1366 108 73 vnum
1949 1366 54 73 op

1291 1400 158 86 positorum
1413 1400 158 86 reducatur
1534 1400 73 86 ad
1571 1400 158 86 reliquum.
1693 1400 97 86 ergo
1753 1400 207 86 quantumcumque
1912 1400 97 86 essent

1293 1453 178 66 oppositi
1427 1453 119 66 modi
1501 1453 238 66 principiandi
1694 1453 89 66 et
1739 1453 104 66 non
1798 1453 163 66 possent
1902 1453 104 66 compe

1297 1497 112 64 tere
1367 1497 141 64 eidem.
1466 1497 98 64 non
1522 1497 127 64 esset
1606 1497 225 64 inconueniens
1789 1497 112 64 quod
1859 1497 127 64 modus
1930 1497 84 64 vnus

1297 1535 208 69 reduceretur
1463 1535 111 69 tali
1532 1535 194 69 reductione
1685 1535 83 69 ad
1726 1535 180 69 reliquum.
1865 1535 83 69 et
1906 1535 97 69 ita
1948 1535 69 69 non

1286 1574 152 74 obstante
1400 1574 101 74 illa
1463 1574 152 74 ratione.
1577 1574 126 74 posset
1665 1574 101 74 poni
1728 1574 76 74 in
1766 1574 88 74 deo
1817 1574 126 74 tantum
1905 1574 88 74 vna
1943 1574 63 74 pro

1300 1629 140 71 ductio.
1402 1629 63 71 â‹
1427 1629 127 71 Contra
1516 1629 152 71 secundum
1630 1629 114 71 etiam
1706 1629 140 71 argutum
1808 1629 89 71 est
1859 1629 127 71 prius.
1935 1629 76 71 quod

1304 1667 94 69 non
1357 1667 94 69 est
1411 1667 121 69 talis
1492 1667 188 69 distinctio
1639 1667 94 69 ibi
1693 1667 121 69 inter
1773 1667 201 69 intellectum
1934 1667 81 69 et
1961 1667 54 69 ob

1299 1715 143 73 iectum
1399 1715 157 73 tanquam
1513 1715 129 73 inter
1599 1715 186 73 absoluta.
1742 1715 100 73 sed
1799 1715 114 73 omne
1856 1715 157 73 absolutum

1298 1750 89 71 est
1349 1750 89 71 ibi
1400 1750 178 71 formaliter
1539 1750 190 71 intellectus
1691 1750 76 71 et
1729 1750 152 71 voluntas
1844 1750 76 71 et
1869 1750 152 71 huiusmodi.

1295 1800 75 74 â‹
1325 1800 149 74 Contra
1430 1800 134 74 etiam
1519 1800 194 74 sequentia
1669 1800 164 74 argutum
1788 1800 105 74 est
1848 1800 149 74 prius.
1937 1800 90 74 ideo

1300 1847 173 60 transeo
1426 1847 141 60 modo.
1520 1847 157 60 Contra
1630 1847 126 60 istu
1709 1847 141 60 modum
1803 1847 173 60 ponendi
1913 1847 110 60 pate-

1297 1891 98 69 bit
1353 1891 140 69 infra.
1451 1891 112 69 dis.
1520 1891 70 69 x
1548 1891 70 69 â‹
1576 1891 140 69 Contra
1674 1891 154 69 tertium
1786 1891 112 69 vnum
1842 1891 181 69 productiuum

1310 1933 121 63 vnius
1390 1933 161 63 rationis
1511 1933 134 63 potest
1604 1933 134 63 habere
1698 1933 121 63 plura
1779 1933 161 63 producta
1899 1933 80 63 et
1926 1933 94 63 vnius

1314 1972 150 68 rationis
1426 1972 75 68 et
1463 1972 150 68 alterius
1575 1972 162 68 rationis.
1700 1972 100 68 ergo
1762 1972 87 68 non
1812 1972 150 68 obstante
1924 1972 100 68 quod
1974 1972 50 68 vo

1309 2025 144 60 luntas
1409 2025 101 60 sit
1467 2025 144 60 vnica.
1568 2025 158 60 poterit
1683 2025 115 60 esse
1755 2025 201 60 productiua
1899 2025 129 60 plurium

1316 2062 185 67 suppositorum
1467 2062 69 67 in
1501 2062 139 67 diuinis.
1605 2062 69 67 et
1640 2062 81 67 per
1686 2062 162 67 consequens
1813 2062 127 67 quamuis
1906 2062 81 67 sit
1940 2062 81 67 produ

1306 2103 123 72 ctiua
1388 2103 164 72 spiritus
1511 2103 137 72 sancti
1607 2103 150 72 poterit
1716 2103 109 72 esse
1784 2103 191 72 productiua
1921 2103 109 72 filii.

1315 2159 115 65 nisi
1387 2159 130 65 aliud
1473 2159 187 65 obstaret.
1617 2159 173 65 Preterea
1746 2159 101 65 non
1804 2159 130 65 magis
1890 2159 101 65 est
1934 2159 86 65 inco

1316 2192 148 74 ueniens
1423 2192 148 74 aliquid
1531 2192 175 74 producens
1666 2192 135 74 libere
1760 2192 189 74 concurrere
1909 2192 81 74 ad
1936 2192 94 74 produ

1323 2242 136 67 ctionem
1421 2242 148 67 alicuius
1533 2242 185 67 naturaliter
1681 2242 161 67 producti.
1804 2242 99 67 quam
1866 2242 136 67 aliquid
1953 2242 86 67 produ

1318 2279 108 66 cens
1385 2279 203 66 naturaliter
1547 2279 189 66 concurrere
1696 2279 81 66 ad
1736 2279 216 66 productionem
1898 2279 135 66 alicuius

1323 2321 124 72 libere
1409 2321 161 72 producti.
1533 2321 86 72 sed
1582 2321 148 72 secundum
1693 2321 111 72 istos
1767 2321 74 72 ad
1804 2321 198 72 productionem
1953 2321 86 72 spiri

1318 2373 169 63 tussancti
1448 2373 169 63 concurrit
1579 2373 143 63 natura.
1683 2373 104 63 quae
1748 2373 91 63 non
1800 2373 104 63 agit
1866 2373 104 63 nisi
1931 2373 104 63 modo
1983 2373 52 63 na

1320 2414 110 67 ture.
1393 2414 73 67 et
1430 2414 110 67 spius
1503 2414 135 67 sanctus
1601 2414 122 67 libere
1687 2414 183 67 producitur:
1833 2414 110 67 ergo.
1894 2414 135 67 assumpti-

1322 2456 107 69 patet
1394 2456 84 69 per
1441 2456 119 69 istos.
1525 2456 95 69 quia
1585 2456 95 69 ipsi
1644 2456 119 69 dicunt
1728 2456 95 69 quod
1787 2456 107 69 sicut
1859 2456 179 69 intellectus
1990 2456 48 69 ha

1322 2503 105 58 bens
1387 2503 157 58 obiectum
1505 2503 222 58 intelligibile
1688 2503 105 58 sibi
1753 2503 157 58 praesens
1871 2503 92 58 est
1910 2503 131 58 producti

1324 2539 94 70 uus
1377 2539 134 70 verbi.
1471 2539 94 70 ita
1524 2539 160 70 voluntas
1644 2539 134 70 habens
1738 2539 160 70 obiectum
1858 2539 160 70 cognitum
1965 2539 80 70 sibi

1319 2584 139 76 praesens
1424 2584 81 76 est
1470 2584 162 76 principium
1598 2584 186 76 communicandi
1749 2584 139 76 spiritui
1853 2584 116 76 sancto
1923 2584 116 76 naturam.
