2287 3077
279 195 98 68 ergo
340 195 86 68 qua
389 195 135 68 ratione
487 195 122 68 ponunt
572 195 98 68 quod
633 195 147 68 obiectum
743 195 147 68 praesens
853 195 73 68 in
878 195 110 68 menoria

275 255 168 57 concurrit
404 255 77 57 ad
443 255 207 57 productionem
611 255 129 57 verbi.
701 255 116 57 sicut
778 255 155 57 partiale
882 255 103 57 princi

263 302 120 57 pium.
342 302 120 57 eadem
422 302 146 57 ratione
529 302 133 57 ponent
622 302 106 57 quod
688 302 160 57 obiectum
808 302 160 57 cognitum
914 302 80 57 com-

268 339 130 65 currit
359 339 143 65 tanquam
462 339 156 65 partiale
579 339 78 65 ad
618 339 207 65 productionem
787 339 156 65 spiritus
890 339 104 65 sancti

274 389 69 53 ⁋
302 389 166 53 Preterea
426 389 166 53 voluntas
550 389 83 53 si
592 389 97 53 non
647 389 179 53 concurrat
785 389 152 53 tanquam
882 389 110 53 princi

265 427 112 62 pium
335 427 182 62 partiale.
475 427 98 62 aut
531 427 98 62 hoc
587 427 98 62 est
642 427 154 62 propter
754 427 238 62 sufficientiam
936 427 56 62 et

275 475 209 58 perfectionem
444 475 209 58 intellectus.
614 475 91 58 qua
666 475 183 58 sufficiens
809 475 91 58 est
862 475 104 58 sine
914 475 78 58 omni

260 518 115 56 alio
331 518 86 56 ad
375 518 215 56 producendum
547 518 158 56 verbum.
662 518 101 56 aut
719 518 158 56 propter
820 518 172 56 posteriori

266 563 140 57 tatem
360 563 140 57 ipius
453 563 218 57 voluntatis
624 563 109 57 vel
687 563 140 57 actus
780 563 109 57 sui
827 563 171 57 respectus

265 608 122 55 actus
347 608 136 55 ipsius
442 608 218 55 intellectus.
619 608 95 55 aut
673 608 109 55 quia
741 608 122 55 actus
809 608 177 55 intellectus

257 653 98 53 non
313 653 98 53 est
369 653 127 53 natus
454 653 112 53 esse
524 653 70 53 a
552 653 197 53 voluntate.
707 653 98 53 Non
763 653 155 53 propter
861 653 127 53 primum.

263 697 94 52 qui
316 697 121 52 eadem
397 697 148 52 ratione
505 697 148 52 deberet
612 697 108 52 poni
680 697 108 52 quod
747 697 121 52 solus
814 697 175 52 intellectus

277 741 84 53 vel
325 741 96 53 sola
385 741 145 53 essentia
494 741 108 53 esset
566 741 169 53 principium
699 741 181 53 productiuum
843 741 121 53 verbi.
916 741 72 53 quia

275 785 140 55 neutrum
377 785 127 55 potest
466 785 102 55 esse
530 785 178 55 principium
670 785 204 55 insufficiens
835 785 89 55 nec
873 785 115 55 imperfe

274 828 111 49 ctum.
348 828 74 49 et
385 828 111 49 tamen
459 828 99 49 ipse
520 828 111 49 ponit
594 828 99 49 quod
656 828 74 49 ad
693 828 197 49 productionem
853 828 111 49 verbi
915 828 74 49 con-

263 886 135 43 currit
358 886 95 43 tam
412 886 135 43 natura
507 886 108 43 quam
575 886 217 43 intellectus.
751 886 108 43 ergo
819 886 95 43 non
860 886 135 43 obstante

274 918 110 53 ipsa
343 918 206 53 perfectione
508 918 206 53 intellectus
673 918 137 53 posset
769 918 192 53 conuertere
907 918 82 53 ipsa

271 964 159 47 voluntas.
393 964 85 47 Nec
442 964 134 47 propter
539 964 146 47 secundum
649 964 98 47 quia
710 964 146 47 secundum
820 964 85 47 eum
869 964 85 47 tam
906 964 85 47 volun

264 1001 104 57 tas:
329 1001 104 57 quam
394 1001 117 57 actus
473 1001 104 57 suus
538 1001 170 57 praecedit
669 1001 144 57 origine
773 1001 117 57 actum
838 1001 157 57 producendi

263 1047 159 53 verbum.
378 1047 72 53 ⁋
407 1047 87 53 Si
450 1047 159 53 dicatur
565 1047 115 53 quod
638 1047 130 53 sicut
724 1047 130 53 actus
811 1047 159 53 volendi
911 1047 87 53 pre-

265 1089 172 62 supponit
394 1089 129 62 actum
479 1089 172 62 dicendi.
608 1089 100 62 ita
666 1089 129 62 actus
752 1089 200 62 producendi
895 1089 100 62 ipius

269 1134 183 48 voluntatis
412 1134 209 48 praesupponit
582 1134 117 48 actum
660 1134 183 48 producendi
803 1134 130 48 ipsius
882 1134 104 48 intel-

270 1179 145 51 lectus.
375 1179 79 51 et
415 1179 92 51 ita
468 1179 158 51 voluntas
586 1179 132 51 nullum
679 1179 119 51 actum
758 1179 185 51 producendi
890 1179 105 51 potest

276 1224 130 48 habere
367 1224 104 48 nisi
432 1224 104 48 post
497 1224 117 48 actum
575 1224 156 48 dicendi.
692 1224 78 48 et
731 1224 91 48 ita
783 1224 91 48 non
835 1224 130 48 potest
913 1224 78 48 ante

270 1269 97 55 esse
330 1269 169 55 principium
463 1269 181 55 productiuum
608 1269 193 55 cuiuscumque.
765 1269 121 55 Contra
838 1269 145 55 quantumcum

262 1311 98 59 que
318 1311 154 59 aliquis
430 1311 126 59 actus
515 1311 197 59 producendi
669 1311 140 59 ipsius
767 1311 197 59 voluntatis
908 1311 84 59 pre-

261 1360 210 52 supponeret
426 1360 165 52 aliquem
546 1360 135 52 actum
635 1360 120 52 ipus
710 1360 240 52 intellectus.
890 1360 90 52 quia

274 1400 105 45 tamen
345 1400 141 45 secundum
450 1400 105 45 istos
520 1400 94 45 idem
579 1400 117 45 potest
661 1400 94 45 esse
720 1400 164 45 principium
848 1400 129 45 plurium
930 1400 59 45 or-

262 1443 109 53 dine
330 1443 149 53 quodam.
439 1443 95 53 non
493 1443 95 53 est
548 1443 217 53 inconueniens
724 1443 109 53 quin
792 1443 163 53 voluntas
901 1443 81 53 con-

275 1488 145 54 turrat
376 1488 130 54 primo
463 1488 101 54 cum
520 1488 202 54 intellectu
679 1488 87 54 ad
723 1488 130 54 actum
810 1488 174 54 dicendi.
925 1488 58 54 et

268 1538 115 47 post
339 1538 216 47 intellectus
512 1538 187 47 concurrat
656 1538 101 47 cum
713 1538 187 47 voluntate
857 1538 86 47 ad
885 1538 101 47 actum

261 1577 190 44 spirandi.
407 1577 88 44 et
451 1577 102 44 ita
509 1577 131 44 salte
597 1577 131 44 nulla
685 1577 248 44 posterioritas
874 1577 117 44 ipsius

268 1620 193 53 voluntatis
420 1620 83 53 et
461 1620 124 53 actus
544 1620 96 53 sui
599 1620 207 53 essentialis
764 1620 152 53 impedit
875 1620 110 53 quin
930 1620 55 53 vo

262 1662 137 51 luntas
358 1662 96 51 sit
413 1662 191 51 principium
563 1662 191 51 producendi
713 1662 150 51 verbum.
822 1662 96 51 Nec
863 1662 123 51 tertium

264 1701 162 49 impedit.
385 1701 108 49 quia
453 1701 135 49 saltem
547 1701 122 49 actus
628 1701 203 49 intellectus
790 1701 149 49 aliquis
885 1701 95 49 natus

265 1754 103 48 est
324 1754 118 48 esse
398 1754 74 48 a
428 1754 207 48 voluntate.
590 1754 89 48 et
634 1754 148 48 maxime
738 1754 103 48 qui
782 1754 207 48 praesupponit

267 1794 106 46 vnum
333 1794 119 46 actum
412 1794 199 46 intellectus
571 1794 79 46 et
611 1794 119 46 etiam
691 1794 106 46 vnum
757 1794 119 46 actum
823 1794 159 46 voluntatis

279 1835 105 58 Patet
350 1835 82 58 hoc
396 1835 70 58 in
432 1835 105 58 nobis
502 1835 164 58 manifeste.
631 1835 70 58 et
666 1835 141 58 secundum
771 1835 105 58 istos
841 1835 70 58 et
865 1835 117 58 secundum

261 1889 178 45 veritatem.
401 1889 89 45 sed
452 1889 153 45 secundum
566 1889 114 45 istos
643 1889 114 45 actus
719 1889 140 45 dicendi
808 1889 178 45 praesupponit

263 1929 94 50 tam
316 1929 121 50 actum
397 1929 188 50 voluntatis
545 1929 108 50 quam
613 1929 121 50 actum
693 1929 202 50 intellectus
841 1929 135 50 essentia

271 1968 93 55 lem.
330 1968 93 55 ergo
388 1968 82 55 non
435 1968 82 55 est
481 1968 187 55 inconueniens
633 1968 93 55 quod
691 1968 82 55 sit
738 1968 58 55 a
761 1968 152 55 voluntate
866 1968 105 55 tamquam

269 2012 66 55 a
295 2012 173 55 principio
428 2012 186 55 elicitiuo.
574 2012 146 55 quamuis
680 2012 120 55 alius
760 2012 120 55 actus
827 2012 159 55 voluntatis

265 2054 192 49 sequeretur
416 2054 124 49 illum
499 2054 124 49 actum
581 2054 151 49 dicendi
691 2054 69 49 ⁋
719 2054 137 49 Contra
815 2054 151 49 quartum
911 2054 69 49 vi-

268 2101 137 54 delicet
367 2101 100 54 quod
429 2101 112 54 actus
504 2101 199 54 intelligendi
666 2101 87 54 sit
715 2101 174 54 principium
852 2101 100 54 quo.
902 2101 87 54 sicut

260 2142 108 49 ipse
328 2142 203 49 intellectus
491 2142 95 49 vel
545 2142 176 49 essentia.
681 2142 68 49 ⁋
708 2142 122 49 Primo
789 2142 108 49 quia
857 2142 122 49 sicut
925 2142 54 49 in

265 2187 144 47 creaturis
376 2187 100 47 nihil
443 2187 144 47 absolutum
554 2187 167 47 neccessario
687 2187 67 47 et
720 2187 189 47 essentialiter
865 2187 111 47 praesup-

260 2227 147 57 ponatur
366 2227 133 57 alteri
459 2227 160 57 absoluto
579 2227 107 57 nisi
646 2227 93 57 sit
699 2227 107 57 eius
766 2227 120 57 causa
846 2227 80 57 in
872 2227 107 57 aliquo

258 2284 119 48 genere
342 2284 107 48 cause
413 2284 143 48 secundum
521 2284 119 48 istos.
604 2284 84 48 ita
652 2284 72 48 in
688 2284 131 48 divinis
783 2284 107 48 nihil
843 2284 143 48 praesuppo-

251 2315 120 61 nitur
330 2315 120 61 actui
410 2315 199 61 productiuo.
570 2315 106 61 nisi
636 2315 133 61 habeat
729 2315 160 61 rationem
836 2315 146 61 principii

258 2370 147 49 respectu
368 2370 135 49 illius.
466 2370 98 49 ergo
527 2370 86 49 cum
576 2370 147 49 secundum
686 2370 110 49 istum
760 2370 110 49 actus
821 2370 159 49 intelligen-

255 2407 70 57 di
290 2407 209 57 praesupponitur
465 2407 105 57 actui
534 2407 128 57 dicendi
628 2407 140 57 secundum
732 2407 81 57 eos
779 2407 128 57 oportet
872 2407 93 57 quod
918 2407 70 57 habe

260 2448 79 49 at
299 2448 157 49 respectu
417 2448 131 49 illius
509 2448 144 49 aliquam
613 2448 157 49 rationem
731 2448 183 49 principii.
875 2448 79 49 et
901 2448 79 49 ideo

260 2493 94 55 sicut
322 2493 94 55 alias
385 2493 126 55 probatum
479 2493 84 55 est.
532 2493 168 55 quandocumque
668 2493 105 55 aliqui
741 2493 126 55 effectus
825 2493 157 55 essentialiter

260 2537 166 49 ordinant.
388 2537 127 49 semper
477 2537 115 49 prior
553 2537 153 49 effectus
668 2537 115 49 habet
744 2537 153 49 rationem
859 2537 115 49 cause
922 2537 64 49 re-

258 2584 155 72 spectu
366 2584 248 72 posterioris.
567 2584 77 72 ⁋
598 2584 186 72 Preterea
737 2584 139 72 arguo
830 2584 108 72 per
877 2584 108 72 argu

1083 196 133 65 mentum
1176 196 133 65 istius
1268 196 106 65 sic.
1335 196 146 65 quicqud
1441 196 80 65 de
1481 196 146 65 ratione
1587 196 93 65 sua
1640 196 146 65 formali
1733 196 66 65 est

1076 253 177 57 principium
1215 253 189 57 productiuum
1367 253 76 57 in
1405 253 164 57 quocumque
1531 253 88 57 est
1581 253 101 57 sine
1632 253 164 57 imperfectio

1091 300 92 46 ne.
1143 300 79 46 in
1183 300 79 46 eo
1222 300 92 46 est
1275 300 184 46 principium
1419 300 144 46 product
1524 300 105 46 uum.
1590 300 92 46 sed
1642 300 118 46 actus
1708 300 105 46 intel-

1075 341 147 57 ligendi
1182 341 80 57 ex
1222 341 147 57 ratione
1329 341 94 57 sua
1383 341 147 57 formali
1490 341 94 57 est
1543 341 187 57 principium
1677 341 134 57 producti

1075 385 95 50 uum
1130 385 164 50 habitus.
1253 385 109 50 ergo
1321 385 82 50 in
1362 385 177 50 quocumque
1498 385 150 50 ponatur
1607 385 109 50 sine
1662 385 136 50 imperfe-

1082 431 135 49 ctione
1176 431 81 49 in
1216 431 81 49 eo
1257 431 108 49 erit
1324 431 188 49 principium
1472 431 215 49 productiuum.
1647 431 94 49 sed
1701 431 81 49 in
1728 431 67 49 deo

1081 474 84 52 est
1129 474 96 52 sine
1189 474 216 52 imperfectione.
1369 474 96 52 ergo
1429 474 72 52 in
1465 474 72 52 eo
1501 474 96 52 erit
1561 474 168 52 principium
1681 474 120 52 producti

1082 521 101 54 uum.
1145 521 76 54 et
1183 521 88 54 non
1234 521 101 54 nisi
1297 521 126 54 verbi.
1385 521 101 54 ergo
1448 521 101 54 etc.
1511 521 114 54 Istud
1587 521 177 54 argumentum
1713 521 76 54 eri-

1076 562 136 50 bonum.
1171 562 81 50 si
1212 562 190 50 argumentum
1362 562 109 50 suum
1429 562 122 50 valet
1511 562 95 50 per
1565 562 109 50 quod
1633 562 136 50 probat
1715 562 81 50 quod

1078 606 212 49 intellectus
1248 606 141 49 habens
1347 606 113 49 actu
1417 606 170 49 obiectum
1544 606 240 49 intelligibile
1728 606 71 49 si-

1072 651 80 46 bi
1112 651 160 46 praesens
1231 651 93 46 est
1285 651 186 46 principium
1431 651 200 46 productiuum
1591 651 146 46 notitie
1684 651 120 46 genite.

1074 696 65 60 ⁋
1100 696 104 60 Ideo
1165 696 129 60 aliter
1255 696 168 60 respondeo
1385 696 78 60 ad
1424 696 181 60 questionem
1566 696 207 60 consequenter
1734 696 78 60 ad
1760 696 65 60 pre

1087 740 132 52 cedentia
1186 740 88 52 quod
1241 740 110 52 tantum
1319 740 66 52 in
1352 740 121 52 diuinis
1440 740 77 52 sit
1484 740 132 52 praecise
1583 740 143 52 essentia.
1694 740 77 52 ita
1727 740 66 52 quod

1078 781 99 54 non
1134 781 99 54 est
1191 781 99 54 ibi
1247 781 155 54 aliquod
1360 781 183 54 absolutum
1501 781 183 54 quocumque
1642 781 113 54 modo
1712 781 85 54 ex
1741 781 70 54 na-

1073 823 101 51 tura
1137 823 89 51 rei
1187 823 190 51 distinctum.
1340 823 89 51 vel
1390 823 89 51 non
1441 823 101 51 idem
1504 823 89 51 cum
1555 823 152 51 essentia
1669 823 76 51 et
1695 823 101 51 dictum

1079 870 91 48 est
1131 870 78 48 in
1170 870 195 48 praecedenti
1326 870 169 48 questione
1456 870 104 48 quod
1521 870 143 48 aliquod
1625 870 169 48 absolutum
1742 870 65 48 est

1083 912 173 58 principium
1218 912 185 58 elicitiuum.
1367 912 99 58 Ideo
1428 912 99 58 dico
1490 912 99 58 quod
1552 912 148 58 essentia
1663 912 86 58 sub
1700 912 111 58 ratione

1080 960 156 47 essentie
1197 960 91 47 est
1249 960 182 47 principium
1392 960 182 47 elicitiuum
1535 960 156 47 generati
1652 960 104 47 onis
1704 960 104 47 verbi-

1078 1002 90 51 Tame
1134 1002 79 51 pro
1179 1002 113 51 dictis
1258 1002 147 51 aliquibus
1371 1002 158 51 communibus
1495 1002 113 51 quibus
1574 1002 124 51 dicitur
1664 1002 90 51 quod
1709 1002 90 51 filius

1078 1052 165 48 procedit
1202 1052 96 48 per
1257 1052 123 48 modum
1339 1052 206 48 intellectus
1503 1052 96 48 non
1558 1052 96 48 per
1613 1052 123 48 modum
1682 1052 123 48 volunta

1072 1091 110 48 tis.
1141 1091 83 48 et
1182 1091 138 48 spiris
1279 1091 151 48 sanctus
1389 1091 165 48 ecouerso
1512 1091 96 48 per
1567 1091 124 48 modum
1636 1091 165 48 voluntatis

1081 1133 83 55 et
1123 1133 97 55 non
1178 1133 97 55 per
1233 1133 125 55 modum
1316 1133 221 55 intellectus.
1496 1133 111 55 Dico
1566 1133 111 55 quod
1621 1133 180 55 intellectus

1075 1179 82 57 et
1116 1179 164 57 voluntas
1240 1179 233 57 multipliciter
1431 1179 219 57 accipiuntur.
1609 1179 96 57 Uno
1664 1179 110 57 modo
1719 1179 82 57 quod

1076 1220 208 50 intellectus
1242 1220 125 50 dicat
1325 1220 166 50 praecise
1450 1220 152 50 aliquid
1561 1220 180 50 absolutum
1699 1220 83 50 in
1727 1220 83 50 deo.

1077 1263 132 56 nihil
1166 1263 191 56 notionale
1313 1263 221 56 determinate
1489 1263 221 56 connotando.
1666 1263 88 56 et
1695 1263 103 56 eodem

1070 1312 113 45 modo
1140 1312 169 45 voluntas
1267 1312 127 45 dicat
1352 1312 113 45 etc.
1422 1312 70 45 ⁋
1451 1312 113 45 Alio
1521 1312 113 45 modo
1591 1312 113 45 quod
1662 1312 127 45 dicat
1732 1312 85 45 ali-

1076 1356 127 49 quid
1155 1356 206 49 absolutum
1314 1356 174 49 aliquod
1441 1356 254 49 determinatum
1631 1356 174 49 notionale

1073 1394 191 58 connotando.
1226 1394 76 58 Et
1264 1394 114 58 eodem
1340 1394 102 58 modo
1404 1394 89 58 mdo
1454 1394 127 58 potest
1543 1394 165 58 distingui
1670 1394 76 58 de
1696 1394 114 58 intelli

1079 1436 100 56 gere
1142 1436 75 56 et
1180 1436 113 56 velle
1255 1436 75 56 et
1293 1436 138 56 ceteris
1393 1436 188 56 attributis.
1544 1436 75 56 Et
1582 1436 88 56 non
1632 1436 88 56 est
1682 1436 100 56 ista
1732 1436 63 56 di-

1071 1480 158 51 stinctio
1189 1480 158 51 alicuius
1308 1480 105 51 quod
1374 1480 92 51 est
1426 1480 79 51 in
1466 1480 92 51 deo
1519 1480 119 51 quasi
1598 1480 145 51 aliquid
1703 1480 79 51 in
1729 1480 66 51 deo

1079 1524 122 56 possit
1164 1524 85 56 sic
1213 1524 73 56 et
1249 1524 122 56 aliter
1335 1524 134 56 accipi.
1432 1524 85 56 sed
1481 1524 85 56 est
1530 1524 171 56 distinctio
1652 1524 158 56 praedicabi-

1076 1572 107 53 lium
1142 1572 80 53 de
1182 1572 93 53 deo
1236 1572 107 53 quae
1302 1572 93 53 non
1356 1572 107 53 sunt
1422 1572 107 53 deus
1489 1572 67 53 ⁋
1516 1572 120 53 Primo
1596 1572 107 53 modo
1663 1572 107 53 dico
1716 1572 80 53 quod

1072 1608 203 56 intellectus
1235 1608 95 56 est
1289 1608 189 56 principium
1437 1608 189 56 cuiussibet
1586 1608 216 56 productionis
1748 1608 54 56 et

1074 1656 146 49 similiter
1186 1656 146 49 voluntas.
1299 1656 90 49 quia
1355 1656 90 49 ipsa
1411 1656 135 49 voluntas
1513 1656 79 49 est
1558 1656 169 49 simpliciter
1681 1656 124 49 indistin-

1079 1701 93 56 cta
1132 1701 80 56 et
1172 1701 80 56 ab
1212 1701 160 56 essentia
1332 1701 80 56 et
1372 1701 80 56 ab
1412 1701 200 56 intellectu.
1572 1701 80 56 et
1612 1701 120 56 ideo.
1679 1701 120 56 quicqud

1068 1748 192 48 attribuitur
1221 1748 89 48 vni
1273 1748 77 48 et
1311 1748 140 48 alteri.
1413 1748 77 48 si
1451 1748 115 48 tamen
1528 1748 192 48 intellectus
1681 1748 77 48 et
1707 1748 89 48 volun

1084 1789 88 55 tas
1135 1789 240 55 distinguerentur
1337 1789 76 55 in
1375 1789 177 55 creaturis.
1514 1789 88 55 non
1565 1789 126 55 essent
1653 1789 126 55 nomina
1729 1789 63 55 sp-

1073 1831 134 47 nonima
1167 1831 148 47 propter
1274 1831 134 47 causam
1368 1831 121 47 prius
1449 1831 148 47 dictam.
1556 1831 94 47 sed
1610 1831 107 47 isto
1677 1831 107 47 modo
1731 1831 67 47 non

1078 1879 187 56 loquuntur
1221 1879 86 56 de
1264 1879 201 56 intellectu
1422 1879 86 56 et
1466 1879 187 56 voluntate
1609 1879 129 56 recte
1681 1879 115 56 loquen

1071 1924 87 52 tes
1120 1924 75 52 de
1158 1924 100 52 eis.
1220 1924 125 52 quando
1307 1924 174 52 attribuunt
1444 1924 137 52 aliquid
1544 1924 162 52 voluntati
1668 1924 75 52 et
1706 1924 87 52 non
1743 1924 50 52 in

1081 1970 159 49 tellectui
1203 1970 73 49 et
1239 1970 171 49 econuerso.
1374 1970 73 49 et
1410 1970 98 49 isto
1471 1970 98 49 modo
1532 1970 134 49 concedo
1630 1970 98 49 quod
1679 1970 122 49 essentia

1079 2007 79 49 est
1124 2007 147 49 principum
1237 2007 170 49 elicitiuum.
1373 2007 68 49 et
1407 2007 147 49 similiter
1520 2007 170 49 intellectus
1656 2007 68 49 et
1679 2007 113 49 voluntas

1080 2051 79 50 et
1119 2051 119 50 actus
1198 2051 211 50 intelligendi
1370 2051 79 50 et
1409 2051 119 50 actus
1489 2051 145 50 volendi
1594 2051 79 50 et
1634 2051 92 50 sic
1686 2051 79 50 de
1713 2051 92 50 omni-

1078 2095 98 64 bus
1134 2095 153 64 talibus
1245 2095 181 64 attributr
1385 2095 112 64 dico
1454 2095 112 64 quod
1524 2095 84 64 de
1566 2095 167 64 quolibet
1678 2095 125 64 istorum

1080 2136 174 55 verificatur
1219 2136 93 55 esse
1277 2136 162 55 principium
1405 2136 162 55 elicitiuum
1532 2136 81 55 non
1579 2136 81 55 pro
1625 2136 70 55 se
1660 2136 81 55 sed
1706 2136 81 55 pro
1741 2136 58 55 re.

1070 2190 106 46 puta
1136 2190 92 46 pro
1189 2190 132 46 divina
1281 2190 172 46 essentia.
1413 2190 145 46 Secundo
1519 2190 106 46 modo
1585 2190 198 46 intellectus
1730 2190 66 46 con

1072 2227 126 50 notat
1156 2227 126 50 ipsam
1240 2227 223 50 generationem
1421 2227 84 50 et
1463 2227 168 50 voluntas
1589 2227 126 50 ipsam
1658 2227 140 50 spiratio

1076 2275 89 49 nem.
1132 2275 89 49 tunc
1187 2275 111 49 quando
1265 2275 122 49 dicitur
1354 2275 89 49 quod
1410 2275 111 49 filius
1488 2275 134 49 procedit
1588 2275 78 49 per
1632 2275 100 49 modum
1688 2275 111 49 intelle-

1074 2315 115 51 ctus.
1151 2315 77 51 et
1189 2315 115 51 spius
1266 2315 140 51 sanctus
1368 2315 89 51 per
1419 2315 115 51 modum
1496 2315 179 51 voluntatis
1636 2315 89 51 vel
1674 2315 128 51 intelle-

1071 2365 97 48 ctus
1131 2365 85 48 est
1180 2365 169 48 principium
1313 2365 169 48 producendi
1446 2365 133 48 verbum.
1542 2365 73 48 et
1578 2365 145 48 voluntas
1687 2365 85 48 est
1723 2365 73 48 prin

1074 2403 122 53 cipium
1159 2403 171 53 producendi
1293 2403 219 53 spitumsanctum.
1476 2403 85 53 Uel
1525 2403 110 53 pater
1598 2403 146 53 producit
1695 2403 98 53 filium

1075 2448 78 53 per
1120 2448 179 53 intellectum.
1265 2448 67 53 et
1298 2448 179 53 spiumsanctum
1444 2448 78 53 per
1488 2448 168 53 voluntatem.
1622 2448 78 53 ita
1667 2448 89 53 quod
1712 2448 89 53 semper

1076 2496 62 47 in
1107 2496 135 47 huiusmodi
1211 2496 62 47 et
1242 2496 62 47 in
1273 2496 114 47 talibus
1357 2496 166 47 consimilibus
1492 2496 83 47 quae
1544 2496 156 47 simpliciter
1669 2496 83 47 sunt
1710 2496 94 47 equipol

1069 2536 136 43 lentes.
1168 2536 74 43 si
1205 2536 99 43 bene
1267 2536 210 43 intelligantur
1440 2536 173 43 praedicata
1576 2536 149 43 attribui
1675 2536 124 43 intelle-

1068 2580 102 66 ctui
1132 2580 76 66 et
1170 2580 165 66 voluntati
1297 2580 140 66 tamquam
1398 2580 165 66 principio
1525 2580 178 66 elicitiuo.
1665 2580 102 66 tunc
1716 2580 76 66 dico
