2293 3080
327 235 138 63 solum
419 235 138 63 genus
511 235 184 63 complete
649 235 215 63 diffiniret
818 235 108 63 rem
880 235 138 63 etiam
957 235 92 63 sine

329 293 207 54 differentia.
498 293 104 54 quia
562 293 117 54 ratio
640 293 78 54 ex
679 293 91 54 eis
731 293 91 54 non
783 293 169 54 indicaret
912 293 117 54 primo
977 293 78 54 idem

322 333 172 52 diffinito.
457 333 159 52 vnaqueque
579 333 98 52 enim
640 333 86 52 res
690 333 86 52 est
739 333 110 52 solum
812 333 110 52 ipsa.
886 333 74 52 et
922 333 98 52 ideo
971 333 74 52 illa

318 379 121 56 ratio
398 379 94 56 que
452 379 94 56 bis
506 379 188 56 exprimeret
654 379 94 56 eam
708 379 94 56 non
761 379 175 56 indicaret
896 379 121 56 primo
963 379 81 56 idem

319 424 172 59 quidditati
454 424 123 59 illius
540 424 98 59 rei.
601 424 98 59 hanc
662 424 147 59 rationem
773 424 184 59 intelligunt
920 424 98 59 sic.
969 424 74 59 quod

332 469 69 52 in
366 469 149 52 aliquibus
481 469 149 52 creaturis
595 469 103 52 genus
664 469 69 52 et
699 469 172 52 differentia
836 469 149 52 accipitur
951 469 69 52 ab
974 469 69 52 alia

316 515 88 56 et
360 515 117 56 alia
433 515 102 56 re.
492 515 132 56 sicut
579 515 161 56 ponendo
696 515 146 56 plures
799 515 146 56 formas
901 515 88 56 in
930 515 117 56 homine

320 552 126 60 animal
409 552 164 60 accipitur
535 552 63 60 a
560 552 177 60 sensitiua.
699 552 76 60 et
737 552 164 60 rationale
863 552 76 60 ab
889 552 152 60 intellecti

317 598 93 59 ua.
370 598 80 59 et
410 598 106 59 tunc
476 598 106 59 ista
542 598 93 59 res
595 598 66 59 a
622 598 93 59 qua
675 598 172 59 accipitur
807 598 119 59 genus
887 598 106 59 vere
953 598 93 59 est
993 598 53 59 po

313 645 209 44 tentionalis
480 645 84 44 et
522 645 237 44 perfectibilis
717 645 84 44 ab
759 645 111 44 illa
828 645 84 44 re
870 645 70 44 a
898 645 97 44 qua
940 645 111 44 accipi

314 681 78 62 tur
359 681 168 62 differentia
493 681 101 62 Alibi
560 681 101 62 autem
627 681 112 62 quando
705 681 78 62 non
750 681 90 62 sunt
806 681 78 62 ibi
851 681 78 62 res
896 681 67 62 et
929 681 78 62 res
963 681 78 62 sicut

317 729 75 58 in
355 729 214 58 accidentibus.
531 729 126 58 saltem
619 729 75 58 in
657 729 88 58 vna
707 729 75 58 re
745 729 88 58 est
795 729 126 58 aliqua
883 729 138 58 propria
971 729 63 58 rea

306 771 120 68 litas
386 771 67 68 a
412 771 93 68 qua
466 771 147 68 sumitur
573 771 120 68 genus
653 771 80 68 et
693 771 107 68 alia
760 771 160 68 realitas
880 771 67 68 a
906 771 107 68 quae
960 771 80 68 sumi

303 815 77 59 tur
347 815 165 59 differentia
479 815 121 59 Dicatur
567 815 99 59 prima
633 815 66 59 a.
666 815 66 59 et
699 815 121 59 secunda
787 815 88 59 bea.
842 815 55 59 a
864 815 77 59 est
897 815 143 59 potentioale

313 869 71 51 ad
349 869 71 51 b.
384 869 82 51 ita
431 869 94 51 quod
490 869 141 51 praecise
596 869 188 51 intelligendo
749 869 71 51 a.
784 869 71 51 et
819 869 141 51 praecise
913 869 118 51 intelli-

298 912 127 48 gendo
382 912 84 48 b.
425 912 70 48 a
453 912 84 48 vt
495 912 225 48 intelligitur
678 912 84 48 in
720 912 127 48 primo
805 912 169 48 instanti
917 912 113 48 nature

311 957 65 44 in
344 957 76 44 quo
387 957 130 44 praecise
485 957 87 44 est.
539 957 98 44 ipsum
604 957 76 44 est
647 957 174 44 perfectibile
788 957 76 44 per
832 957 65 44 b.
864 957 98 44 sicut
929 957 65 44 si
951 957 76 44 esset

313 995 71 58 res
354 995 92 58 alia.
415 995 71 58 sed
456 995 82 58 quod
507 995 71 58 non
547 995 143 58 perficitur
660 995 122 58 realiter
751 995 71 58 per
792 995 61 58 b.
823 995 71 58 hoc
864 995 71 58 est
904 995 112 58 propter
976 995 61 58 idem

308 1039 138 53 titatem
409 1039 63 53 a
434 1039 75 53 et
471 1039 75 53 be
509 1039 75 53 ad
546 1039 138 53 aliquod
646 1039 125 53 totum.
734 1039 88 53 cui
784 1039 150 53 realiter
896 1039 113 53 primo
959 1039 75 53 sunt

310 1086 124 49 eadem.
396 1086 99 49 quod
458 1086 124 49 quidem
545 1086 111 49 primo
619 1086 186 49 producitur.
767 1086 74 49 et
804 1086 74 49 in
841 1086 99 49 ipso
903 1086 99 49 toto
953 1086 74 49 ambe

307 1122 100 55 ille
369 1122 175 55 realitates
506 1122 200 55 producuntur.
668 1122 75 55 si
706 1122 112 55 tamen
781 1122 125 55 altera
868 1122 137 55 illarum
955 1122 75 55 sine

299 1178 136 49 altera
395 1178 232 49 produceretur:
586 1178 109 49 vere
654 1178 123 49 esset
736 1178 232 49 potentionalis
927 1178 82 49 ad
954 1178 68 49 eam

312 1219 86 55 vel
361 1219 86 55 vna
410 1219 111 55 esset
484 1219 148 55 perfecta
595 1219 98 55 sine
656 1219 111 55 alia.
730 1219 98 55 Ista
792 1219 172 55 compositio
915 1219 123 55 realiter

303 1261 213 53 potentionalis
479 1261 75 53 et
516 1261 200 53 accidentalis
679 1261 100 53 mima
742 1261 100 53 est.
804 1261 100 53 quae
867 1261 150 53 sufficit
967 1261 50 53 ad

307 1306 136 55 rationem
408 1306 124 55 generis
499 1306 68 55 et
533 1306 136 55 diceren.
635 1306 68 55 et
669 1306 79 55 non
714 1306 90 55 stat
770 1306 90 55 ista
827 1306 79 55 cum
872 1306 79 55 hoc
917 1306 90 55 quod
962 1306 57 55 que

311 1342 109 56 ibet
380 1342 164 56 realitas
503 1342 82 56 in
543 1342 137 56 aliquo
639 1342 96 56 sit
694 1342 191 56 infinitam.
844 1342 164 56 realitas
953 1342 82 56 enim

299 1395 86 58 vna
348 1395 73 58 si
384 1395 110 58 esset
458 1395 73 58 de
494 1395 73 58 se
531 1395 159 58 infinita.
653 1395 208 58 quantumcumque
824 1395 147 58 praecise
922 1395 98 58 sumpta

305 1437 92 54 non
358 1437 119 54 esset
437 1437 79 54 in
476 1437 158 54 potentia
595 1437 79 54 ad
634 1437 119 54 aliam
713 1437 198 54 realitatem.
871 1437 105 54 ergo
937 1437 92 54 cum
976 1437 53 54 in

290 1473 90 62 deo
341 1473 166 62 quaelibet
469 1473 153 62 realitas
584 1473 192 62 essentialis
738 1473 90 62 sit
789 1473 179 62 formaliter
917 1473 115 62 infini-

295 1514 96 68 tam.
355 1514 108 68 nulla
427 1514 84 68 est
475 1514 60 68 a
498 1514 84 68 qua
546 1514 120 68 possit
630 1514 120 68 accipi
714 1514 168 68 formaliter
846 1514 108 68 ratio
905 1514 120 68 generis.

315 1567 151 62 Secundo
425 1567 83 62 ex
467 1567 124 62 eodem
549 1567 124 62 medio
632 1567 165 62 arguitur
756 1567 110 62 sic.
824 1567 179 62 conceptus
948 1567 69 62 spe

297 1615 106 46 ciei
363 1615 93 46 non
416 1615 93 46 est
469 1615 119 46 tamen
548 1615 172 46 conceptus
681 1615 185 46 realitatis
826 1615 79 46 et
866 1615 106 46 modi
919 1615 106 46 intri-

294 1650 107 57 seci
361 1650 148 57 eiusdem
468 1650 202 57 realitatis.
629 1650 107 57 quia
697 1650 107 57 tunc
764 1650 134 57 albedo
858 1650 134 57 posset
938 1650 81 57 esse

296 1702 130 48 genus
382 1702 86 48 et
425 1702 144 48 gradus
526 1702 202 48 intrinseci
685 1702 187 48 albedinis
829 1702 158 48 possent
930 1702 86 48 esse

304 1744 100 47 icere
370 1744 155 47 specifice.
492 1744 89 47 illa
548 1744 100 47 autem
614 1744 78 47 per
658 1744 78 47 que
703 1744 122 47 commune
791 1744 122 47 aliquid
869 1744 144 47 contrahitur

294 1780 79 58 ad
333 1780 106 58 deum
400 1780 79 58 et
439 1780 172 58 creaturam
572 1780 119 58 sunt.
651 1780 146 58 finitum
757 1780 79 58 et
797 1780 172 58 infinitum
929 1780 93 58 que
969 1780 53 58 di

289 1821 96 61 cunt
349 1821 120 61 gradus
433 1821 181 61 intrinsecos
578 1821 144 61 ipsorum.
686 1821 96 61 ergo
746 1821 96 61 ista
806 1821 193 61 contrahentia
951 1821 60 61 non

296 1868 121 60 possunt
384 1868 88 60 esse
439 1868 121 60 dicere.
527 1868 77 60 nec
571 1868 77 60 cum
615 1868 143 60 contracto
726 1868 165 60 constituunt
858 1868 143 60 conceptum
957 1868 55 60 ita

299 1917 143 60 opositum.
409 1917 99 60 sicut
475 1917 121 60 oportet
563 1917 143 60 conceptum
672 1917 121 60 speciei
760 1917 88 60 esse
815 1917 165 60 compositum.
947 1917 88 60 immo

301 1965 146 60 praceptus
413 1965 67 60 ex
446 1965 90 60 tali
502 1965 146 60 contracto
614 1965 67 60 et
648 1965 168 60 contrahente
782 1965 78 60 est
827 1965 157 60 simplicior
939 1965 67 60 quam

284 1995 132 64 possit
376 1995 106 64 esse
442 1995 172 64 conceptus
574 1995 158 64 speciei.
720 1995 79 64 Ex
759 1995 119 64 istis
838 1995 132 64 mediis
931 1995 79 64 de
957 1995 53 64 in

286 2050 144 48 finitate
394 2050 108 48 habet
466 2050 168 48 euidentiam
598 2050 108 48 ratio
670 2050 96 48 aug.
730 2050 108 48 super
802 2050 108 48 tacta
874 2050 72 48 de
898 2050 108 48 substam

302 2091 87 54 tia
351 2091 161 54 substante
475 2091 211 54 accidentibus.
649 2091 112 54 habet
724 2091 112 54 etiam
798 2091 174 54 euidentiam
922 2091 87 54 ratio

296 2129 169 67 Auicenne
423 2129 127 67 supra
508 2129 127 67 tacta
592 2129 85 67 de
635 2129 226 67 partialitate
818 2129 169 67 generis.
931 2129 85 67 quia

297 2180 160 51 nunquam
414 2180 102 51 est
472 2180 131 51 genus
559 2180 116 51 sine
632 2180 145 51 aliqua
734 2180 175 51 partiali
850 2180 160 51 realitate

282 2217 88 67 in
326 2217 146 67 specie
429 2217 102 67 que
487 2217 102 67 non
545 2217 146 67 potest
648 2217 102 67 est
706 2217 88 67 in
750 2217 117 67 vere
823 2217 190 67 simplici.
955 2217 58 67 Se

283 2262 126 67 cundo
367 2262 168 67 arguitur
494 2262 84 67 ex
536 2262 154 67 ratione
648 2262 154 67 necesse
760 2262 112 67 esse
830 2262 84 67 et
873 2262 98 67 est
915 2262 98 67 argu-

287 2306 139 59 mentum
384 2306 166 59 Auicene.
509 2306 125 59 viii.
592 2306 125 59 meth.
675 2306 83 59 c.
717 2306 125 59 iiii.
800 2306 180 59 sinecesse
925 2306 83 59 esse

286 2349 139 66 habet
378 2349 155 66 genus.
487 2349 124 66 ergo
564 2349 186 66 intentio
703 2349 170 66 generis
827 2349 108 66 vel
889 2349 124 66 erit
951 2349 62 66 ex

278 2394 90 67 se
323 2394 164 67 necesse
442 2394 120 67 esse
517 2394 105 67 vel
577 2394 120 67 non.
652 2394 90 67 Si
696 2394 134 67 primo
786 2394 134 67 modo.
876 2394 120 67 tunc
935 2394 75 67 non

284 2442 165 59 cessabit
408 2442 165 59 quousque
532 2442 96 59 sit
587 2442 96 59 ibi
642 2442 220 59 differentia.
821 2442 96 59 hoc
862 2442 138 59 intelli-

280 2486 108 67 gitur
352 2486 96 67 sic.
412 2486 108 67 genus
485 2486 144 67 includet
593 2486 96 67 tunc
653 2486 205 67 differentiam.
821 2486 96 67 quia
882 2486 96 67 sine
930 2486 72 67 ipso

273 2534 108 60 non
334 2534 108 60 est
396 2534 93 60 in
442 2534 124 60 actu
520 2534 170 60 vltimo.
643 2534 93 60 Si
690 2534 139 60 autem
782 2534 139 60 genus
860 2534 154 60 includit

283 2577 134 65 totam
372 2577 238 65 differentiam
566 2577 119 65 tunc
640 2577 104 65 non
700 2577 104 65 est
759 2577 134 65 genus
878 2577 89 65 Si
908 2577 104 65 detur

277 2617 143 69 secundum
384 2617 143 69 membrum.
492 2617 143 69 sequitur
599 2617 95 69 quod
658 2617 131 69 necesse
754 2617 95 69 esse
813 2617 83 69 est
849 2617 155 69 constitutum

1136 240 79 74 ex
1175 240 79 74 eo
1215 240 106 74 quod
1281 240 92 74 non
1334 240 92 74 est
1387 240 145 74 necesse
1492 240 119 74 esse.
1598 240 132 74 Contra
1690 240 119 74 istam
1756 240 106 74 opinio

1136 297 107 62 nem.
1202 297 120 62 primo
1282 297 107 62 quod
1349 297 133 62 dicit.
1442 297 80 62 in
1482 297 107 62 omni
1549 297 133 62 specie
1643 297 107 62 sunt
1709 297 93 62 due
1749 297 107 62 reali-

1133 339 125 62 tates.
1221 339 63 62 a
1246 339 125 62 quarum
1334 339 88 62 vna
1384 339 163 62 accipitur
1509 339 125 62 genus.
1596 339 75 62 et
1634 339 75 62 ab
1671 339 100 62 alia
1721 339 138 62 different

1150 386 96 68 hoc
1205 386 96 68 est
1260 386 206 68 simpliciter
1426 386 151 68 falsum.
1536 386 110 68 quia
1604 386 151 68 aliquod
1701 386 165 68 indiuiduum

1136 439 93 52 est
1189 439 147 52 simplex
1296 439 213 52 simpliciter.
1469 439 107 52 ergo
1535 439 93 52 non
1589 439 160 52 includit
1708 439 120 52 tales
1775 439 80 52 duas

1127 482 192 55 realitates.
1306 482 204 55 Confirmatur.
1472 482 102 55 quia
1536 482 115 55 sicut
1612 482 153 55 probatum
1727 482 89 55 est
1766 482 89 55 prius

1130 522 79 60 in
1169 522 171 60 creaturis
1301 522 119 60 nulla
1380 522 92 60 est
1433 522 185 60 distinctio
1578 522 66 60 a
1604 522 119 60 parte
1684 522 92 60 rei
1736 522 105 60 nisi
1789 522 66 60 sit

1137 560 184 65 distinctio
1281 560 131 65 rerum.
1374 560 92 65 sed
1426 560 158 65 secundum
1544 560 118 65 istos
1623 560 118 65 multa
1702 560 105 65 sunt
1755 560 105 65 indiui

1125 611 103 56 dua
1184 611 103 56 que
1243 611 103 56 non
1302 611 191 56 includunt
1449 611 206 56 distinctas
1611 611 118 56 res.
1684 611 118 56 ergo
1743 611 103 56 multo

1132 650 159 68 fortius
1247 650 101 68 nec
1305 650 159 68 species
1420 650 173 68 includit
1550 650 173 68 diuersas
1680 650 115 68 res.
1752 650 87 68 et
1781 650 72 68 per

1127 693 199 70 consequens
1283 693 99 70 nec
1340 693 170 70 includit
1468 693 128 70 tales
1553 693 170 70 diuersas
1666 693 185 70 realitates.

1187 733 187 64 preterea.
1330 733 129 64 sicut
1417 733 158 64 species
1532 733 86 64 se
1575 733 129 64 habet
1661 733 86 64 ad
1690 733 158 64 indiuidua

1128 793 142 44 vuundum
1231 793 129 44 istos.
1322 793 90 44 ita
1373 793 116 44 genus
1451 793 77 44 ad
1490 793 155 44 species.
1606 793 90 44 sed
1657 793 181 44 indiuiduum
1786 793 65 44 non

1123 826 176 59 includit
1256 826 132 59 tales
1344 826 206 59 realitates
1505 826 132 59 duas.
1593 826 118 59 ergo
1667 826 118 59 etc.
1740 826 103 59 Minor

1134 872 158 69 prbatur.
1252 872 105 69 quia
1318 872 118 69 quero
1396 872 79 69 de
1436 872 118 69 illis
1515 872 210 69 realitatibus
1685 872 158 69 propriis
1790 872 66 69 di-

1121 922 165 52 uersorum
1245 922 233 52 indiuiduorum.
1437 922 96 52 aut
1492 922 110 52 sunt
1560 922 151 52 eiusdem
1670 922 165 52 rationis
1779 922 69 52 aut

1126 967 99 56 non.
1187 967 87 56 Non
1237 967 124 56 potest
1323 967 99 56 dici
1385 967 99 56 quod
1447 967 99 56 sic.
1509 967 99 56 quia
1571 967 99 56 tunc
1632 967 74 56 ab
1670 967 87 56 eis
1719 967 124 56 posset
1806 967 74 56 ab

1112 999 139 69 strahi
1209 999 153 69 aliquis
1321 999 181 69 conceptus
1460 999 167 69 communis
1585 999 181 69 vniuocus.
1724 999 111 69 quod
1779 999 70 69 ne-

1127 1046 110 67 gant
1196 1046 123 67 isti.
1278 1046 82 67 Si
1319 1046 110 67 sunt
1387 1046 164 67 alterius
1511 1046 178 67 rationis.
1648 1046 110 67 ergo
1702 1046 151 67 indiuidua

1128 1098 89 56 non
1179 1098 102 56 sunt
1243 1098 140 56 eiusdem
1345 1098 153 56 rationis
1460 1098 89 56 sed
1511 1098 153 56 alterius
1626 1098 166 56 rationis.
1754 1098 77 56 et
1779 1098 64 56 ita

1121 1132 91 65 non
1173 1132 118 65 erunt
1252 1132 170 65 indiuidua
1382 1132 144 65 eiusdem
1487 1132 157 65 speciei.
1630 1132 78 65 Si
1669 1132 144 65 dicatur
1761 1132 78 65 quod

1117 1173 128 74 quamuis
1211 1173 93 74 iste
1269 1173 117 74 dicere
1351 1173 93 74 sint
1409 1173 140 74 alterius
1514 1173 152 74 rationis:
1631 1173 82 74 non
1678 1173 105 74 tamen
1736 1173 105 74 indiui-

1121 1227 90 56 dua
1173 1227 180 56 constituta
1314 1227 129 56 essent
1404 1227 154 56 alterius
1520 1227 167 56 rationis.
1649 1227 103 56 quia
1700 1227 142 56 constitu-

1117 1261 72 70 ta
1153 1261 107 70 minus
1224 1261 155 70 differunt
1344 1261 95 70 quam
1403 1261 215 70 constituentia.
1606 1261 131 70 Contra.
1701 1261 119 70 quando
1773 1261 72 70 ali-

1120 1309 108 68 qua
1181 1309 124 68 tota
1259 1309 124 68 nata
1336 1309 124 68 sunt
1414 1309 217 68 denominari
1584 1309 77 68 a
1615 1309 201 68 nominibus
1755 1309 77 68 per

1125 1359 131 60 tium.
1213 1359 116 60 illa
1285 1359 102 60 que
1343 1359 203 60 conueniunt
1503 1359 174 60 partibus
1634 1359 203 60 conueniunt
1779 1359 58 60 to

1124 1396 104 66 tis.
1189 1396 91 66 sed
1241 1396 104 66 nunc
1306 1396 91 66 est
1358 1396 91 66 ita
1410 1396 104 66 quod
1475 1396 169 66 indiuidua
1606 1396 221 66 distinguuntur
1775 1396 52 66 pe

1110 1439 199 69 differentia
1269 1439 225 69 indiuiduales.
1454 1439 106 69 ergo
1520 1439 106 69 ille
1586 1439 238 69 denominationes
1772 1439 79 69 quod

1127 1484 201 69 conueniunt
1285 1484 129 69 ipsis
1371 1484 216 69 differetiis
1544 1484 273 69 iudiuidualibus:
1760 1484 86 69 con-

1115 1538 138 51 uenient
1216 1538 113 51 ipsis
1291 1538 188 51 indiuiduis.
1441 1538 100 51 ergo
1503 1538 113 51 sicut
1578 1538 100 51 ipse
1641 1538 125 51 dicere
1728 1538 100 51 sunt
1778 1538 63 51 al-

1110 1572 128 66 terius
1200 1572 166 66 rationis.
1327 1572 89 66 ita
1378 1572 102 66 ipsa
1442 1572 166 66 indiuidua
1569 1572 115 66 erunt
1646 1572 153 66 alterius
1748 1572 102 66 ratio-

1111 1615 94 61 nis.
1194 1615 153 61 Preterea.
1311 1615 82 61 qua
1358 1615 129 61 ratione
1452 1615 129 61 dicitur
1546 1615 82 61 non
1593 1615 141 61 obstante
1699 1615 94 61 quod
1746 1615 94 61 dicere

1116 1656 208 68 indiuiduorum
1285 1656 104 68 sunt
1350 1656 156 68 alterius
1467 1656 169 68 rationis.
1598 1656 117 68 tamen
1676 1656 104 68 ipsa
1728 1656 117 68 indiui-

1109 1704 90 59 dua
1161 1704 90 59 non
1212 1704 103 59 sunt
1277 1704 155 59 alterius
1392 1704 167 59 rationis:
1521 1704 116 59 eadem
1598 1704 142 59 ratione
1701 1704 77 59 et
1727 1704 116 59 facili-

1118 1748 88 63 tate
1173 1748 132 63 dicetur.
1272 1748 88 63 quod
1326 1748 121 63 quamuis
1414 1748 110 63 dicere
1491 1748 143 63 specifice
1601 1748 88 63 sint
1656 1748 132 63 alterius
1743 1748 88 63 ratio-

1119 1795 98 52 nis:
1180 1795 86 52 non
1229 1795 110 52 tamen
1302 1795 98 52 ipse
1364 1795 135 52 species
1462 1795 159 52 costitute
1584 1795 110 52 erunt
1657 1795 147 52 alterius
1755 1795 86 52 ratio

1109 1832 109 72 nis.
1178 1832 96 72 cum
1232 1832 123 72 sicut
1314 1832 137 72 natura
1410 1832 178 72 specifica
1547 1832 96 72 non
1602 1832 219 72 distinguitur
1766 1832 68 72 ni-

1107 1876 80 57 si
1147 1876 93 57 per
1200 1876 200 57 differentia
1360 1876 227 57 indiuiduales.
1547 1876 93 57 ita
1601 1876 107 57 ipsa
1667 1876 134 57 natura
1748 1876 93 57 gene-

1107 1923 92 66 ris
1159 1923 92 66 non
1212 1923 210 66 distinguitur
1383 1923 92 66 nec
1436 1923 171 66 diuiditur
1567 1923 105 66 nisi
1633 1923 92 66 per
1672 1923 158 66 differntas

1097 1963 181 69 specificas
1239 1963 155 69 secundum
1356 1963 91 69 eos
1434 1963 78 69 Si
1473 1963 142 69 dicatur
1576 1963 104 69 quod
1641 1963 91 69 non
1693 1963 91 69 est
1731 1963 104 69 simile

1112 2009 91 68 quia
1169 2009 91 68 illa
1226 2009 172 68 differentia
1363 2009 183 68 indiuidualis
1512 2009 80 68 non
1558 2009 80 68 est
1603 2009 194 68 quidditatiua.
1752 2009 80 68 sicut

1100 2055 182 66 differentia
1246 2055 158 66 specifica
1367 2055 97 66 est.
1452 2055 134 66 Contra.
1549 2055 85 66 hoc
1598 2055 85 66 non
1647 2055 85 66 est
1695 2055 97 66 nisi
1744 2055 85 66 voca-

1103 2096 122 64 bulis
1185 2096 95 64 vti
1239 2096 81 64 ad
1279 2096 176 64 placitum.
1414 2096 95 64 cum
1469 2096 95 64 ita
1523 2096 95 64 sit
1577 2096 81 64 de
1617 2096 162 64 essentia
1725 2096 95 64 indi-

1101 2142 117 65 uidui
1179 2142 195 65 differentia
1335 2142 221 65 indiuidualis.
1518 2142 117 65 sicut
1596 2142 78 65 de
1635 2142 130 65 natura
1713 2142 117 65 speciei

1100 2185 100 69 est
1157 2185 214 69 differentia
1328 2185 199 69 specifica.
1484 2185 100 69 nec
1541 2185 128 69 magis
1627 2185 100 69 sit
1669 2185 157 69 intrinse-

1099 2228 66 64 ca
1132 2228 88 64 ipsi
1187 2228 120 64 speciei
1274 2228 164 64 differentia
1405 2228 153 64 specifica.
1526 2228 88 64 quam
1580 2228 164 64 differentia
1701 2228 131 64 indiuidua-

1096 2272 97 64 lis
1152 2272 111 64 ipsi
1221 2272 194 64 indiuiduo.
1401 2272 180 64 Preterea.
1539 2272 125 64 dicit
1622 2272 111 64 quod
1692 2272 111 64 illa
1747 2272 83 64 natu

1099 2325 83 55 ra
1141 2325 179 55 specifica
1278 2325 97 55 est
1334 2325 221 55 potetionalis
1513 2325 83 55 et
1554 2325 234 55 perfectibilis
1747 2325 83 55 ab
1775 2325 55 55 il

1097 2359 83 62 lo
1139 2359 166 62 actuali.
1263 2359 97 62 hoc
1319 2359 97 62 non
1374 2359 97 62 est
1429 2359 138 62 verum.
1526 2359 111 62 quia
1596 2359 125 62 nulla
1679 2359 97 62 res
1734 2359 97 62 est
1776 2359 55 62 in

1097 2414 166 58 potentia
1222 2414 83 58 ad
1264 2414 166 58 seipsam.
1388 2414 111 58 ergo
1458 2414 83 58 si
1499 2414 69 58 a
1527 2414 83 58 et
1569 2414 83 58 be
1610 2414 97 58 non
1652 2414 180 58 distinguan-

1096 2460 94 47 tur
1149 2460 175 47 realitur.
1284 2460 67 47 a
1311 2460 94 47 non
1365 2460 94 47 est
1419 2460 81 47 in
1460 2460 162 47 potentia
1581 2460 81 47 ad
1622 2460 94 47 bea
1676 2460 94 47 nec
1716 2460 108 47 ecouer

1104 2495 63 65 o
1155 2495 75 65 Si
1192 2495 138 65 dicatur
1293 2495 100 65 quod
1355 2495 151 65 sufficit
1468 2495 176 65 distinctio
1606 2495 163 65 formalis.
1732 2495 88 65 hoc
1769 2495 63 65 non

1095 2536 156 69 sufficit.
1215 2536 96 69 quia
1275 2536 108 69 eadem
1347 2536 132 69 ratione
1443 2536 108 69 dicam
1516 2536 96 69 quod
1576 2536 144 69 essentia
1684 2536 120 69 diuina
1756 2536 60 69 est

1088 2586 76 59 in
1126 2586 152 59 potentia
1241 2586 76 59 et
1279 2586 216 59 perfectibilis
1457 2586 89 59 per
1507 2586 191 59 relationem.
1660 2586 89 59 vel
1698 2586 127 59 econuer-

1097 2626 77 69 so
1136 2626 141 69 propter
1238 2626 217 69 distinctionem
1417 2626 153 69 formalem
1532 2626 115 69 inter
1609 2626 166 69 essentiam
1737 2626 77 69 et
1762 2626 64 69 re
