2256 3068
436 216 164 72 lationem.
563 216 63 72 ⁋
588 216 202 72 Confirmatur.
752 216 101 72 quia
815 216 126 72 quando
904 216 126 72 aliqua
992 216 101 72 sunt
1042 216 114 72 realite

435 272 125 61 vnum.
518 272 111 61 vnum
588 272 97 61 non
643 272 97 61 est
699 272 222 61 imperfectius
879 272 125 61 alio.
962 272 111 61 quia
1031 272 111 61 idem
1087 272 69 61 non

437 316 121 68 potest
522 316 97 68 esse
582 316 169 68 perfectius
715 316 133 68 seipso.
812 316 97 68 ergo
872 316 85 68 cum
920 316 73 68 in
957 316 157 68 proposito
1065 316 97 68 poten-

429 361 143 72 tionale
533 361 78 72 et
572 361 143 72 actuale
677 361 104 72 sint
742 361 104 72 vnum
807 361 169 72 realiter.
937 361 78 72 ex
976 361 91 72 hoc
1029 361 104 72 quod
1081 361 78 72 vnum

443 408 101 63 est
500 408 230 63 potentionale
687 408 172 63 respectu
816 408 187 63 alterius.
960 408 101 63 non
1017 408 144 63 potest
1104 408 57 63 ar

429 451 98 51 gui
485 451 112 51 quod
555 451 223 51 potentionale
736 451 98 51 sit
792 451 223 51 imperfectius
973 451 167 51 actuali.
1084 451 84 51 ergo

440 491 76 62 li
478 491 114 62 illud
555 491 140 62 actuale
656 491 114 62 esset
733 491 165 62 infinitum
860 491 76 62 ex
898 491 89 62 hoc
949 491 102 62 quod
1012 491 114 62 aliud
1076 491 89 62 esset

441 536 245 67 potentionale.
643 536 101 67 non
700 536 144 67 posset
801 536 130 67 argui
888 536 130 67 minor
974 536 188 67 perfectio
1104 536 58 67 in

438 592 212 53 potentionali.
612 592 87 53 nec
662 592 87 53 per
712 592 174 53 consequens
849 592 125 53 aliqua
936 592 199 53 imperfectio.
1085 592 75 53 ergo

438 633 110 50 sine
507 633 110 50 omni
576 633 234 50 imperfectione
769 633 152 50 propter
879 633 179 50 essentiam
1003 633 152 50 infinitam

444 671 143 61 posset
544 671 129 61 stare
630 671 86 61 in
673 671 100 61 deo
730 671 158 61 aliquid
845 671 229 61 potentionale
1017 671 143 61 respectu

438 718 188 54 alterius.
582 718 159 54 dummodo
698 718 116 54 vnum
770 718 231 54 distinguitur
958 718 202 54 formaliter
1102 718 58 54 ab

442 755 124 58 alio.
525 755 110 58 ergo
594 755 96 58 cum
649 755 193 58 infinitate
800 755 138 58 diuine
896 755 165 58 essentie
1020 755 110 58 stat
1075 755 96 58 poten

437 798 199 59 tionalitas
593 798 171 59 alicuius
721 798 85 59 in
764 798 100 59 deo
821 798 114 59 sine
892 798 114 59 omni
949 798 213 59 imperfectione

444 853 97 47 sed
499 853 97 47 vbi
555 853 97 47 est
610 853 166 47 potentia
734 853 83 47 et
775 853 124 47 actus
858 853 97 47 ibi
914 853 97 47 est
969 853 138 47 aliqua
1052 853 110 47 compo-

437 895 114 52 sito.
514 895 102 52 ergo
577 895 89 52 cum
628 895 178 52 infinitate
768 895 127 52 divine
857 895 153 52 essentie
971 895 102 52 sine
1035 895 89 52 omi
1073 895 89 52 imper

440 945 155 51 fectione
556 945 103 51 stat
621 945 181 51 compositio
763 945 103 51 quod
827 945 90 51 est
879 945 168 51 absurdum.
1008 945 65 51 ⁋
1034 945 155 51 Preterea

442 989 174 47 auctoritatas
583 989 152 47 philosophi
703 989 76 47 est
746 989 65 47 ad
779 989 152 47 oppositum.
898 989 87 47 quia
953 989 98 47 sicut
1018 989 98 47 patet
1083 989 65 47 ex
1105 989 54 47 pro

446 1024 105 54 cessu
516 1024 175 54 philosophi.
657 1024 117 54 portet
739 1024 199 54 diffinitionem
902 1024 94 54 esse
961 1024 152 54 orationem
1066 1024 105 54 longam.

450 1070 94 57 ita
503 1070 107 57 quod
570 1070 94 57 vna
623 1070 107 57 pars
690 1070 187 57 significet
837 1070 160 57 materiam
957 1070 80 57 et
997 1070 120 57 aliam
1064 1070 107 57 formam

442 1116 170 54 qualiter
570 1116 128 54 tamen
655 1116 99 54 hoc
712 1116 99 54 sit
768 1116 241 54 intelligendum
967 1116 114 54 post
1024 1116 142 54 patebit.

491 1150 138 68 Preterea
594 1150 127 68 secunda
686 1150 104 68 ratio
755 1150 81 68 non
801 1150 161 68 concludit.
928 1150 104 68 Primo
997 1150 92 68 quia
1054 1150 81 68 per
1089 1150 81 68 illam

437 1204 178 47 rationem.
574 1204 96 47 cum
629 1204 178 47 indiuidua
765 1204 96 47 non
820 1204 232 47 distinguantur
1012 1204 137 47 tantum
1094 1204 68 47 per

435 1242 147 67 gradus
538 1242 236 67 intrinsecos.
730 1242 103 67 sed
789 1242 103 67 per
848 1242 236 67 differentias
1025 1242 147 67 simplici

443 1284 92 54 ter
495 1284 157 54 alterius
613 1284 79 54 et
652 1284 157 54 alterius
770 1284 170 54 rationis.
901 1284 79 54 et
940 1284 118 54 tanta
1019 1284 92 54 sit
1058 1284 105 54 compo-

442 1330 125 55 sitio
525 1330 83 55 in
567 1330 194 55 indiuiduo.
719 1330 139 55 quanta
816 1330 194 55 requiritur
969 1330 83 55 ad
997 1330 166 55 compositum

446 1383 137 46 speciei.
548 1383 160 46 sequeretur
674 1383 91 46 quod
731 1383 91 46 ille
789 1383 172 46 differentie
926 1383 114 46 essent
1006 1383 160 46 specifice.
1120 1383 46 46 et

436 1427 132 53 omnia
524 1427 190 53 indiuidua
671 1427 278 53 distinguerentur
905 1427 161 53 specie.
1022 1427 73 53 ⁋
1052 1427 88 53 Si
1081 1427 88 53 dica

448 1457 82 58 tur
495 1457 94 58 quod
554 1457 94 58 ille
613 1457 118 58 dicere
696 1457 82 58 non
743 1457 94 58 sint
802 1457 200 58 quidditatiue.
967 1457 71 58 et
1002 1457 94 58 ideo
1061 1457 82 58 non
1096 1457 71 58 con-

442 1501 144 56 stituunt
550 1501 132 56 species
646 1501 204 56 quantumcumque
815 1501 96 56 sint
875 1501 144 56 alterius
983 1501 156 56 rationis.
1091 1501 72 56 Con-

446 1547 94 60 tra
499 1547 94 60 hoc
553 1547 187 60 frequenter
700 1547 94 60 est
753 1547 161 60 argutum.
874 1547 107 60 quia
941 1547 120 60 eadem
1007 1547 161 60 facilitate

454 1592 124 55 dicetur
544 1592 90 55 quod
600 1592 112 55 dicere
679 1592 124 55 hominis
769 1592 67 55 et
802 1592 101 55 asini
870 1592 79 55 non
915 1592 90 55 sunt
971 1592 191 55 quidditatiue.
1117 1592 45 55 et

451 1646 123 45 ideo
528 1646 123 45 homo
605 1646 92 45 et
651 1646 154 45 asinus
759 1646 108 45 non
821 1646 123 45 sunt
898 1646 185 45 alterius
1021 1646 154 45 rationis

455 1679 61 53 ⁋
479 1679 147 53 Preterea
590 1679 147 53 arguitur
700 1679 98 53 sic.
762 1679 160 53 conceptus
885 1679 135 53 speciei
983 1679 86 53 non
1032 1679 86 53 est
1069 1679 98 53 tantum

446 1734 184 52 conceptus
587 1734 198 52 realitatis
743 1734 85 52 et
786 1734 113 52 modi
856 1734 212 52 intrinseci.
1026 1734 113 52 quia
1083 1734 85 52 tunc

445 1766 142 57 albedo
544 1766 142 57 posset
643 1766 113 57 esse
714 1766 128 57 genus
799 1766 85 57 et
842 1766 142 57 gradus
941 1766 199 57 intrinseci
1083 1766 85 57 albe

447 1811 126 61 dinis
531 1811 154 61 possunt
644 1811 112 61 esse
714 1811 140 61 dicere
812 1811 197 61 specifice.
966 1811 126 61 Eodem
1051 1811 112 61 modo
1107 1811 70 61 ar-

446 1855 93 64 guo
499 1855 93 64 ego
552 1855 106 64 sic.
618 1855 172 64 conceptus
750 1855 146 64 speciei
856 1855 93 64 non
909 1855 93 64 est
962 1855 119 64 tamen
1028 1855 146 64 conceptus

453 1900 165 55 realitatis
583 1900 71 55 et
618 1900 118 55 dicere
701 1900 189 55 contrahentis
854 1900 71 55 et
889 1900 177 55 componentis
1031 1900 82 55 cum
1078 1900 94 55 illa
1125 1900 47 55 re

450 1938 159 59 alitate.
569 1938 106 59 quia
635 1938 106 59 tunc
701 1938 132 59 albedo
794 1938 132 59 posset
887 1938 106 59 esse
953 1938 132 59 genus.
1046 1938 79 59 et
1072 1938 93 59 diffe

454 1991 121 50 rentie
538 1991 193 50 contrabentes
695 1991 72 50 et
731 1991 181 50 componentes
876 1991 84 50 cum
924 1991 72 50 ea
960 1991 133 50 possent
1057 1991 96 50 esse
1105 1991 60 50 di-

454 2035 147 54 ferentie
564 2035 171 54 specifice.
698 2035 98 54 ergo
759 2035 110 54 sicut
833 2035 110 54 dicis
906 2035 134 54 propter
1004 2035 86 54 hoc
1053 2035 98 54 quod
1102 2035 73 54 modi

455 2080 196 47 intrinseci
609 2080 98 47 non
665 2080 210 47 constituunt
833 2080 168 47 conceptu
959 2080 98 47 ita
1001 2080 168 47 compositum

456 2126 114 52 sicut
532 2126 89 52 est
583 2126 164 52 conceptus
709 2126 152 52 speciei.
823 2126 76 52 ta
861 2126 126 52 habens
949 2126 126 52 dicere
1038 2126 101 52 quod
1089 2126 89 52 diffe

459 2161 139 62 rentie
556 2161 97 62 que
612 2161 236 62 distinguuntur
806 2161 194 62 formaliter
959 2161 83 62 ab
1001 2161 111 62 illa
1056 2161 125 62 realita

461 2205 79 59 te
500 2205 93 59 non
553 2205 198 59 constituunt
712 2205 172 59 conceptum
844 2205 93 59 ita
897 2205 185 59 compositum
1043 2205 119 59 sicut
1109 2205 66 59 est

468 2252 131 57 conceptus
569 2252 121 57 speciei.
659 2252 80 57 ergo
709 2252 60 57 ad
740 2252 181 57 constitutionem
890 2252 111 57 speciei
971 2252 141 57 requiritur
1071 2252 101 57 differen

463 2293 121 58 realis
548 2293 109 58 inter
620 2293 182 58 differentia
766 2293 73 58 et
802 2293 170 58 realitatem
936 2293 61 58 a
960 2293 85 58 qua
1008 2293 133 58 sumitur
1093 2293 85 58 genus

467 2334 111 65 quod
536 2334 124 65 tamen
619 2334 111 65 ipse
688 2334 138 65 negat.
785 2334 69 65 ⁋
813 2334 166 65 Preterea
937 2334 124 65 quero
1020 2334 83 65 de
1062 2334 124 65 aliis
1131 2334 55 65 mo

467 2374 99 58 dis
524 2374 227 58 intrinsecis.
708 2374 99 58 aut
765 2374 142 58 aliquo
864 2374 113 58 modo
935 2374 241 58 distinguuntur
1119 2374 71 58 vel

461 2422 97 56 non
517 2422 111 56 sunt
586 2422 153 56 omnibus
697 2422 125 56 modis
781 2422 111 56 idem
850 2422 83 56 ex
892 2422 139 56 natura
989 2422 97 56 rei
1045 2422 97 56 cum
1087 2422 97 56 illis

465 2464 144 64 quorum
566 2464 116 64 sunt
638 2464 130 64 modi.
725 2464 101 64 aut
782 2464 116 64 non.
855 2464 87 64 Si
898 2464 144 64 aliquo
999 2464 116 64 modo
1057 2464 130 64 distin-

463 2505 167 72 guuntur.
589 2505 98 72 vel
644 2505 98 72 non
700 2505 112 72 sunt
770 2505 112 72 idem
839 2505 153 72 omnibus
951 2505 139 72 modis.
1049 2505 112 72 ergo
1104 2505 84 72 erit

462 2561 103 55 ita
521 2561 162 55 aliquid
639 2561 132 55 reale
727 2561 177 55 vniuocum
859 2561 103 55 deo
918 2561 74 55 a
948 2561 191 55 creature.
1080 2561 103 55 sicut

457 2603 137 78 creaturis
563 2603 95 78 inter
627 2603 74 78 se.
669 2603 85 78 quod
722 2603 95 78 tamen
785 2603 85 78 ipsi
838 2603 116 78 negant.
923 2603 169 78 consequentia
1060 2603 106 78 patet.
1124 2603 63 78 quia

1251 213 164 71 vbicumque
1378 213 89 71 est
1428 213 139 71 aliquid
1530 213 114 71 reale
1605 213 177 71 contractum
1744 213 89 71 per
1795 213 126 71 aliqua
1871 213 101 71 realia

1250 272 226 56 qualitercumque
1439 272 101 56 illa
1502 272 201 56 contrahentia
1665 272 214 56 distinguantur
1841 272 63 56 a
1854 272 113 56 concto-

1243 314 87 57 ibi
1292 314 87 57 est
1342 314 137 57 aliquid
1441 314 112 57 reale
1516 314 162 57 vniuocum.
1640 314 87 57 hoc
1690 314 124 57 patet.
1777 314 99 57 quia
1839 314 87 57 non
1877 314 99 57 potest

1249 356 108 63 alia
1317 356 122 63 ratio
1398 356 176 63 assignari
1534 356 122 63 quare
1615 356 95 63 est
1669 356 149 63 aliquid
1778 356 122 63 reale
1846 356 135 63 vniuocum

1251 412 235 47 quibuscumque
1442 412 205 47 creaturis.
1603 412 117 47 quia
1677 412 117 47 omne
1750 412 132 47 reale
1823 412 147 47 vniuocum

1245 456 102 48 vel
1304 456 102 48 est
1362 456 116 48 vnum
1434 456 87 48 et
1478 456 116 48 idem
1551 456 102 48 non
1609 456 174 48 variatum
1740 456 102 48 nec
1783 456 189 48 multiplica.

1251 502 86 41 tum
1300 502 73 41 in
1336 502 183 41 vniuocatis.
1483 502 73 41 et
1520 502 98 41 tale
1581 502 122 41 nullum
1666 502 86 41 est
1715 502 110 41 etiam
1789 502 147 41 secundum
1886 502 86 41 istos

1249 537 76 47 Uel
1292 537 119 47 dicitur
1379 537 97 47 reale
1444 537 140 47 vniuocum.
1552 537 86 47 quia
1606 537 76 47 est
1649 537 151 47 contractum
1768 537 76 47 per
1811 537 108 47 aliqua
1876 537 97 47 realia.

1263 583 75 50 et
1300 583 213 50 multiplicatum
1475 583 75 50 et
1513 583 150 50 variatum
1625 583 88 50 per
1675 583 88 50 ea.
1725 583 75 50 et
1763 583 100 50 tunc
1825 583 88 50 qua
1863 583 113 50 ratione

1258 634 96 48 vnum
1318 634 96 48 tale
1378 634 84 48 est
1426 634 108 48 reale
1498 634 72 48 et
1534 634 156 48 reliquum.
1655 634 96 48 ergo
1715 634 72 48 si
1751 634 132 48 commune
1847 634 84 48 deo
1895 634 60 48 a
1907 634 72 48 crea

1251 665 118 56 turis
1329 665 91 56 sit
1382 665 183 56 contractum
1525 665 91 56 per
1577 665 170 56 quoscuque
1708 665 118 56 modos
1786 665 144 56 reales.
1878 665 91 56 illud

1247 713 144 47 commune
1352 713 105 47 erit
1417 713 144 47 aliquid
1522 713 131 47 reale.
1614 713 118 47 sicut
1692 713 118 47 aliud
1771 713 144 47 commune
1862 713 105 47 reale.

1265 755 64 60 ⁋
1291 755 205 60 Confirmatur.
1457 755 102 60 quia
1521 755 218 60 quantuncumque
1700 755 90 60 sit
1751 755 115 60 minor
1815 755 154 60 distinctio

1254 798 112 58 inter
1328 798 137 58 naturam
1428 798 175 58 specificam
1566 798 75 58 et
1603 798 187 58 differentia
1753 798 200 58 indiuiduales
1903 798 75 58 quam

1252 843 132 57 inter
1340 843 161 57 naturam
1457 843 161 57 generis
1575 843 88 57 et
1619 843 234 57 differentias
1795 843 190 57 specificas.

1256 888 123 55 tamen
1338 888 123 55 tanta
1420 888 191 55 vniuocatio
1570 888 95 55 est
1625 888 150 55 speciei
1734 888 82 55 ad
1774 888 95 55 sua
1815 888 164 55 indiuidua.

1261 931 127 60 quata
1345 931 99 60 est
1402 931 155 60 generis
1514 931 84 60 ad
1557 931 113 60 suas
1627 931 169 60 species.
1754 931 113 60 immo
1824 931 141 60 eoipso
1909 931 70 60 est

1256 980 142 48 maior
1351 980 221 48 vniuocatio
1524 980 95 48 et
1571 980 142 48 magis
1666 980 158 48 realis
1776 980 95 48 ad
1808 980 173 48 indiuidua

1261 1019 99 67 quam
1322 1019 74 67 ad
1359 1019 148 67 species.
1470 1019 99 67 ergo
1532 1019 74 67 si
1569 1019 135 67 commune
1667 1019 148 67 vniuocum
1778 1019 86 67 deo
1827 1019 62 67 a
1840 1019 135 67 creaturis

1248 1066 87 50 sit
1297 1066 149 50 realiter
1409 1066 173 50 contractum
1545 1066 87 50 per
1594 1066 111 50 modos
1669 1066 186 50 intrinsecos
1817 1066 136 50 reales.
1904 1066 74 50 quae

1256 1108 117 49 minus
1334 1108 221 49 distinguantur
1516 1108 78 49 et
1555 1108 169 49 contracto
1686 1108 104 49 quam
1751 1108 130 49 dicere
1829 1108 143 49 specifice

1263 1151 221 60 distinguuntur
1445 1151 65 60 a
1471 1151 130 60 natura
1562 1151 156 60 generis.
1678 1151 156 60 sequitur
1795 1151 104 60 quod
1860 1151 104 60 eque
1912 1151 65 60 vel

1258 1203 125 49 magis
1342 1203 111 49 erit
1411 1203 153 49 aliquid
1523 1203 125 49 reale
1606 1203 167 49 vniuocum
1731 1203 97 49 deo
1787 1203 84 49 at
1815 1203 167 49 creaturis.

1252 1236 110 59 quam
1321 1236 166 59 diuersis
1446 1236 180 59 speciebus
1584 1236 152 59 eiusdem
1694 1236 166 59 generis.
1818 1236 69 59 ⁋
1846 1236 166 59 Preterea

1246 1282 156 62 secundum
1363 1282 104 62 eum.
1428 1282 130 62 albedo
1519 1282 91 62 est
1571 1282 143 62 aliquid
1675 1282 117 62 reale
1753 1282 156 62 vniuocum
1857 1282 130 62 diuersis

1252 1333 196 48 albedinibus.
1411 1333 86 48 non
1460 1333 147 48 obstante
1570 1333 98 48 quod
1632 1333 184 48 contrahatur
1779 1333 86 48 per
1828 1333 147 48 diuersos
1926 1333 49 48 mo

1252 1374 83 56 dos
1300 1374 191 56 intrinsecos.
1455 1374 95 56 ergo
1514 1374 107 56 eadem
1586 1374 131 56 ratione
1681 1374 72 56 si
1717 1374 131 56 aliquid
1812 1374 131 56 commune
1908 1374 83 56 deo
1943 1374 48 56 et

1255 1416 180 55 creaturis
1393 1416 207 55 contrahatur
1559 1416 97 55 per
1615 1416 166 55 diuersos
1739 1416 124 55 modos
1808 1416 180 55 intrinsecos

1251 1468 158 47 reales
1362 1468 111 47 deo
1425 1468 95 47 et
1472 1468 205 47 creature.
1630 1468 126 47 erit
1709 1468 174 47 aliquid
1820 1468 158 47 vniuocum

1250 1501 125 62 reale.
1338 1501 63 62 ⁋
1363 1501 150 62 Preterea
1476 1501 113 62 quero
1551 1501 75 62 de
1588 1501 100 62 illo
1651 1501 163 62 contracto
1776 1501 88 62 per
1826 1501 113 62 illum
1888 1501 88 62 modum

1267 1545 184 52 intrinsecum.
1416 1545 80 52 aut
1462 1545 80 52 est
1508 1545 126 52 aliquid
1599 1545 115 52 reale.
1680 1545 80 52 aut
1726 1545 115 52 tantum
1806 1545 92 52 ests
1852 1545 126 52 rationis.

1270 1592 81 56 Non
1317 1592 115 56 potest
1397 1592 92 56 dici
1455 1592 92 56 quod
1512 1592 81 56 sit
1559 1592 81 56 ens
1605 1592 150 56 rationis.
1720 1592 92 56 quia
1778 1592 115 56 nullum
1858 1592 81 56 ens
1893 1592 92 56 ratio-

1263 1636 74 52 nis
1306 1636 148 52 contahitur
1422 1636 74 52 per
1465 1636 74 52 ens
1507 1636 106 52 reale.
1581 1636 85 52 ergo
1634 1636 117 52 oportet
1719 1636 85 52 quod
1772 1636 74 52 sit
1814 1636 74 52 ens
1857 1636 106 52 reale.
1920 1636 64 52 tunc

1254 1676 122 53 arguo.
1339 1676 122 53 Nullum
1425 1676 171 53 contractum
1560 1676 86 53 est
1609 1676 73 53 de
1645 1676 73 53 se
1682 1676 110 53 illud
1755 1676 73 53 ad
1792 1676 98 53 quod
1841 1676 147 53 contrhitur

1266 1721 76 54 qui
1309 1721 87 54 omne
1364 1721 87 54 tale
1418 1721 76 54 est
1461 1721 130 54 commune.
1559 1721 87 54 ergo
1613 1721 87 54 tale
1667 1721 152 54 contractum
1786 1721 76 54 per
1829 1721 97 54 modum
1884 1721 97 54 intrin-

1264 1766 105 52 secum
1335 1766 117 52 diuine
1417 1766 141 52 essentie
1522 1766 82 52 est
1569 1766 129 52 commune
1663 1766 70 52 et
1698 1766 82 52 est
1745 1766 117 52 reale.
1827 1766 94 52 ergo
1874 1766 105 52 aliquid

1256 1808 128 55 reale
1341 1808 99 55 est
1398 1808 156 55 commune
1511 1808 170 55 vniuocum
1639 1808 99 55 deo
1696 1808 71 55 a
1724 1808 185 55 creature.
1866 1808 85 55 Si
1895 1808 99 55 autem

1262 1849 148 62 dicatur
1369 1849 108 62 quod
1436 1849 108 62 ille
1504 1849 121 62 modus
1584 1849 202 62 intrinsecus
1746 1849 121 62 nullo
1827 1849 108 62 modo
1880 1849 108 62 distin

1262 1905 143 51 guatur
1362 1905 86 51 ex
1405 1905 143 51 natura
1505 1905 100 51 rei
1562 1905 86 51 ab
1605 1905 114 51 illo
1676 1905 129 51 cuius
1762 1905 100 51 est
1819 1905 143 51 modus.
1905 1905 86 51 ergo

1263 1936 174 60 infinitas
1396 1936 93 60 non
1450 1936 107 60 plus
1516 1936 93 60 est
1570 1936 120 60 modus
1650 1936 134 60 divine
1743 1936 160 60 essentie
1863 1936 107 60 quam
1917 1936 80 60 eco-

1274 1975 111 58 uerso.
1352 1975 67 58 et
1385 1975 78 58 per
1430 1975 156 58 consequens
1552 1975 78 58 non
1597 1975 89 58 plus
1652 1975 100 58 modus
1719 1975 78 58 est
1763 1975 156 58 contrahens
1886 1975 89 58 quam
1930 1975 67 58 diui

1271 2024 66 52 na
1304 2024 143 52 essentia.
1414 2024 66 52 et
1447 2024 77 52 ita
1492 2024 77 52 non
1536 2024 88 52 erit
1591 2024 77 52 ibi
1635 2024 154 52 contrahens
1756 2024 66 52 et
1789 2024 165 52 contractum.
1911 2024 77 52 cuius

1268 2064 175 67 oppositum
1402 2064 107 67 ipse
1469 2064 134 67 dicit.
1563 2064 67 67 ⁋
1590 2064 161 67 Preterea
1711 2064 121 67 ratio
1791 2064 94 67 non
1832 2064 161 67 concludit.

1261 2115 83 62 qui
1309 2115 143 62 supponit
1416 2115 95 62 vnum
1476 2115 131 62 falsum.
1571 2115 143 62 scilicet
1678 2115 95 62 quod
1738 2115 143 62 intentio
1845 2115 131 62 generis
1928 2115 60 62 est

1260 2158 132 64 aliquid
1356 2158 181 64 intrinsecum
1501 2158 132 64 specie.
1597 2158 205 64 constitutiuum
1765 2158 132 64 ipsius.
1862 2158 108 64 cuius
1922 2158 60 64 op-

1274 2202 145 55 positum
1380 2202 159 55 probatum
1499 2202 93 55 est
1552 2202 119 55 prus.
1631 2202 66 55 ⁋
1657 2202 106 55 Ideo
1723 2202 106 55 dico
1790 2202 79 55 ad
1816 2202 172 55 quaestionem

1259 2254 118 51 primo
1338 2254 105 51 quod
1403 2254 197 51 simplicitas
1561 2254 92 51 per
1614 2254 171 51 carentiam
1745 2254 197 51 cuiuscumque
1890 2254 92 51 compo

1272 2295 154 50 sitionis
1388 2295 192 50 intrinsece.
1541 2295 90 50 non
1593 2295 141 50 impedit
1695 2295 141 50 aliquid
1798 2295 103 50 esse
1862 2295 77 50 in
1887 2295 103 50 genere

1275 2339 86 52 qui
1324 2339 135 52 angelus
1422 2339 86 52 est
1471 2339 184 52 simpliciter
1618 2339 135 52 simplex
1715 2339 86 52 per
1764 2339 159 52 carentiam
1875 2339 122 52 cuiuscum

1267 2386 85 50 que
1315 2386 207 50 compositionis
1486 2386 182 50 intrinsece.
1632 2386 73 50 et
1668 2386 109 50 tamen
1741 2386 134 50 angelus
1838 2386 85 50 est
1887 2386 73 50 in
1911 2386 73 50 gene

1273 2419 78 53 re.
1317 2419 145 53 Assumptum
1429 2419 100 53 patet
1496 2419 167 53 aliqualiter
1629 2419 111 53 prius.
1707 2419 89 53 quia
1763 2419 67 53 in
1796 2419 111 53 angelo
1874 2419 78 53 non
1908 2419 89 53 posset

1259 2465 101 59 esse
1322 2465 177 59 compositio
1461 2465 101 59 nisi
1524 2465 101 59 vere
1587 2465 202 59 componetetur
1751 2465 76 59 ex
1789 2465 139 59 materia
1890 2465 76 59 et
1915 2465 76 59 for-

1268 2507 68 63 ma
1302 2507 191 63 substantiali.
1459 2507 79 63 sed
1504 2507 101 63 sicut
1572 2507 135 63 probatur
1673 2507 68 63 in
1707 2507 124 63 secundo
1797 2507 124 63 angelus
1887 2507 79 63 non
1920 2507 68 63 con-

1274 2553 145 57 ponitur
1379 2553 79 57 ex
1419 2553 145 57 materia
1524 2553 79 57 et
1563 2553 132 57 forma.
1656 2553 145 57 Secundo
1761 2553 105 57 dico
1827 2553 105 57 quod
1879 2553 132 57 compossi

1273 2598 135 73 bilitas
1371 2598 148 73 alicuius
1482 2598 86 73 cum
1531 2598 123 73 aliquo
1617 2598 98 73 alio
1679 2598 86 73 non
1728 2598 111 73 facit
1802 2598 86 73 per
1851 2598 74 73 se
1888 2598 135 73 aliquid
