2215 3064
244 185 179 73 turaliter
382 185 138 73 prior.
478 185 69 73 ⁋
506 185 83 73 Ad
547 185 124 73 aliud
629 185 110 73 quod
698 185 124 73 genus
781 185 151 73 dicitur
877 185 96 73 matem

247 251 82 53 ria
294 251 105 53 sicut
364 251 129 53 dicitur
458 251 105 53 pars.
528 251 70 53 et
564 251 94 53 ideo
622 251 105 53 sicut
693 251 129 53 proprie
786 251 141 53 loquendo
880 251 82 53 genus

252 298 89 48 est
303 298 102 48 pars
367 298 216 48 diffinitionis
545 298 76 48 et
583 298 89 48 non
634 298 89 48 est
685 298 102 48 pars
749 298 102 48 rei.
812 298 89 48 ita
863 298 89 48 est
901 298 64 48 ma-

250 345 125 45 teria
333 345 138 45 aliquo
430 345 111 45 modo
499 345 83 45 in
541 345 235 45 diffinitione.
735 345 83 45 et
776 345 97 45 non
832 345 97 45 est
873 345 97 45 mate-

250 385 100 54 ria
307 385 114 54 rei.
378 385 128 54 Unde.
463 385 128 54 sicut
549 385 157 54 materia
663 385 71 54 a
691 385 128 54 parte
777 385 100 54 rei
834 385 114 54 vere
891 385 85 54 pre-

248 423 190 53 supponitur
398 423 122 53 forme
479 423 81 53 et
520 423 122 53 recip
601 423 108 53 ests
669 423 149 53 fortuam
777 423 122 53 facit
859 423 95 53 cum
899 423 68 53 for

252 469 80 50 ma
292 469 107 50 vnum
359 469 134 50 totum.
452 469 94 50 ita
506 469 120 50 genus
586 469 120 50 primo
667 469 147 50 ponitur
774 469 80 50 in
800 469 161 50 diffinitio

245 517 95 46 ne.
300 517 82 46 et
341 517 136 46 postea
436 517 136 46 addita
531 517 109 46 sibi
599 517 204 46 differentia
763 517 123 46 facit
844 517 95 46 cum
885 517 82 46 illa

244 558 211 52 differentia
412 558 112 52 vnam
483 558 253 52 diffinitionem.
693 558 98 52 nec
749 558 98 52 est
806 558 140 52 aliquo
890 558 84 52 modo

241 611 182 48 materia.
377 611 106 48 nec
438 611 151 48 aliquo
544 611 121 48 modo
620 611 136 48 pars.
710 611 91 48 et
756 611 121 48 isto
832 611 121 48 modo
892 611 76 48 ge-

244 649 81 44 nus
291 649 128 44 recepta
384 649 174 44 differentia
523 649 128 44 transit
616 649 70 44 in
651 649 139 44 species.
755 649 81 44 hoc
802 649 81 44 est
848 649 104 44 facit
906 649 58 44 dif

247 689 186 55 finitiones
393 689 200 55 essentiales
553 689 80 55 et
593 689 226 55 conuertibiles
779 689 93 55 cum
819 689 146 55 speciebus

258 731 73 55 ⁋
288 731 88 55 Ad
331 731 219 55 auctoritase
506 731 102 55 de.
565 731 88 55 v.
608 731 146 55 metha.
711 731 131 55 patet
798 731 131 55 prius
871 731 102 55 quomo

251 781 114 54 genus
327 781 89 54 est
378 781 101 54 pars
441 781 152 54 speciei.
555 781 63 54 ⁋
581 781 89 54 Per
631 781 101 54 idem
694 781 76 54 ad
732 781 114 54 aliam
808 781 89 54 de.
859 781 101 54 vii.
910 781 63 54 di-

245 828 79 44 co
284 828 106 44 quod
350 828 145 44 oportet
456 828 158 44 exponere
575 828 238 44 commentatorem:
773 828 92 44 cum
826 828 119 44 dicit
892 828 79 44 ibi-

247 864 85 58 dem
295 864 97 58 quod
356 864 170 58 diffinitio
490 864 85 58 est
539 864 97 58 idem
599 864 97 58 quod
660 864 170 58 substantia
794 864 97 58 rei.
854 864 73 58 et
879 864 97 58 alibi-

240 915 116 53 dicit
318 915 155 53 expresse
434 915 103 53 quod
499 915 91 53 non
550 915 91 53 est
602 915 181 53 substantia
744 915 103 53 rei.
809 915 91 53 sed
848 915 129 53 signifi-

247 955 79 51 cat
292 955 170 51 substantiam
428 955 91 51 rei.
485 955 68 51 et
519 955 91 51 quod
576 955 170 51 vniversalia
712 955 68 51 ex
746 955 114 51 quibus
814 955 148 51 componuntur

246 998 203 50 diffinitiones
414 998 84 50 non
461 998 96 50 sunt
521 998 179 50 substantiae
665 998 120 50 rerum:
749 998 132 50 quamuis
832 998 132 50 declarant

246 1039 198 58 substantias
404 1039 132 58 rerum.
496 1039 105 58 Ideo
562 1039 105 58 dico
628 1039 105 58 quod
694 1039 105 58 ipse
760 1039 198 58 intelligit:
905 1039 66 58 non

249 1093 104 48 quod
314 1093 104 48 vere
380 1093 183 48 diffinitio
523 1093 91 48 sit
575 1093 183 48 substantia
719 1093 104 48 rei.
784 1093 91 48 nec
836 1093 118 48 genus
902 1093 65 48 co-

238 1129 166 52 adunatur
363 1129 235 52 essentialiter
557 1129 97 52 cum
612 1129 194 52 diffinito.
764 1129 97 52 nec
820 1129 97 52 cum
861 1129 111 52 diffe-

246 1174 138 51 rentia.
346 1174 88 51 sed
396 1174 100 51 quia
458 1174 88 51 ibi
508 1174 188 51 predicantur
658 1174 88 51 per
708 1174 75 51 se
746 1174 113 51 primo
821 1174 100 51 modo
883 1174 75 51 de
908 1174 50 51 ip

248 1214 91 59 sis
300 1214 117 59 rebus
378 1214 78 59 et
418 1214 104 59 quod
483 1214 91 59 non
535 1214 170 59 important
666 1214 144 59 aliquid
770 1214 196 59 accidentale
914 1214 65 59 vel

246 1258 184 55 extrinsecum
393 1258 110 55 ipsis
466 1258 110 55 rebus
539 1258 73 55 de
576 1258 122 55 quibus
662 1258 208 55 praedicantur.
833 1258 73 55 et
870 1258 98 55 ideo
919 1258 61 55 di-

242 1305 137 54 cuntur
338 1305 233 54 praedicabilia
531 1305 247 54 substantialia.
737 1305 82 54 et
778 1305 179 54 coadunari
901 1305 69 54 cum

244 1351 189 48 diffinito
390 1351 87 48 et
434 1351 131 48 inter
521 1351 102 48 se.
580 1351 131 48 quomo
667 1351 204 48 praedicata
813 1351 160 48 accidenta

255 1397 102 48 lia
314 1397 102 48 non
372 1397 87 48 se
415 1397 145 48 habent
517 1397 87 48 ad
560 1397 232 48 substantias.
749 1397 73 48 ⁋
778 1397 87 48 Ad
822 1397 131 48 aliud
894 1397 73 48 di-

247 1443 63 50 co
279 1443 84 50 quod
332 1443 74 50 non
374 1443 74 50 est
416 1443 126 50 intentio
511 1443 148 50 philosophi
627 1443 63 50 et
658 1443 116 50 commen.
743 1443 84 50 quod
795 1443 105 50 partes
859 1443 105 50 diffini-

246 1482 133 58 tionis
339 1482 173 58 importent
472 1482 200 58 simpliciter
632 1482 133 58 partes
725 1482 93 58 rei
778 1482 93 58 per
832 1482 80 58 se
871 1482 80 58 et
898 1482 80 58 pri-

249 1529 103 53 mo.
308 1529 103 53 ita
367 1529 117 53 quod
440 1529 132 53 sicut
528 1529 103 53 vna
587 1529 117 53 pars
660 1529 176 53 importat
792 1529 117 53 vnam
851 1529 117 53 partem

242 1572 92 51 rei
294 1572 105 51 quod
360 1572 92 51 ita
413 1572 105 51 alia
479 1572 105 51 pars
545 1572 118 51 eodem
624 1572 105 51 modo
689 1572 158 51 importet
808 1572 118 51 aliam
874 1572 105 51 partem

242 1614 252 50 correspondentem.
457 1614 88 50 sed
507 1614 126 50 volunt
595 1614 101 50 quod
658 1614 101 50 nisi
721 1614 189 50 diffinitum.
872 1614 88 50 hoc
910 1614 63 50 est

243 1661 104 50 res
303 1661 194 50 diffinita
452 1661 164 50 haberet
571 1661 149 50 partes
675 1661 179 50 realiter
794 1661 179 50 distinctas

251 1701 128 55 sicut
336 1701 113 55 ipsa
407 1701 199 55 diffinitio
563 1701 128 55 habet
648 1701 142 55 partes
747 1701 213 55 distinctas.
903 1701 71 55 qua

254 1751 93 45 rum
307 1751 93 45 vna
360 1751 93 45 non
414 1751 93 45 est
467 1751 107 45 alia
533 1751 93 45 non
587 1751 133 45 posset
680 1751 186 45 diffiniri.
826 1751 80 45 et
866 1751 93 45 ita
906 1751 67 45 sem

247 1787 100 58 per
304 1787 200 58 distinctis
461 1787 172 58 partibus
590 1787 229 58 diffnitionis
762 1787 215 58 correspondent

249 1838 175 51 distincte
383 1838 134 51 partes
477 1838 81 51 in
517 1838 81 51 re
558 1838 188 51 diffinita.
705 1838 121 51 tamen
786 1838 94 51 vna
840 1838 107 51 pars
893 1838 81 51 dif-

241 1880 210 54 finitionis
406 1880 165 54 proprie
526 1880 180 54 loquendo
660 1880 210 54 significat
825 1880 135 54 totam
900 1880 75 54 rem

251 1917 206 51 diffinitam.
416 1917 82 51 et
457 1917 110 51 alia
526 1917 110 51 pars
594 1917 192 51 significat
745 1917 137 51 partem
841 1917 110 51 rei.
896 1917 69 51 Ue-

257 1966 164 46 runtamen
380 1966 150 46 quamuis
490 1966 96 46 vna
544 1966 109 46 pars
613 1966 109 46 puta
681 1966 123 46 genus
763 1966 191 46 significat
900 1966 68 46 to-

252 2008 92 54 tam
304 2008 92 54 rem
357 2008 78 54 et
396 2008 131 54 nullam
487 2008 131 54 partem
579 2008 144 54 proprie
683 2008 170 54 loquendo.
814 2008 118 54 tamen
879 2008 92 54 exten

248 2055 125 55 siue
326 2055 187 55 loquendo
467 2055 94 55 et
514 2055 219 55 improprie:
685 2055 140 55 ipsum
779 2055 140 55 genus
857 2055 125 55 aliquo

259 2105 112 43 modo
329 2105 196 43 significat
483 2105 112 43 vnam
553 2105 140 43 partem
652 2105 98 43 rei
708 2105 84 43 et
750 2105 98 43 non
806 2105 140 43 aliam.
890 2105 84 43 quia

264 2143 137 52 cilicet
363 2143 137 52 aliquid
463 2143 137 52 eiusdem
562 2143 149 52 rationis
674 2143 87 52 cum
724 2143 87 52 vna
774 2143 112 52 parte
836 2143 137 52 diffiniti

254 2181 188 55 inuenitur
398 2181 87 55 in
441 2181 173 55 quolibet
571 2181 217 55 significato
745 2181 144 55 ipsius
832 2181 144 55 generis.

257 2235 92 51 non
309 2235 92 51 sic
362 2235 118 51 autem
440 2235 92 51 est
493 2235 79 51 de
532 2235 118 51 alia.
610 2235 105 51 quia
676 2235 79 51 in
715 2235 131 51 multis
794 2235 183 51 significatis

252 2274 130 55 ipsius
343 2274 143 55 generis
447 2274 117 55 nihil
525 2274 169 55 inuenitur
655 2274 143 55 eiusdem
759 2274 156 55 rationis
876 2274 91 55 cum
915 2274 52 55 il

261 2324 79 48 la
300 2324 131 48 parte.
392 2324 118 48 Uerbi
471 2324 144 48 gratia.
576 2324 131 48 animal
668 2324 184 48 significat
812 2324 118 48 primo
878 2324 92 48 omnia

259 2366 161 51 animalia.
382 2366 149 51 scilicet
494 2366 111 51 omnes
568 2366 149 51 homines.
680 2366 111 51 omnes
754 2366 136 51 asinos.
853 2366 74 51 et
890 2366 87 51 sic
927 2366 50 51 de

265 2407 124 50 aliis.
352 2407 100 50 nunc
414 2407 112 50 autem
489 2407 137 50 materia
588 2407 87 50 est
638 2407 137 50 eiusdem
738 2407 149 50 rationis
850 2407 75 50 in
874 2407 100 50 omnie-

257 2448 89 57 bus
308 2448 127 57 istis.
397 2448 89 57 non
448 2448 114 57 autem
524 2448 114 57 forma
601 2448 89 57 est
651 2448 153 57 eiusdem:
766 2448 153 57 rationis
880 2448 76 57 in
906 2448 76 57 omni

260 2495 78 48 bus
304 2495 111 48 istis.
382 2495 66 48 et
415 2495 122 48 propter
504 2495 78 48 hoc
548 2495 122 48 dicitur
637 2495 100 48 genus
703 2495 100 48 ipsum
770 2495 133 48 scilicet
869 2495 111 48 animal
936 2495 44 48 ma

250 2544 98 53 gis
306 2544 210 53 significare
474 2544 168 53 materiam
600 2544 112 53 quam
669 2544 126 53 ipsam
753 2544 140 53 animam
837 2544 140 53 intelle-

244 2588 164 57 ctiuam.
363 2588 89 57 et
408 2588 134 57 eodem
497 2588 119 57 modo
572 2588 89 57 de
617 2588 134 57 aliis
706 2588 149 57 formis
795 2588 179 57 specificis

1054 192 103 63 quia
1119 192 116 63 sicut
1196 192 129 63 nullum
1286 192 129 63 animal
1377 192 90 63 est
1429 192 103 63 sine
1493 192 155 63 materia.
1609 192 77 63 et
1648 192 116 63 tamen
1713 192 77 63 mul-

1055 249 77 49 ra
1094 249 153 49 animalia
1209 249 102 49 sunt
1273 249 102 49 sine
1336 249 115 49 anima
1413 249 217 49 intellectiua.
1592 249 115 49 eodem
1669 249 102 49 modo
1720 249 64 49 si-

1068 299 74 46 ue
1105 299 111 46 anime
1179 299 161 46 sensitiue
1302 299 99 46 sint
1364 299 136 46 eiusdem
1463 299 148 46 rationis
1574 299 74 46 in
1611 299 136 46 omnibus
1698 299 86 46 aliis

1061 339 90 49 siue
1117 339 90 49 non.
1174 339 90 49 quia
1230 339 102 49 tamen
1298 339 113 49 nullum
1377 339 113 49 animal
1456 339 79 49 est
1501 339 90 49 sine
1558 339 102 49 anima
1626 339 158 49 sensitiua.
1739 339 45 49 et

1055 382 117 52 tamen
1133 382 117 52 multa
1210 382 155 52 animalia
1327 382 104 52 sunt
1392 382 104 52 sine
1456 382 117 52 anima
1534 382 220 52 intellectiua.
1702 382 78 52 ideo

1059 427 120 51 magis
1139 427 147 51 dicitur
1246 427 107 51 quod
1312 427 134 51 animal
1406 427 187 51 significat
1553 427 134 51 formam
1633 427 160 51 sensitiuam

1053 466 104 59 quam
1118 466 104 59 atam
1183 466 234 59 intellectiuam.
1378 466 78 59 et
1417 466 91 59 ita
1469 466 91 59 est
1521 466 78 59 de
1560 466 117 59 aliis
1638 466 130 59 formis
1716 466 65 59 spe

1062 514 144 49 cificis.
1170 514 72 49 et
1206 514 108 49 tamen
1278 514 72 49 in
1314 514 84 49 rei
1362 514 144 49 veritate
1471 514 120 49 animal
1555 514 168 49 significat
1675 514 108 49 quodli-

1058 556 90 56 bet
1110 556 116 56 totum
1187 556 77 56 et
1226 556 129 56 nullam
1316 556 129 56 partem
1406 556 103 56 nisi
1471 556 90 56 sic
1522 556 168 56 improprie
1638 556 142 56 loquendo.

1054 600 83 50 Et
1096 600 97 50 sic
1151 600 153 50 possunt
1262 600 180 50 intelligi
1401 600 125 50 omnes
1484 600 222 50 auctoritates
1650 600 139 50 ponentes

1052 649 130 52 genus
1138 649 231 52 singnificare
1326 649 173 52 materiam
1455 649 101 52 non
1513 649 159 52 formam.
1628 649 101 52 vel
1672 649 115 52 ponen-

1063 690 84 53 tes
1111 690 108 53 genus
1183 690 192 53 singnificare
1339 690 120 53 formam
1423 690 192 53 communiorem.
1580 690 96 53 siue
1640 690 84 53 per
1676 690 108 53 praedi-

1055 735 156 53 cationem
1172 735 104 53 siue
1237 735 91 53 per
1288 735 233 53 coexistentiam.
1483 735 78 53 et
1522 735 91 53 non
1574 735 130 53 formam
1651 735 130 53 specifi-

1061 773 101 52 cam.
1125 773 63 52 ⁋
1150 773 88 52 Sed
1200 773 126 52 contra
1289 773 114 52 illud
1364 773 126 52 potest
1453 773 139 52 obiici.
1554 773 101 52 quod
1617 773 76 52 si
1655 773 114 52 genus
1718 773 63 52 non

1057 822 224 55 signfficaret
1239 822 154 55 aliquam
1351 822 154 55 partem.
1464 822 112 55 ergo
1534 822 98 55 qua
1590 822 154 55 ratione
1688 822 98 55 posi-

1060 866 86 57 to
1103 866 144 57 genere
1204 866 158 57 oportet
1319 866 144 57 ponere
1420 866 115 57 vnam
1492 866 231 57 differentiam
1665 866 115 57 exprit

1069 912 124 48 mentem
1156 912 100 48 vnam
1218 912 124 48 partem
1305 912 149 48 scilicet
1417 912 137 48 formam.
1517 912 112 48 eadem
1591 912 137 48 ratione
1678 912 100 48 oporte

1058 954 92 55 ret
1110 954 158 55 apponere
1229 954 144 55 aliquam
1334 954 210 55 differentiam
1504 954 197 55 exprimentem
1662 954 118 55 aliam
1727 954 66 55 per

1059 996 66 55 tem
1096 996 113 55 scilicet
1181 996 122 55 materiam.
1275 996 132 55 consequens
1378 996 103 55 falsum.
1454 996 66 55 tum
1491 996 75 55 quia
1538 996 113 55 secundum
1623 996 150 55 philosophum.
1736 996 56 55 vii.

1057 1051 140 48 metha.
1155 1051 140 48 causa.
1253 1051 84 48 de
1295 1051 154 48 vnitate
1407 1051 252 48 diffinitionis.
1616 1051 140 48 posito
1700 1051 84 48 gene

1062 1087 63 52 re
1093 1087 126 52 sufficit
1188 1087 105 52 ponere
1261 1087 168 52 differentiam
1398 1087 158 52 specificam.
1524 1087 84 52 quae
1576 1087 74 52 est
1618 1087 84 52 tota
1660 1087 126 52 substantia

1050 1128 182 50 diffiniti.
1193 1128 91 50 tum
1245 1128 104 50 quia
1309 1128 104 50 tunc
1374 1128 182 50 diffinitio
1517 1128 169 50 naturalis
1646 1128 91 50 non
1685 1128 104 50 disti-

1061 1181 163 46 gueretur
1183 1181 68 46 a
1210 1181 217 46 diffinitione
1387 1181 244 46 metaphisicali.
1590 1181 108 46 quia
1658 1181 81 46 in
1685 1181 108 46 natura

1059 1217 77 51 li
1098 1217 140 51 ponitur
1200 1217 89 51 tam
1251 1217 140 51 materia
1353 1217 102 51 quam
1416 1217 128 51 forma.
1506 1217 102 51 ergo
1569 1217 77 51 si
1608 1217 115 51 eodem
1684 1217 102 51 modo
1735 1217 51 51 po

1054 1262 151 52 neretur
1164 1262 96 52 tam
1219 1262 151 52 materia
1330 1262 110 52 quam
1398 1262 124 52 forma
1481 1262 83 52 in
1522 1262 220 52 diffinitione
1688 1262 96 52 meta-

1064 1307 188 55 phisicali.
1211 1307 121 55 esset
1292 1307 134 55 eadem:
1386 1307 94 55 vel
1440 1307 81 55 in
1480 1307 94 55 vna
1534 1307 121 55 esset
1601 1307 188 55 superfluitas

1063 1344 105 66 puta
1129 1344 79 66 in
1168 1344 105 66 illa
1234 1344 79 66 in
1273 1344 92 66 qua
1326 1344 145 66 ponitur
1431 1344 105 66 plus
1497 1344 105 66 quam
1562 1344 145 66 materia
1668 1344 79 66 et
1694 1344 92 66 forma

1067 1386 58 64 ⁋
1091 1386 151 64 Preterea.
1207 1386 140 64 secundum
1312 1386 174 64 philosophum
1451 1386 105 64 ibide
1521 1386 105 64 nihil
1591 1386 128 64 differt
1672 1386 128 64 diffinire

1066 1430 98 65 per
1122 1430 126 65 plura
1206 1430 98 65 aut
1261 1430 98 65 per
1317 1430 140 65 pauca.
1415 1430 84 65 et
1457 1430 98 65 per
1513 1430 126 65 pauca
1597 1430 98 65 aut
1652 1430 112 65 duo.
1708 1430 84 65 ergo

1058 1485 169 51 superflue
1188 1485 143 51 ponitur
1292 1485 182 51 diferentia
1435 1485 156 51 exprimes
1551 1485 130 51 partem
1629 1485 169 51 materialem.

1066 1526 189 50 Respondeo
1212 1526 146 50 posito
1314 1526 146 50 genere
1416 1526 189 50 propinquo
1562 1526 102 50 non
1620 1526 160 50 oportet
1722 1526 58 50 po

1068 1565 106 54 nere
1134 1565 212 54 differentiam
1306 1565 199 54 exprimentem
1465 1565 132 54 partem
1558 1565 199 54 materialem.
1703 1565 93 54 Cuius

1069 1612 102 48 ratio
1137 1612 91 48 est.
1194 1612 91 48 quia
1250 1612 114 48 quando
1330 1612 114 48 aliqua
1409 1612 125 48 species
1500 1612 159 48 diffinitur
1625 1612 79 48 per
1670 1612 102 48 genus
1727 1612 57 48 pro

1066 1656 163 51 pinquum
1185 1656 267 51 praesupponenda
1407 1656 104 51 est
1466 1656 207 51 diffinitio
1614 1656 178 51 couertibi-

1068 1695 93 57 lis
1121 1695 93 57 cum
1174 1695 107 57 illo
1241 1695 133 57 genere
1334 1695 173 57 propinquo
1467 1695 80 57 et
1507 1695 80 57 in
1547 1695 107 57 illa
1601 1695 186 57 diffinitione

1061 1747 88 50 vel
1112 1747 201 50 diffinitione
1275 1747 151 50 alicuius
1388 1747 176 50 superioris
1526 1747 113 50 debet
1601 1747 100 50 poni
1651 1747 138 50 different

1063 1790 162 44 exprimens
1187 1790 125 44 partem
1275 1790 112 44 illam
1349 1790 187 44 materialem.
1499 1790 75 44 et
1537 1790 100 44 ideo
1599 1790 87 44 cum
1636 1790 150 44 diffinitio

1061 1830 95 54 sit
1116 1830 109 54 data
1184 1830 122 54 causa
1265 1830 231 54 innotescendi.
1455 1830 136 54 posito
1550 1830 136 54 genere
1632 1830 149 54 propinquo

1062 1873 85 48 non
1111 1873 134 48 oportet
1208 1873 146 48 apponere
1318 1873 97 48 nisi
1379 1873 195 48 differentiam
1537 1873 171 48 essentiale
1659 1873 134 48 conuerti-

1067 1918 117 50 bilem
1145 1918 91 50 cum
1197 1918 181 50 diffinito.
1339 1918 104 50 Unde
1404 1918 104 50 iste
1469 1918 91 50 est
1521 1918 130 50 rectus
1611 1918 104 50 ordo
1663 1918 117 50 inuesti

1068 1963 107 57 gandi
1140 1963 203 57 diffinitiones
1307 1963 143 57 acceptas
1414 1963 84 57 per
1462 1963 179 57 diuisiones.
1605 1963 143 57 scilicet
1700 1963 84 57 primo

1064 2008 179 52 diuidere
1198 2008 134 52 genus
1288 2008 179 52 supremum
1422 2008 89 52 in
1467 2008 119 52 suas
1541 2008 164 52 species
1646 2008 134 52 immedia

1066 2054 84 52 tas
1114 2054 84 52 per
1162 2054 181 52 differentia
1307 2054 181 52 essentiales
1452 2054 72 52 si
1488 2054 109 52 tales
1561 2054 133 52 habeat.
1657 2054 72 52 et
1681 2054 97 52 statim

1057 2093 154 54 habetur
1169 2093 196 54 diffinitio
1323 2093 182 54 exprimens
1462 2093 140 54 aliquo
1560 2093 112 54 modo
1630 2093 126 54 ipsam
1700 2093 84 54 spe-

1062 2143 101 51 ciem
1126 2143 190 51 subalternam
1277 2143 190 51 immediatam.
1429 2143 76 51 et
1467 2143 101 51 tunc
1530 2143 177 51 exprimitur
1669 2143 101 51 pars
1720 2143 63 51 ali

1074 2187 83 51 qua
1121 2187 165 51 cuiuslibet
1251 2187 142 51 contenti
1358 2187 83 51 sub
1405 2187 95 51 illa
1464 2187 130 51 specie.
1559 2187 130 51 Secundo
1653 2187 130 51 oportet
1736 2187 47 51 di

1059 2228 123 51 uidere
1145 2228 111 51 illud
1219 2228 111 51 genus
1293 2228 185 51 subalternum
1441 2228 86 51 per
1490 2228 197 51 differentia.
1650 2228 74 51 et
1687 2228 99 51 tunc
1737 2228 49 51 ha

1062 2273 119 48 betur
1141 2273 105 48 alia
1207 2273 198 48 diffinitio:
1365 2273 79 48 et
1404 2273 92 48 sic
1457 2273 158 48 continue
1575 2273 184 48 procedendo
1707 2273 79 48 quo-

1065 2315 119 51 usque
1144 2315 158 51 veniatur
1263 2315 79 51 ad
1302 2315 145 51 vltimum
1408 2315 132 51 genus.
1500 2315 119 51 cuius
1579 2315 158 51 cognitio
1698 2315 79 51 si
1724 2315 66 51 re-

1063 2361 83 52 cto
1111 2361 119 52 ordine
1194 2361 166 52 procedatur
1324 2361 190 52 praesupponit
1478 2361 142 52 notitiam
1585 2361 119 52 omnium
1656 2361 131 52 different

1059 2413 93 45 rum
1112 2413 212 45 exprimentium
1284 2413 119 45 omnes
1363 2413 132 45 partes
1456 2413 93 45 rei
1509 2413 212 45 diffiniende.
1668 2413 119 45 praeter

1060 2447 192 49 differentiam
1216 2447 204 49 conuertibilem
1384 2447 180 49 exprimentem
1528 2447 120 49 parten
1612 2447 168 49 diffiniti.
1732 2447 60 49 cui

1060 2489 112 57 nihil
1134 2489 137 57 eiusdem
1234 2489 150 57 rationis
1347 2489 162 57 inuenitur
1471 2489 75 57 in
1509 2489 162 57 quocumque
1634 2489 112 57 alio.
1709 2489 75 57 Et
1734 2489 62 57 hoc

1067 2537 79 51 est
1112 2537 135 51 intentio
1213 2537 158 51 philosophi
1337 2537 113 51 quando
1416 2537 113 51 dicit.
1494 2537 101 51 nihil
1562 2537 101 51 aliud
1629 2537 79 51 est
1674 2537 68 51 in
1697 2537 90 51 diffi-

1069 2582 125 62 nitione
1160 2582 91 62 quam
1216 2582 114 62 primum
1296 2582 114 62 dictum
1375 2582 102 62 genus
1444 2582 68 62 et
1478 2582 170 62 differentia
1614 2582 91 62 alia
1671 2582 91 62 vero
1716 2582 91 62 genera
