2322 3081
217 332 105 83 Uno
277 332 120 83 modo
352 332 180 83 stricte.
487 332 90 83 et
532 332 120 83 isto
606 332 120 83 modo
681 332 210 83 diffinitio
831 332 120 83 compo-

223 382 124 74 nitur
306 382 82 74 ex
347 382 165 74 partibus
470 382 165 74 alterius
594 382 178 74 rationis.
731 382 137 74 quarum
827 382 96 74 vna
868 382 69 74 est

225 426 215 73 determinans
397 426 86 73 et
440 426 143 73 altera
540 426 272 73 determinabilis.
769 426 86 73 et
812 426 100 73 vna
855 426 86 73 con-

220 469 154 74 trahens
332 469 84 74 et
374 469 140 74 altera
473 469 253 74 contrahibilis.
683 469 84 74 et
725 469 140 74 semper
824 469 84 74 in
852 469 98 74 tali-

223 516 101 76 bus
280 516 245 76 determinabile
482 516 216 76 praedicatur
655 516 245 76 vniuersaliter
857 516 86 76 de
885 516 58 76 al

227 563 110 73 tera.
300 563 134 73 quamuis
398 563 85 73 non
447 563 171 73 econuerso.
581 563 73 73 et
617 563 98 73 ista
678 563 171 73 diffinitio
813 563 85 73 non
849 563 98 73 reperi

223 600 98 76 tur
279 600 112 76 nisi
349 600 168 76 respectu
476 600 239 76 compositorum.
672 600 112 76 Alio
742 600 112 76 modo
799 600 154 76 accipitur

227 648 207 74 diffinitio
390 648 103 74 non
449 648 118 74 data
522 648 103 74 per
581 648 236 74 additamentum
773 648 148 74 large.
862 648 89 74 pro-

256 694 104 68 mni
316 694 238 68 diffinitione
509 694 134 68 cuius
598 694 134 68 nulla
687 694 119 68 pars
762 694 178 68 exprimit
881 694 74 68 ali

244 735 108 81 quid
311 735 202 81 accidentale
473 735 81 81 in
513 735 108 81 esse
581 735 108 81 illi
648 735 189 81 diffinito:
796 735 148 81 quamuis
891 735 67 81 ali

320 780 122 72 pars
396 780 92 72 ex
442 780 122 72 modo
518 780 107 72 suo
579 780 244 72 significandi
778 780 107 72 sit
824 780 137 72 concre-

346 824 88 73 in
390 824 219 73 predicabile
565 824 88 73 de
609 824 175 73 quolibet
740 824 88 73 de
784 824 102 73 quo
828 824 131 73 praedi-

236 867 145 72 catur
333 867 113 72 per
397 867 97 72 se
446 867 145 72 primo
543 867 145 72 modo.
640 867 97 72 et
688 867 129 72 isto
769 867 129 72 modo
834 867 129 72 impro-

250 910 112 72 prie
320 910 141 72 posset
419 910 112 72 deus
489 910 141 72 aliquo
587 910 112 72 modo
658 910 197 72 diffiniri.
812 910 98 72 sic
855 910 98 72 dicen

242 964 107 63 do.
303 964 123 63 Deus
380 964 107 63 est
441 964 184 63 essentia
579 964 276 63 intellectualis
793 964 169 63 volitiua.

251 999 126 74 etc.
330 999 126 74 Unde
409 999 142 74 nihil
504 999 111 74 hic
567 999 174 74 positum
693 999 190 74 exprimit
820 999 142 74 aliquid

243 1043 228 75 accidentale
425 1043 121 75 deo:
501 1043 167 75 quamuis
622 1043 258 75 intellectuale
835 1043 91 75 ex
865 1043 91 75 modo

242 1088 103 73 suo
301 1088 235 73 significandi
492 1088 103 73 sit
551 1088 206 73 concretum:
712 1088 118 73 quod
786 1088 103 73 non
830 1088 132 73 praedi-

247 1131 140 71 catur
341 1131 93 71 de
387 1131 186 71 quolibet
527 1131 109 71 per
589 1131 93 71 se
636 1131 140 71 primo
729 1131 140 71 modo.
822 1131 124 71 quia
884 1131 78 71 non

250 1173 83 75 de
292 1173 194 75 substantia
444 1173 152 75 creata.
555 1173 97 75 hec
610 1173 111 75 enim
679 1173 97 75 non
735 1173 97 75 est
790 1173 97 75 per
845 1173 83 75 se
873 1173 97 75 primo

247 1219 140 72 modo.
341 1219 171 72 angelus
465 1219 109 72 est
528 1219 296 72 intellectualis.
777 1219 125 72 quia
839 1219 140 72 intelle

267 1262 143 72 ctuale
367 1262 100 72 est
424 1262 114 72 idem
495 1262 114 72 quod
566 1262 143 72 potens
666 1262 228 72 intelligere.
851 1262 86 72 et
880 1262 86 72 ideo

264 1309 126 66 sicut
348 1309 98 66 hec
404 1309 98 66 non
460 1309 98 66 est
516 1309 98 66 per
572 1309 84 66 se
614 1309 126 66 primo
697 1309 112 66 modo
767 1309 154 66 angelus
865 1309 112 66 potest

267 1353 200 70 intelligere:
429 1353 87 70 ita
479 1353 87 70 nec
528 1353 112 70 alia.
603 1353 112 70 tamen
678 1353 112 70 sicut
753 1353 125 70 dictum
840 1353 87 70 est
878 1353 87 70 priu-

235 1398 102 65 de
286 1398 119 65 deo
354 1398 237 65 predicatur
540 1398 119 65 per
608 1398 102 65 se
658 1398 152 65 primo
760 1398 152 65 modo.
895 1398 102 65 Ad
929 1398 51 65 a

261 1437 173 82 gumentum
390 1437 86 82 in
433 1437 201 82 contrarium
592 1437 115 82 dico
663 1437 115 82 quod
735 1437 129 82 talis
807 1437 173 82 diffinitio

277 1486 93 75 per
330 1486 119 75 talia
409 1486 159 75 communia
529 1486 93 75 non
582 1486 93 75 est
635 1486 186 75 diffinitio
780 1486 146 75 stricte
873 1486 106 75 sumpta

267 1527 115 74 quia
339 1527 144 74 semper
440 1527 87 74 in
483 1527 115 74 tali
555 1527 231 74 diffinitione
742 1527 159 74 ponitur
843 1527 130 74 aliquae

272 1577 267 68 connotatiuum:
492 1577 126 68 quod
571 1577 110 68 non
634 1577 220 68 predicatur
807 1577 94 68 de
838 1577 126 68 omnils

266 1620 98 71 de
315 1620 163 71 quibus
429 1620 228 71 predicatur
608 1620 147 71 etiam
705 1620 260 71 predicatione
901 1620 81 71 pro

284 1666 118 66 orie
358 1666 133 66 dicta
447 1666 103 66 per
506 1666 89 66 se
550 1666 133 66 primo
639 1666 133 66 modo.
727 1666 103 66 sed
786 1666 103 66 per
845 1666 89 66 se
875 1666 118 66 secun-

285 1708 84 66 do
327 1708 112 66 modo
397 1708 154 66 tantum.
537 1708 84 66 Si
579 1708 154 66 dicatur
690 1708 112 66 quod
760 1708 154 66 precise
858 1708 140 66 ponuntur

276 1746 123 75 illi
352 1746 200 75 conceptus
506 1746 108 75 qui
568 1746 169 75 precise
691 1746 231 75 predicantur
875 1746 92 75 in
906 1746 92 75 quid

333 1788 110 69 Dico
402 1788 110 69 quod
471 1788 82 69 si
512 1788 96 69 hoc
567 1788 124 69 esset
649 1788 192 69 possibile:
800 1788 137 69 posset
882 1788 124 69 concedi

280 1846 107 64 quod
346 1846 120 64 esset
426 1846 200 64 diffinitio.
586 1846 93 64 non
639 1846 120 64 tamen
719 1846 213 64 strictissime
879 1846 120 64 sumpta.

274 1880 120 74 sed
342 1880 257 74 coniungendo
548 1880 154 74 tales
651 1880 223 74 conceptus
822 1880 137 74 erit
890 1880 120 74 impro

273 1922 115 78 pria
344 1922 158 78 locutio
459 1922 86 78 et
502 1922 115 78 erit
573 1922 129 78 sermo
659 1922 100 78 non
717 1922 200 78 intelligib
874 1922 115 78 lis.
931 1922 72 78 sic

278 1966 195 68 dicendo:
424 1966 130 68 deus
506 1966 244 68 intellectus
701 1966 195 68 voluntas
831 1966 179 68 sapientia

289 2010 161 72 bonitas
407 2010 117 72 etc.
480 2010 103 72 est
538 2010 132 72 sermo
626 2010 103 72 non
685 2010 278 72 intelligibilis.
904 2010 103 72 sicut

289 2055 115 81 iste
360 2055 100 81 est
418 2055 129 81 sermo
504 2055 100 81 non
561 2055 273 81 intelligibilis.
791 2055 115 81 homo
863 2055 100 81 est
906 2055 100 81 lapis

284 2102 162 66 animal
397 2102 162 66 capra.
511 2102 130 66 Unde
592 2102 113 66 duo
657 2102 211 66 abstracta
819 2102 178 66 nunquam
932 2102 81 66 po-

296 2140 153 79 nuntur
403 2140 76 79 a
433 2140 138 79 parte
525 2140 168 79 eiusdem
647 2140 183 79 extremi.
785 2140 122 79 sine
846 2140 168 79 impropri-

298 2196 147 62 etate
396 2196 196 62 sermonis
543 2196 131 62 nisi
624 2196 196 62 mediante
771 2196 163 62 aliqua
869 2196 147 62 coniun-

297 2237 163 70 ctione.
416 2237 119 70 sict
490 2237 178 70 dicendo.
623 2237 119 70 deus
698 2237 104 70 est
757 2237 193 70 sapientia
905 2237 89 70 et
935 2237 74 70 bon

301 2272 103 75 tas
360 2272 103 75 sed
419 2272 207 75 coniunctio
582 2272 162 75 nunquam
700 2272 133 75 debet
789 2272 162 75 ingredi
892 2272 118 75 diffi-

300 2315 176 84 nitionem
432 2315 161 84 proprie
549 2315 161 84 dictam.
667 2315 190 84 Similiter
813 2315 117 84 dato
886 2315 117 84 quod
945 2315 73 84 sic

307 2362 147 82 posset
410 2362 132 82 dici:
498 2362 132 82 adhuc
586 2362 103 82 non
645 2362 103 82 est
704 2362 206 82 diffinitio
865 2362 162 82 proprie
968 2362 59 82 di

310 2406 116 73 cta.
382 2406 116 73 quia
454 2406 87 73 in
498 2406 116 73 illa
570 2406 145 73 semper
671 2406 116 73 pars
743 2406 188 73 posterior
888 2406 130 73 debet
960 2406 58 73 ex

301 2447 182 88 primere
434 2447 182 88 aliquid
567 2447 133 88 quod
650 2447 116 88 per
716 2447 166 88 partem
832 2447 182 88 priorem
948 2447 83 88 non

296 2501 129 69 erat
376 2501 226 69 expressum.
554 2501 113 69 hoc
618 2501 145 69 autem
715 2501 113 69 non
779 2501 161 69 potest
876 2501 161 69 continge

509 2538 95 64 re
557 2538 142 64 circa
651 2538 221 64 simplicia.
825 2538 189 64 Questio.
951 2538 79 64 vi-

498 2600 293 105 Netrea
703 2600 264 105 circa
849 2600 176 105 idem

519 2672 160 66 quinto
631 2672 160 66 quero.
743 2672 144 66 Utrum
838 2672 96 66 in
886 2672 128 66 omni
950 2672 96 66 dif-

501 2719 202 58 finitione
657 2719 265 58 completissima
875 2719 171 58 debeant
984 2719 62 58 po

1030 304 100 79 ni
1080 304 150 79 omnes
1180 304 250 79 differentie
1380 304 250 79 essentiales
1581 304 117 79 cum
1631 304 133 79 genere

1035 358 139 68 primo
1127 358 277 68 generalissimo.
1389 358 123 68 Quod
1466 358 123 68 sic.
1543 358 123 68 quia
1604 358 154 68 quelibet

1040 397 221 67 differentia
1217 397 177 67 exprimit
1350 397 162 67 aliquid
1468 397 148 67 ipsius
1571 397 118 67 rei:
1645 397 118 67 ergo
1704 397 59 67 si

1035 445 89 62 ne
1080 445 89 62 ea
1124 445 104 62 non
1183 445 104 62 est
1243 445 252 62 completissima
1450 445 222 62 diffinitio.
1657 445 89 62 In
1687 445 89 62 opi-

1048 494 128 65 situm
1133 494 170 65 secundum
1261 494 227 65 philosophum.
1445 494 113 65 vii.
1516 494 213 65 methaphice.
1672 494 99 65 Ulti-

1046 539 88 64 ma
1090 539 221 64 differentia
1267 539 103 64 est
1326 539 118 64 tota
1400 539 206 64 substantia
1562 539 118 64 rei.
1635 539 118 64 ergo
1694 539 74 64 pre

1046 578 114 65 ter
1111 578 131 65 eam.
1193 578 114 65 non
1258 578 180 65 oportet
1389 578 147 65 aliam
1487 578 261 65 differentiam
1683 578 65 65 po

1046 635 144 55 nere.
1174 635 96 55 Ad
1222 635 144 55 istam
1317 635 223 55 questionem
1493 635 144 55 dico:
1589 635 128 55 quod
1652 635 144 55 contin-

1069 665 94 61 it
1116 665 172 61 aliquas
1241 665 250 61 differentias
1444 665 187 61 ordinari
1569 665 203 61 dupliciter.

1052 709 107 61 Uno
1113 709 123 61 modo
1190 709 138 61 sicut
1282 709 107 61 per
1343 709 92 61 se
1389 709 184 61 superius
1527 709 92 61 et
1573 709 107 61 per
1634 709 92 61 se
1665 709 107 61 infe-

1062 749 128 65 rius.
1147 749 99 65 ita
1204 749 170 65 scilicet
1332 749 114 65 quod
1403 749 128 65 earum
1488 749 185 65 abstracta
1630 749 85 65 se
1658 749 114 65 habent

1058 793 162 74 secundum
1179 793 162 74 superius
1300 793 81 74 et
1340 793 175 74 inferius.
1475 793 108 74 Alio
1542 793 108 74 modo
1609 793 121 74 sicut
1677 793 94 74 diffe

1071 840 130 71 entia
1157 840 101 71 que
1215 840 174 71 competit
1346 840 174 71 pluribus
1476 840 87 71 et
1520 840 116 71 alia
1578 840 188 71 paucioribus

1064 891 81 63 ad
1104 891 121 63 modum
1185 891 94 63 quo
1239 891 162 63 risibile
1360 891 81 63 et
1401 891 175 63 coloratum
1536 891 202 63 ordinantur.
1684 891 81 63 quod

1052 926 125 73 omne
1130 926 187 73 risibile
1271 926 109 73 est
1334 926 219 73 coloratum:
1505 926 94 73 et
1552 926 109 73 non
1599 926 172 73 econuerso

1080 969 88 69 bi
1124 969 132 69 primo
1212 969 132 69 modo:
1300 969 103 69 sic
1359 969 117 69 dico
1432 969 117 69 quod
1505 969 103 69 non
1564 969 132 69 omnes
1637 969 147 69 differen

1069 1022 100 56 tie
1126 1022 142 56 debent
1225 1022 114 56 poni
1297 1022 85 56 in
1339 1022 242 56 diffinitione.
1539 1022 128 56 etiam
1624 1022 142 56 posito
1710 1022 71 56 so-

1080 1059 100 71 oer
1137 1059 143 71 genere
1237 1059 243 71 generalissimo
1437 1059 86 71 in
1480 1059 243 71 diffinitione.
1681 1059 100 71 sed
1723 1059 72 71 so-

1065 1100 88 67 la
1109 1100 219 67 differentia
1284 1100 146 67 vltima
1386 1100 131 67 debet
1474 1100 117 67 poni
1547 1100 88 67 in
1590 1100 117 67 tali
1649 1100 131 67 diffini

1074 1155 124 61 tione.
1161 1155 75 61 et
1198 1155 99 61 isto
1260 1155 99 61 modo
1322 1155 149 61 loquitur
1434 1155 199 61 philosophus.
1596 1155 99 61 vii.
1658 1155 124 61 metha.
1732 1155 50 61 ca

1097 1190 118 72 itulo
1176 1190 79 72 de
1215 1190 145 72 vnitate
1320 1190 236 72 diffinitionis.
1517 1190 92 72 vbi
1570 1190 131 72 dicit.
1662 1190 105 72 quod
1714 1190 66 72 di-

1066 1239 185 60 ferentia
1204 1239 108 60 est
1266 1239 200 60 diuidenda
1420 1239 92 60 in
1466 1239 246 60 differentias
1650 1239 139 60 posteri

1077 1287 129 58 ores:
1163 1287 129 58 sicut
1249 1287 186 58 pedalitas
1392 1287 186 58 diuidenda
1535 1287 100 58 est
1592 1287 86 58 in
1635 1287 100 58 per
1693 1287 86 58 se
1721 1287 72 58 con

1076 1322 145 69 tenta
1172 1322 161 69 semper
1285 1322 193 69 quousque
1430 1322 225 69 deueniatur
1607 1322 97 69 ad
1639 1322 145 69 vltimam

1070 1373 248 63 differentiam
1271 1373 108 63 que
1333 1373 124 63 sola
1410 1373 139 63 debet
1503 1373 124 63 poni
1580 1373 93 63 in
1611 1373 186 63 diffinitio

1078 1408 109 67 ne.
1141 1408 125 67 quia
1219 1408 94 67 si
1266 1408 234 67 differentia
1453 1408 187 67 superior
1593 1408 203 67 poneretur
1734 1408 78 67 cum

1092 1462 211 52 posteriori:
1261 1462 127 52 esset
1345 1462 169 52 nugatio.
1472 1462 127 52 sicut
1557 1462 155 52 dicendo
1669 1462 141 52 animal
1754 1462 56 52 ho

1081 1496 87 75 mo
1124 1496 101 75 est
1182 1496 173 75 nugatio.
1311 1496 101 75 ita
1369 1496 101 75 est
1427 1496 101 75 hic
1485 1496 173 75 nugatio.
1614 1496 144 75 animal
1701 1496 101 75 bipes

1096 1540 134 69 pedens
1189 1540 134 69 habens
1283 1540 134 69 fissos
1377 1540 107 69 Unde
1444 1540 120 69 dicit
1524 1540 94 69 sic
1577 1540 201 69 philosophus
1725 1540 80 69 opor

1091 1584 94 76 tet
1144 1584 135 76 diuidi
1239 1584 215 76 differentiam
1414 1584 81 76 vt
1454 1584 175 76 animalis:
1589 1584 202 76 differentia
1737 1584 67 76 est

1112 1624 199 77 edalitas.
1265 1624 123 77 Item
1341 1624 184 77 animalis
1479 1624 184 77 habentis
1617 1624 138 77 pedes
1694 1624 107 77 diffe

1086 1671 185 69 rentiam
1221 1671 185 69 oportet
1356 1671 152 69 scire
1457 1671 219 69 inquantum
1625 1671 168 69 habens
1726 1671 84 69 pe-

1092 1720 116 62 des.
1164 1720 101 62 hoc
1222 1720 116 62 est.
1294 1720 159 62 oportet
1409 1720 173 62 diuidere
1539 1720 130 62 istam
1612 1720 202 62 differentiam

1092 1762 201 69 superiorem
1250 1762 86 69 in
1293 1762 101 69 sua
1350 1762 101 69 per
1408 1762 86 69 se
1451 1762 187 69 contenta.
1594 1762 86 69 et
1638 1762 101 69 non
1695 1762 101 69 per
1738 1762 72 69 ali

1100 1802 121 75 quas
1175 1802 241 75 differentias
1371 1802 241 75 accidentales
1568 1802 91 75 Et
1613 1802 106 75 hoc
1673 1802 106 75 est
1718 1802 91 75 quod

1093 1855 158 61 dicit:
1204 1855 142 61 quare
1298 1855 110 61 non
1361 1855 110 61 est
1425 1855 205 61 dicendum.
1582 1855 189 61 habentis
1709 1855 110 61 pedes

1102 1904 143 63 sicut
1197 1904 159 63 alatum
1308 1904 143 63 aliud
1404 1904 111 63 non
1467 1904 175 63 alatum.
1594 1904 95 63 Si
1642 1904 159 63 quidem
1737 1904 79 63 be-

1103 1937 90 73 ne
1148 1937 149 73 dicit.
1252 1937 105 73 sed
1312 1937 164 73 propter
1432 1937 105 73 non
1491 1937 134 73 posse
1581 1937 149 73 faciet
1686 1937 119 73 hoc.
1745 1937 75 73 hoc

1093 1990 127 54 est:
1172 1990 127 54 quia
1252 1990 111 54 per
1315 1990 95 54 se
1363 1990 190 54 contenta
1505 1990 127 54 sunt
1584 1990 158 54 ignota
1695 1990 111 54 vel
1743 1990 79 54 non

1099 2025 180 69 habemus
1229 2025 196 69 notitiam
1377 2025 180 69 illorum
1507 2025 114 69 per
1573 2025 98 69 se
1605 2025 213 69 contentorum

1099 2077 130 58 ideo
1180 2077 212 58 diuidimus
1343 2077 114 58 per
1408 2077 146 58 talia
1506 2077 114 58 non
1571 2077 114 58 per
1636 2077 98 58 se
1668 2077 163 58 contenta

1105 2113 114 72 sed
1170 2113 98 72 si
1219 2113 211 72 haberemus
1381 2113 195 72 notitiam
1527 2113 163 72 talium
1641 2113 114 72 per
1706 2113 98 72 se
1739 2113 81 72 con

1105 2146 205 85 tentorum.
1263 2146 205 85 deberemus
1421 2146 111 85 per
1484 2146 126 85 illa
1563 2146 205 85 diuidere.
1721 2146 95 85 Et
1753 2146 79 85 hoc

1105 2203 100 59 est
1162 2203 115 59 quod
1234 2203 143 59 dicit.
1334 2203 100 59 sed
1391 2203 100 59 sic
1448 2203 143 59 supple
1549 2203 172 59 diuiduum
1677 2203 100 59 est
1735 2203 86 59 in
1763 2203 72 59 per

1112 2247 92 62 se
1158 2247 200 62 contenta.
1311 2247 138 62 aliud
1404 2247 154 62 habens
1511 2247 154 62 fissos
1619 2247 154 62 pedes.
1726 2247 138 62 aliud

1112 2288 108 69 non
1173 2288 155 69 habens
1282 2288 155 69 fissos
1390 2288 155 69 pedes.
1498 2288 108 69 hae
1560 2288 155 69 nanque
1668 2288 124 69 sunt
1730 2288 108 69 diffe

1116 2332 150 64 rentie
1221 2332 150 64 pedis.
1325 2332 105 64 hoc
1385 2332 105 64 est
1445 2332 120 64 ista
1520 2332 120 64 sunt
1595 2332 105 64 per
1655 2332 90 64 se
1684 2332 150 64 contenta

1118 2380 102 65 sub
1177 2380 160 65 habente
1293 2380 145 65 pedes.
1394 2380 87 65 et
1438 2380 116 65 iste
1511 2380 116 65 sunt
1583 2380 232 65 differentie.
1757 2380 73 65 hoc

1119 2425 108 64 est
1180 2425 123 64 illa
1257 2425 92 64 in
1304 2425 108 64 que
1365 2425 200 64 diuiditur
1519 2425 154 64 habens
1627 2425 154 64 pedes.
1735 2425 92 64 et
1766 2425 77 64 hoc

1115 2469 106 66 est
1175 2469 121 66 quod
1251 2469 151 66 dicit.
1356 2469 106 66 Nam
1417 2469 151 66 fissio
1522 2469 136 66 pedis
1613 2469 196 66 pedalitas
1748 2469 91 66 qua-

1113 2513 105 66 dam
1173 2513 120 66 est.
1248 2513 105 66 hoc
1308 2513 105 66 est
1368 2513 120 66 ista
1443 2513 225 66 differentia
1624 2513 180 66 inferior
1744 2513 105 66 perse

1115 2563 205 53 continetur
1277 2563 103 53 sub
1335 2563 220 53 differentia
1512 2563 161 53 priori.
1629 2563 88 53 et
1673 2563 88 53 de
1717 2563 88 53 ea
1761 2563 88 53 in
1790 2563 59 53 ab

1119 2603 170 65 stracto
1242 2603 232 65 predicatur.
1427 2603 93 65 et
1474 2603 123 65 ideo
1551 2603 108 65 per
1612 2603 93 65 se
1659 2603 139 65 primo
1751 2603 123 65 modo

1129 2640 77 72 Et
1168 2640 140 72 subdit.
1270 2640 77 72 si
1308 2640 128 72 itaque
1397 2640 89 72 hoc
1448 2640 77 72 se
1487 2640 128 72 habent
1576 2640 128 72 palam:
1665 2640 102 72 quia
1729 2640 77 72 si
1755 2640 102 72 animal

1125 2679 200 90 differentia
1285 2679 187 90 substautia
1431 2679 93 90 rei
1485 2679 107 90 erit
1551 2679 80 90 et
1591 2679 200 90 diffinitio.
1751 2679 93 90 hoo
1791 2679 67 90 est
