2246 3092
471 187 122 71 ipsa
547 187 122 71 sola
624 187 199 71 poneretur
776 187 92 71 in
822 187 260 71 diffinitione.
1036 187 92 71 et
1067 187 122 71 probat

465 257 93 45 Si
512 257 109 45 non
574 257 171 45 oportet
698 257 217 45 multotiens
869 257 140 45 eadem
962 257 155 45 dicere
1071 257 93 45 in
1102 257 93 45 ter-

462 300 130 55 minis.
553 300 78 55 et
592 300 130 55 postea
682 300 169 55 concludit
812 300 130 55 palam.
903 300 104 55 quia
968 300 181 55 diffinitio
1097 300 91 55 ratio

470 343 90 49 est
522 343 90 49 que
573 343 77 49 ex
612 343 206 49 differentiis
779 343 77 49 et
818 343 116 49 harum
896 343 77 49 ex
934 343 142 49 finali.
1037 343 155 49 secundum
1140 343 52 49 re

460 389 131 49 ctum.
548 389 102 49 hoc
606 389 102 49 est
664 389 116 49 illa
736 389 116 49 sola
809 389 102 49 que
867 389 102 49 est
925 389 145 49 vltima
1026 389 87 49 in
1055 389 131 49 diuisio

473 435 84 52 ne
515 435 84 52 in
557 435 98 52 qua
614 435 141 52 semper
712 435 98 52 per
768 435 84 52 se
810 435 169 52 superius
937 435 183 52 diuiditur
1078 435 98 52 per
1120 435 70 52 sua

467 479 93 46 per
520 479 80 46 se
560 479 173 46 contenta.
693 479 106 46 illa
759 479 133 46 inquam
852 479 106 46 sola
918 479 106 46 erit
985 479 80 46 in
1011 479 173 46 diffinitio-

466 523 90 47 ne
511 523 179 47 speciei.
645 523 90 47 Et
690 523 149 47 probat
795 523 119 47 quia
869 523 149 47 aliter
974 523 134 47 esset
1049 523 134 47 nugatio

465 570 80 45 et
505 570 133 45 probat
598 570 106 45 quod
664 570 120 45 esset
744 570 146 45 nugatio
850 570 213 45 transponendo
1010 570 173 45 differentia

469 607 124 49 illas.
555 607 149 49 scilicet
667 607 136 49 priorem
766 607 74 49 et
803 607 198 49 posteriorem.
964 607 87 49 Sed
1014 607 99 49 quia
1063 607 124 49 exemplum

465 648 176 62 philosophi
604 648 88 62 non
654 648 138 62 ponitur
754 648 138 62 tanquam
855 648 126 62 verum.
943 648 88 62 sed
993 648 75 62 vt
1031 648 151 62 sentiant
1131 648 63 62 qui

470 700 202 48 addiscunt.
628 700 116 48 ideo
701 700 144 48 potest
802 700 116 48 poni
874 700 130 48 aliud
961 700 173 48 exemplum
1076 700 116 48 verum.

469 734 133 55 Uerbi
558 734 162 55 gratia:
676 734 118 55 dico
750 734 118 55 quod
823 734 133 55 forma
912 734 103 55 est
971 734 118 55 vnum
1045 734 162 55 commune
1148 734 44 55 a

469 780 90 63 quo
521 780 168 63 accipitur
650 780 194 63 differentia
805 780 90 63 per
857 780 103 63 quam
922 780 103 63 modo
986 780 155 63 exposito
1103 780 78 63 in
1128 780 65 63 pri

468 832 151 44 oribus
574 832 241 44 questionibus
770 832 211 44 substantia
936 832 196 44 composita
1071 832 121 44 distin

465 875 158 45 guitur
576 875 95 45 ab
623 875 174 45 angelis
750 875 111 45 qui
813 875 127 45 sunt
892 875 95 45 in
940 875 158 45 genere
1035 875 158 45 substan-

464 921 109 52 tie.
532 921 95 52 ita
587 921 109 52 quod
654 921 136 52 habens
749 921 136 52 formam
844 921 95 52 est
899 921 203 52 differentia
1061 921 122 52 talis
1129 921 68 52 spe

464 955 90 58 ciei
520 955 170 58 subalterne.
656 955 102 58 sicut
724 955 147 58 sensibile
837 955 79 58 est
882 955 170 58 differentia
1017 955 147 58 animalis.
1119 955 68 58 tunc

469 999 122 64 forma
551 999 176 64 diuiditur
686 999 95 64 per
740 999 81 64 se
781 999 149 64 tanquam
889 999 81 64 in
930 999 95 64 per
984 999 81 64 se
1025 999 162 64 contenta
1133 999 54 64 in

453 1049 159 50 multas
564 1049 159 50 formas
676 1049 270 50 substantiales
898 1049 191 50 alterius
1041 1049 95 50 et
1073 1049 111 50 alte-

454 1095 109 48 rius
523 1095 177 48 rationis.
659 1095 109 48 puta
727 1095 82 48 in
768 1095 136 48 formam
863 1095 205 48 elementarem
1027 1095 82 48 et
1068 1095 82 48 in
1095 1095 82 48 for-

465 1142 111 44 mam
529 1142 158 44 mixti.
639 1142 95 44 et
687 1142 95 44 si
734 1142 206 44 haberemus
893 1142 143 44 nomen
972 1142 206 44 significans

457 1185 218 47 quodlibet
625 1185 168 47 habens
743 1185 168 47 formam
860 1185 269 47 elementarem.
1062 1185 118 47 esset

468 1227 91 51 per
520 1227 78 51 se
559 1227 195 51 differentia
715 1227 156 51 elementi
832 1227 78 51 et
870 1227 117 51 adhuc
948 1227 117 51 forma
1013 1227 169 51 elementaris

455 1269 116 48 esset
532 1269 103 48 vnum
597 1269 142 48 commune
700 1269 77 48 ad
738 1269 129 48 formam
829 1269 129 48 ignis.
919 1269 129 48 formam
1009 1269 116 48 aeris
1086 1269 103 48 etc.
1138 1269 52 48 et

454 1316 120 46 tunc
529 1316 90 46 si
574 1316 135 46 ignis
663 1316 165 46 deberet
783 1316 209 46 diffiniri.
948 1316 105 46 nec
1007 1316 150 46 habens
1097 1316 90 46 for-

447 1358 126 40 mam.
526 1358 110 40 nec
589 1358 158 40 habens
700 1358 158 40 formam
810 1358 237 40 elementarem
1000 1358 174 40 deberet
1110 1358 79 40 po-

455 1397 86 56 ni
498 1397 86 56 in
541 1397 115 56 eius
613 1397 244 56 diffinitione.
814 1397 101 56 sed
872 1397 158 56 precise
987 1397 144 56 habens
1073 1397 115 56 formam

453 1443 122 57 talem.
538 1443 98 57 quia
600 1443 122 57 aliter
685 1443 73 57 si
722 1443 110 57 omnes
796 1443 98 57 ille
857 1443 122 57 dicere
942 1443 184 57 ponerentur.
1089 1443 86 57 per
1126 1443 49 57 se

461 1486 163 54 superius
584 1486 81 54 et
624 1486 95 54 per
679 1486 81 54 se
719 1486 163 54 inferius
842 1486 190 54 ponerentur
991 1486 68 54 a
1018 1486 122 54 parte
1086 1486 95 54 eius-

453 1529 106 54 dem
513 1529 181 54 extremi.
649 1529 181 54 Toquendo
785 1529 91 54 de
831 1529 242 54 differentiis
1012 1529 166 54 ordinatis

456 1575 131 57 secundo
552 1575 107 57 modo.
623 1575 84 57 Sic
671 1575 95 57 dico
731 1575 95 57 quod
790 1575 119 57 omnens
874 1575 119 57 dicere
957 1575 84 57 cum
1005 1575 119 57 genere
1077 1575 107 57 genera-

451 1616 156 56 lissimo
564 1616 142 56 debent
664 1616 114 56 poni
735 1616 85 56 in
777 1616 241 56 diffinitione.
976 1616 85 56 et
1019 1616 114 56 illa
1076 1616 99 56 diffi

448 1668 123 43 nitio
530 1668 95 43 est
585 1668 191 43 completior
734 1668 109 43 quam
803 1668 191 43 diffinitio
952 1668 177 43 composita
1089 1668 82 43 ex
1116 1668 68 43 ge-

455 1712 112 53 nere
525 1712 183 53 propinquo
666 1712 84 53 et
708 1712 141 53 vltima
806 1712 225 53 differentia.
989 1712 127 53 Uerbi
1060 1712 112 53 gratia

463 1755 124 48 ponatur
553 1755 68 48 ad
587 1755 135 48 praesens
688 1755 90 48 quod
745 1755 68 48 in
778 1755 113 48 homine
857 1755 101 48 anima
925 1755 180 48 intellectiua
1072 1755 68 48 et
1094 1755 79 48 anima

463 1794 181 56 sensitiua
602 1794 167 56 realiter
727 1794 250 56 distinguantur.
936 1794 83 56 et
977 1794 111 56 tunc
1047 1794 111 56 iste
1103 1794 70 56 due

469 1837 106 48 icere
540 1837 153 48 rationale
657 1837 71 48 et
693 1837 153 48 sensibile
810 1837 176 48 ordinantur.
952 1837 94 48 quia
1010 1837 94 48 omne
1057 1837 118 48 rationa-

464 1878 67 66 le
497 1878 78 66 est
542 1878 145 66 sensibile
653 1878 67 66 et
686 1878 78 66 non
731 1878 156 66 econuerso.
853 1878 78 66 non
898 1878 100 66 tamen
965 1878 89 66 vnum
1020 1878 78 66 est
1065 1878 78 66 per
1109 1878 67 66 se
1131 1878 45 66 in

462 1924 129 56 ferius
553 1924 78 56 et
591 1924 116 56 aliud
669 1924 90 56 per
721 1924 78 56 se
759 1924 168 56 superius.
889 1924 116 56 sicut
966 1924 90 56 nec
1018 1924 116 56 anima
1083 1924 90 56 intel

462 1965 133 54 lectiua
559 1965 73 54 et
595 1965 109 54 anima
668 1965 145 54 sensitia
777 1965 97 54 illo
838 1965 97 54 modo
898 1965 182 54 ordinantur.
1044 1965 97 54 quia
1092 1965 85 54 anima

462 2012 208 52 intellectiua
631 2012 91 52 non
683 2012 91 52 est
735 2012 117 52 anima
813 2012 169 52 sensitiua
943 2012 91 52 nec
995 2012 182 52 econuerso.
1125 2012 65 52 si-

457 2055 103 50 cut
516 2055 89 50 in
561 2055 148 50 priori
664 2055 148 50 menbro
767 2055 133 50 forma
856 2055 222 50 elementaris
1033 2055 103 50 est
1078 2055 103 50 forma

463 2104 63 55 et
495 2104 105 55 fissio
569 2104 95 55 pedis
632 2104 74 55 est
674 2104 137 55 pedalitas
779 2104 126 55 secundum
873 2104 126 55 exemplum
968 2104 158 55 philosophi.
1094 2104 63 55 et
1115 2104 63 55 ideo

450 2145 87 48 tam
499 2145 162 48 rationale
624 2145 100 48 quam
686 2145 162 48 sensibile
811 2145 112 48 debet
885 2145 100 48 poni
947 2145 75 48 in
985 2145 199 48 diffinitione
1134 2145 50 48 ho

457 2197 103 51 minis
525 2197 69 51 ad
559 2197 80 51 hoc
605 2197 91 51 quod
662 2197 91 51 homo
719 2197 137 51 complete
822 2197 171 51 diffiniatur
959 2197 69 51 si
993 2197 103 51 tamen
1062 2197 114 51 animal
1130 2197 46 51 po

448 2241 104 52 natur
517 2241 69 52 in
551 2241 184 52 diffinitione
701 2241 138 52 hominis.
804 2241 104 52 solum
873 2241 92 52 poni
931 2241 104 52 debet
1000 2241 150 52 rationale
1103 2241 69 52 pro-

453 2280 97 49 pter
514 2280 121 49 causam
598 2280 109 49 prius
671 2280 133 49 dictam.
768 2280 85 49 sed
817 2280 97 49 illa
878 2280 170 49 diffinitio
1011 2280 85 49 non
1060 2280 97 49 erit
1108 2280 73 49 com-

463 2322 107 54 pleta.
538 2322 86 54 quia
592 2322 75 54 per
635 2322 97 54 istam
700 2322 183 54 diffinitionem
850 2322 86 54 homo
904 2322 75 54 est
946 2322 107 54 animal
1022 2322 150 54 rationale.
1129 2322 43 54 ne

455 2368 125 48 scitur
543 2368 75 48 an
581 2368 113 48 anima
656 2368 163 48 sensitiua
781 2368 200 48 distinguatur
944 2368 75 48 ab
981 2368 113 48 anima
1044 2368 125 48 intelle-

460 2409 97 50 ctiua
525 2409 76 50 vel
568 2409 87 50 non.
623 2409 87 50 quod
677 2409 97 50 tamen
742 2409 152 50 requiritur
861 2409 65 50 ad
893 2409 76 50 hoc
937 2409 87 50 quod
991 2409 130 50 sciretur
1078 2409 97 50 distin-

462 2455 83 47 cte
510 2455 154 47 quidditas
628 2455 143 47 hominis.
759 2455 83 47 Sed
807 2455 95 47 comr
866 2455 143 47 praedcam
973 2455 107 47 potet
1044 2455 119 47 obiici
1116 2455 59 47 mul

447 2502 176 54 tiplicitur.
588 2502 106 54 Primo
659 2502 94 54 sic.
717 2502 94 54 quia
776 2502 70 54 si
811 2502 153 54 praedicta
929 2502 117 54 essent
1011 2502 106 54 vera:
1069 2502 106 54 sequere

458 2543 69 51 tur
498 2543 79 51 quod
547 2543 129 51 aliquando
646 2543 149 51 differentia
765 2543 119 51 superior
855 2543 169 51 praedicaretur
994 2543 69 51 per
1033 2543 59 51 se
1063 2543 89 51 primo
1113 2543 59 51 modo

457 2584 59 75 de
487 2584 137 75 diferentia
594 2584 117 75 feriori.
682 2584 137 75 consequens
790 2584 68 75 est
829 2584 108 75 falsum.
907 2584 78 75 ergo
956 2584 59 75 et
985 2584 78 75 aus.
1034 2584 137 75 falsitatem
1132 2584 49 75 con

1291 198 138 70 sequentis
1398 198 117 70 probant
1483 198 106 70 aliqua
1557 198 96 70 primo
1621 198 85 70 sic.
1674 198 85 70 quia
1727 198 64 70 si
1759 198 85 70 sic.
1812 198 85 70 ergo
1865 198 106 70 dicere
1929 198 85 70 essent

1287 256 185 55 differentes.
1438 256 93 55 quia
1496 256 162 55 conueniunt
1623 256 69 55 in
1658 256 174 55 differentia
1797 256 162 55 superiori.
1924 256 69 55 et
1947 256 58 55 ita

1278 302 113 57 esset
1354 302 164 57 processus
1480 302 76 57 in
1518 302 164 57 infinitum
1643 302 76 57 in
1681 302 214 57 differentiis.
1857 302 138 57 Secundo
1945 302 76 57 quia

1289 348 82 45 tunc
1340 348 144 45 diferentia
1453 348 92 45 esset
1515 348 82 45 vere
1566 348 123 45 species.
1658 348 62 45 et
1689 348 82 45 tunc
1740 348 92 45 essen
1802 348 92 45 plura
1853 348 144 45 generalissi-

1282 390 68 56 ma
1316 390 91 56 quam
1373 390 114 56 decem.
1453 390 80 56 cum
1498 390 80 56 non
1544 390 91 56 sint
1601 390 114 56 tantum
1681 390 103 56 decem
1749 390 137 56 species.
1852 390 137 56 probatio
1943 390 57 56 con

1285 434 161 52 sequentie.
1411 434 92 52 quia
1468 434 92 52 omne
1526 434 92 52 quod
1583 434 103 52 habet
1652 434 172 52 praedicatum
1790 434 115 52 dictum
1871 434 69 52 de
1905 434 92 52 illo
1951 434 46 52 in

1279 478 88 46 quid
1334 478 66 46 et
1367 478 176 46 differentiam
1509 478 110 46 dictam
1586 478 66 46 in
1619 478 99 46 quale
1685 478 77 46 est
1729 478 132 46 species.
1827 478 88 46 quia
1871 478 132 46 componitur

1285 523 63 47 ex
1317 523 105 47 genere
1391 523 63 47 et
1422 523 158 47 differentia
1548 523 63 47 et
1580 523 105 47 potest
1654 523 74 47 per
1696 523 84 47 illa
1748 523 147 47 diffiniri.
1864 523 63 47 et
1895 523 84 47 omne
1937 523 53 47 di-

1280 568 134 47 finibile
1381 568 78 47 est
1425 568 134 47 species.
1526 568 78 47 sed
1571 568 101 47 talis
1638 568 134 47 inferior
1739 568 157 47 diferentia
1863 568 123 47 haberet
1941 568 56 47 dif

1278 612 163 44 ferentiam
1404 612 176 44 superiorem
1542 612 138 44 tamquam
1643 612 188 44 praedicatum
1793 612 126 44 dictum
1881 612 75 44 in
1906 612 88 44 quid.

1286 661 60 49 et
1316 661 90 49 aliam
1376 661 160 49 differentiam
1506 661 80 49 quae
1556 661 130 49 differret
1655 661 60 49 ab
1685 661 80 49 illa
1735 661 140 49 diferentia
1845 661 130 49 opposita.
1935 661 60 49 quod

1284 698 127 59 dicetur
1377 698 69 59 de
1411 698 69 59 ea
1446 698 69 59 in
1480 698 115 59 quale.
1561 698 92 59 ergo
1618 698 92 59 etc.
1699 698 127 59 Secundo
1791 698 81 59 non
1837 698 127 59 videtur
1918 698 69 59 quod

1273 742 115 54 alique
1354 742 115 54 dicere
1435 742 81 54 sic
1481 742 150 54 ordinetur
1596 742 127 54 secundo
1688 742 104 54 modo.
1757 742 92 54 quia
1814 742 69 54 si
1849 742 92 54 sic.
1895 742 92 54 conti-

1273 792 99 51 geret
1339 792 132 51 inueniri
1438 792 176 51 differentiam
1581 792 165 51 posteriorem
1712 792 88 51 sine
1767 792 121 51 priori.
1855 792 99 51 sicut
1910 792 77 51 anima

1281 831 196 47 intellectiua
1440 831 86 47 per
1489 831 159 47 potentiam
1611 831 135 47 diuinam
1709 831 122 47 potest
1795 831 98 47 esse
1856 831 98 47 sine
1905 831 86 47 anima

1279 875 148 66 sensitiua
1393 875 68 66 si
1427 875 80 66 sit
1472 875 137 66 realiter
1575 875 160 66 distincta.
1701 875 68 66 et
1735 875 80 66 per
1780 875 160 66 consequens
1894 875 103 66 aliquid

1266 919 118 47 esset
1345 919 171 47 rationale
1476 919 105 47 quod
1542 919 92 47 non
1594 919 118 47 esset
1673 919 184 47 sensibile.
1844 919 131 47 Tertio
1922 919 66 47 du-

1271 963 106 46 bium
1337 963 106 46 est.
1403 963 79 46 an
1442 963 198 46 differentia
1601 963 132 46 sumpta
1693 963 66 46 a
1720 963 145 46 materia
1826 963 132 46 debeat
1905 963 79 46 poni

1270 1009 70 57 in
1305 1009 188 57 diffinitione
1458 1009 129 57 speciei
1552 1009 176 57 subalterne.
1692 1009 70 57 et
1727 1009 129 57 videtur
1821 1009 94 57 quod
1880 1009 94 57 non.
1927 1009 70 57 quia

1265 1050 90 46 sic
1317 1050 103 46 sic:
1381 1050 180 46 sequeretur
1522 1050 103 46 quod
1587 1050 77 46 in
1625 1050 129 46 aliqua
1715 1050 206 46 diffinitione
1869 1050 116 46 poneren

1265 1095 92 54 tur
1317 1095 92 54 due
1370 1095 131 54 dicere
1461 1095 236 54 conuertibiles.
1684 1095 79 54 Ad
1723 1095 131 54 primum
1815 1095 144 54 istorum
1906 1095 79 54 com-

1272 1142 78 53 cedo
1321 1142 78 53 quod
1370 1142 126 53 aliquando
1467 1142 146 53 differentia
1583 1142 117 53 superior
1671 1142 146 53 praedicatur
1788 1142 68 53 per
1827 1142 58 53 se
1856 1142 88 53 primo
1914 1142 78 53 modo
1963 1142 58 53 de
1982 1142 39 53 pe

1264 1183 159 49 differentia
1392 1183 148 49 inferiori.
1508 1183 64 49 et
1540 1183 74 49 hoc
1582 1183 74 49 est
1625 1183 95 49 verum
1689 1183 170 49 quandocumque
1826 1183 64 49 in
1858 1183 95 49 eadem
1922 1183 64 49 re
1943 1183 53 49 non

1261 1227 116 50 sunt
1333 1227 101 50 due
1391 1227 101 50 res
1449 1227 174 50 realiter
1579 1227 203 50 distincte.
1738 1227 72 50 a
1767 1227 145 50 quarum
1868 1227 101 50 vna
1912 1227 72 50 pos

1270 1273 76 48 set
1314 1273 109 48 accipi
1390 1273 164 48 differentia
1521 1273 65 48 na
1554 1273 65 48 et
1586 1273 65 48 ab
1619 1273 87 48 alia
1674 1273 164 48 differentia
1805 1273 87 48 alia
1881 1273 65 48 Ad
1903 1273 87 48 primum

1274 1319 156 57 argumentum
1396 1319 67 57 in
1430 1319 156 57 contrarium
1552 1319 100 57 patet
1619 1319 78 57 per
1663 1319 100 57 dicta
1730 1319 67 57 in
1763 1319 122 57 secunda
1841 1319 156 57 distinctione

1269 1362 85 62 qui
1317 1362 146 62 procedit
1427 1362 73 62 ex
1463 1362 109 62 falsa
1536 1362 207 62 ymaginatione.
1706 1362 146 62 scilicet
1816 1362 97 62 quod
1877 1362 97 62 omne
1925 1362 61 62 per

1268 1404 75 58 se
1306 1404 150 58 inferius
1419 1404 150 58 includit
1531 1404 213 58 essentialiter
1707 1404 100 58 suum
1769 1404 150 58 superius
1882 1404 75 58 et
1907 1404 75 58 ali-

1275 1445 98 55 quid
1336 1445 135 55 additum
1435 1445 111 55 sibi:
1508 1445 98 55 quod
1570 1445 86 55 non
1619 1445 86 55 est
1668 1445 123 55 verum.
1779 1445 74 55 Ad
1816 1445 148 55 secundum
1914 1445 74 55 dico

1274 1498 91 53 quod
1330 1498 68 53 ad
1364 1498 79 53 hoc
1410 1498 91 53 quod
1466 1498 125 53 aliquid
1557 1498 79 53 sit
1602 1498 136 53 species:
1704 1498 79 53 non
1749 1498 136 53 sufficit
1851 1498 91 53 quod
1908 1498 79 53 per
1942 1498 45 53 se

1273 1545 164 49 contineatur
1404 1545 76 49 sub
1448 1545 109 49 aliquo
1524 1545 131 49 communi.
1623 1545 76 49 nec
1666 1545 87 49 quod
1721 1545 109 49 habeat
1797 1545 175 49 differentiam
1928 1545 66 49 ali-

1263 1585 86 45 quo
1312 1585 110 45 modo.
1385 1585 86 45 sed
1434 1585 171 45 requiritur
1568 1585 98 45 siue
1630 1585 122 45 habeat
1715 1585 196 45 differentiam
1874 1585 98 45 siue
1923 1585 61 45 non

1272 1618 89 67 qud
1323 1618 89 67 non
1374 1618 89 67 sit
1425 1618 115 67 natum
1501 1618 102 67 esse
1565 1618 102 67 pars
1629 1618 191 67 essentialis
1781 1618 153 67 alicuius
1896 1618 89 67 per
1934 1618 51 67 se

1268 1674 135 47 vnius.
1363 1674 95 47 nec
1417 1674 108 47 quod
1485 1674 122 47 primo
1566 1674 189 47 significet
1715 1674 149 47 partem.
1823 1674 108 47 nunc
1890 1674 95 47 aut
1931 1674 54 47 in

1271 1713 172 52 proposito
1403 1713 132 52 omnine
1496 1713 119 52 illud
1575 1713 106 52 quod
1642 1713 93 52 per
1694 1713 79 52 se
1734 1713 199 52 sgnificatur
1893 1713 79 52 et
1920 1713 79 52 pri-

1269 1761 74 51 mo
1306 1761 86 51 per
1355 1761 196 51 differentiam
1514 1761 111 51 talem
1588 1761 86 51 est
1637 1761 111 51 natum
1711 1761 98 51 esse
1772 1761 98 51 pars
1821 1761 160 51 essentialis

1258 1801 167 59 alicuius
1384 1801 98 59 per
1439 1801 84 59 se
1481 1801 139 59 vnius.
1579 1801 84 59 et
1621 1801 112 59 ideo
1690 1801 98 59 non
1746 1801 98 59 est
1802 1801 98 59 per
1858 1801 84 59 se
1899 1801 84 59 in
1927 1801 56 59 ge

1259 1845 100 47 nere
1322 1845 88 47 nec
1372 1845 88 47 est
1423 1845 151 47 species.
1561 1845 75 47 Ad
1599 1845 151 47 secundum
1712 1845 100 47 dico
1774 1845 100 47 quod
1837 1845 88 47 non
1888 1845 88 47 est
1925 1845 63 47 co-

1269 1891 169 49 tradictio.
1402 1891 109 49 illud
1474 1891 60 49 a
1498 1891 84 49 quo
1547 1891 157 49 accipitur
1667 1891 181 49 differentia
1812 1891 145 49 inferior
1909 1891 72 49 esse

1265 1928 113 53 sine
1336 1928 113 53 illo
1407 1928 71 53 a
1435 1928 99 53 quo
1492 1928 184 53 accipitur
1634 1928 213 53 differentia
1804 1928 184 53 superior.
1931 1928 57 53 et

1262 1975 86 49 si
1305 1975 129 49 esset
1391 1975 187 49 possibile
1534 1975 143 49 animam
1635 1975 244 49 intellectiuam
1821 1975 158 49 informare

1266 2016 194 61 immediate
1415 2016 179 61 materiam
1549 2016 164 61 primam.
1669 2016 104 61 vel
1728 2016 149 61 formam
1818 2016 164 61 corporei-

1270 2064 106 48 tatis
1341 2064 94 48 sine
1399 2064 106 48 anima
1470 2064 164 48 sensitiua.
1599 2064 106 48 sicut
1670 2064 117 48 potest
1752 2064 94 48 esse
1811 2064 141 48 separata
1905 2064 70 48 sine

1260 2110 109 49 anima
1333 2110 170 49 sensitiua.
1466 2110 85 49 non
1515 2110 109 49 esset
1588 2110 194 49 contradictio
1745 2110 97 49 quod
1806 2110 134 49 aliquid
1891 2110 85 49 esset

1264 2155 167 52 compositum
1395 2155 71 52 et
1431 2155 167 52 rationale.
1562 2155 71 52 et
1598 2155 107 52 tamen
1669 2155 95 52 quod
1729 2155 83 52 non
1776 2155 107 52 esset
1836 2155 143 52 sensibile:

1257 2198 91 44 nec
1309 2198 104 44 tunc
1374 2198 209 44 ordinarentur
1544 2198 144 44 taliter
1649 2198 131 44 dicere
1740 2198 104 44 ille
1805 2198 104 44 nisi
1857 2198 131 44 secundum

1261 2242 171 53 communem
1389 2242 142 53 cursum
1489 2242 157 53 nature.
1603 2242 85 53 et
1645 2242 157 53 quamuis
1759 2242 214 53 naturaliter
1916 2242 71 53 non

1255 2287 138 50 posset
1352 2287 138 50 aliter
1448 2287 124 50 esse.
1531 2287 97 50 non
1586 2287 124 50 tamen
1669 2287 193 50 repugnaret
1821 2287 138 50 diuine
1904 2287 69 50 po-

1255 2330 138 53 tentie
1352 2330 138 53 aliter
1448 2330 152 53 facere.
1586 2330 83 53 Ad
1627 2330 152 53 tertium
1738 2330 110 53 dico
1807 2330 110 53 quod
1862 2330 110 53 diffe-

1254 2375 153 44 rentia
1361 2375 153 44 sumpta
1469 2375 77 44 a
1499 2375 169 44 materia
1622 2375 138 44 debet
1714 2375 123 44 poni
1791 2375 92 44 in
1837 2375 123 44 tali
1898 2375 77 44 dis

1253 2417 193 52 finitione.
1405 2417 83 52 et
1446 2417 110 52 ideo
1515 2417 83 52 ad
1557 2417 179 52 completam
1694 2417 234 52 diffinitionem
1874 2417 110 52 cuius-

1260 2464 158 44 cunque
1371 2464 173 44 speciei
1497 2464 142 44 debet
1591 2464 236 44 differentia
1780 2464 158 44 sumpta
1890 2464 79 44 a
1906 2464 79 44 ma-

1256 2507 141 50 teria
1351 2507 126 50 poni
1429 2507 94 50 in
1476 2507 94 50 ea
1523 2507 110 50 nec
1586 2507 110 50 est
1649 2507 251 50 inconueniens
1838 2507 141 50 aliquid

1258 2549 170 52 habere
1377 2549 136 52 duas
1462 2549 272 52 differentias
1682 2549 289 52 conuertibiles
1903 2549 85 52 in-

1247 2601 108 59 cter
1314 2601 81 59 se
1354 2601 81 59 et
1395 2601 94 59 cum
1449 2601 189 59 diffinito.
1597 2601 121 59 sicut
1678 2601 81 59 si
1718 2601 121 59 anima
1799 2601 175 59 sensitiua
1921 2601 67 59 sit
