2289 3064
288 204 65 68 ⁋
314 204 104 68 Ideo
379 204 78 68 ad
419 204 183 68 questionem
562 204 104 68 dico
627 204 104 68 quod
693 204 91 68 per
745 204 131 68 nullam
836 204 157 68 rationem
941 204 52 68 na

287 268 141 49 turalem
390 268 129 49 potest
480 268 141 49 probari
583 268 103 49 esse
647 268 129 49 plures
737 268 154 49 personas
853 268 77 49 in
878 268 116 49 diuinis

283 306 85 55 sed
331 306 97 55 quod
392 306 97 55 sunt
453 306 121 55 plures
538 306 134 55 persone
635 306 121 55 quarum
720 306 85 55 vna
768 306 85 55 est
817 306 109 55 pater
890 306 73 55 et
914 306 73 55 alia

273 352 133 49 filius.
370 352 73 49 et
406 352 97 49 quod
467 352 121 49 filius
552 352 97 49 vere
612 352 158 49 generatur
733 352 61 49 a
758 352 109 49 patre
830 352 85 49 est
879 352 97 49 sola
927 352 61 49 fi-

273 394 91 55 de
318 394 196 55 tenendum.
469 394 76 55 ⁋
499 394 91 55 Ad
545 394 211 55 argumentum
711 394 211 55 principale
877 394 91 55 in
907 394 91 55 con-

267 443 145 55 trarium
372 443 106 55 dico
438 443 106 55 quod
504 443 92 55 non
557 443 106 55 omne
623 443 145 55 genitum
729 443 119 55 habet
808 443 106 55 esse
874 443 106 55 post
927 443 66 55 non

276 488 119 45 esse.
355 488 79 45 et
395 488 132 45 maxime
487 488 92 45 vbi
540 488 145 45 genitum
646 488 92 45 est
698 488 119 45 eadem
778 488 132 45 natura
870 488 79 45 et
897 488 92 45 essen

275 531 84 54 tia
323 531 84 54 cum
371 531 169 54 generante:
504 531 96 54 quod
564 531 72 54 in
600 531 96 54 solo
661 531 84 54 deo
709 531 84 54 est
757 531 157 54 possibile
877 531 72 54 Et
902 531 96 54 quando

280 572 126 58 dicitur
371 572 92 58 quod
429 572 80 58 non
475 572 126 58 haberet
567 572 92 58 esse
624 572 195 58 circumscripto
785 572 115 58 patre.
866 572 92 58 ergo
923 572 69 58 ex
946 572 46 58 se

275 614 97 54 habet
340 614 76 54 non
383 614 97 54 esse.
448 614 86 54 Dico
502 614 86 54 quod
556 614 173 54 consequentia
696 614 76 54 non
740 614 108 54 valet.
815 614 65 54 et
848 614 119 54 maxime.
923 614 65 54 quia

270 661 113 48 pater
345 661 113 48 eadem
420 661 88 48 res
470 661 75 48 et
507 661 88 48 cum
557 661 125 48 filio.
645 661 75 48 et
682 661 100 48 ideo
745 661 113 48 sicut
820 661 88 48 non
857 661 125 48 sequitur

272 707 113 54 filius
351 707 79 54 non
396 707 102 54 habet
464 707 90 54 esse
520 707 192 54 circumscripto
678 707 113 54 filio.
757 707 90 54 ergo
813 707 68 54 ex
847 707 68 54 se
881 707 102 54 habet
938 707 56 54 non

273 755 107 48 esse.
345 755 83 48 ita
392 755 131 48 propter
488 755 179 48 identitatem
631 755 143 48 essentie
738 755 95 48 quae
797 755 83 48 est
845 755 83 48 vna
881 755 95 48 numero

262 799 80 45 cum
307 799 103 45 patre
376 799 69 45 et
411 799 115 45 filio:
491 799 80 45 non
537 799 149 45 sequitur.
652 799 115 45 filius
732 799 80 45 non
778 799 103 45 habet
847 799 92 45 esse
893 799 92 45 circum

255 836 132 60 scripto
351 836 120 60 patre.
435 836 96 60 ergo
495 836 120 60 filius
579 836 72 60 ex
615 836 72 60 se
652 836 108 60 habet
724 836 84 60 non
772 836 108 60 esse.
844 836 132 60 Questio
928 836 60 60 ii.

426 882 365 104 Ipposito
699 882 243 104 quod
821 882 152 104 ge-

432 961 169 62 neratio
555 961 108 62 sit
616 961 92 62 in
663 961 185 62 diuinis.
801 961 139 62 quero
878 961 108 62 Utrum

426 1015 118 62 ista
500 1015 192 62 generatio
648 1015 104 62 sit
708 1015 163 62 vniuoca
826 1015 89 62 an
856 1015 118 62 equiuo

439 1062 71 53 ca
475 1062 59 53 ⁋
498 1062 94 53 Quod
557 1062 82 53 sit
604 1062 129 53 vniuoca
698 1062 141 53 videtur.
804 1062 94 53 quia
862 1062 118 53 quando
933 1062 47 53 na

263 1101 104 53 tura
328 1101 91 53 est
380 1101 143 53 eiusdem
484 1101 156 53 rationis
601 1101 78 53 in
639 1101 169 53 generante
769 1101 78 53 et
808 1101 143 53 genito:
899 1101 78 53 illa

253 1147 177 56 generatio
390 1147 95 56 est
444 1147 163 56 vniuoca.
567 1147 95 56 sed
621 1147 123 56 eadem
703 1147 136 56 natura
798 1147 136 56 numero
894 1147 95 56 est
935 1147 54 56 in

265 1191 121 60 patre
345 1191 81 60 et
385 1191 134 60 filio.
479 1191 107 60 ergo
546 1191 107 60 ista
614 1191 175 60 generatio
748 1191 94 60 est
802 1191 148 60 vniuoca
909 1191 67 60 ⁋
922 1191 54 60 Ad

266 1237 183 54 oppositum.
410 1237 131 54 quando
501 1237 157 54 generans
619 1237 78 54 et
658 1237 144 54 genitum
763 1237 92 54 non
815 1237 105 54 sunt
867 1237 118 54 eiusdem

270 1271 157 66 rationis
388 1271 105 66 illa
453 1271 170 66 generatio
584 1271 92 66 non
637 1271 92 66 est
689 1271 157 66 vniuoca.
807 1271 92 66 sed
859 1271 118 66 pater
925 1271 52 66 et

271 1317 115 68 filius
351 1317 80 68 non
397 1317 92 68 sunt
454 1317 126 68 eiusdem
546 1317 138 68 rationis
649 1317 69 68 in
684 1317 138 68 diuinis.
787 1317 92 68 ergo
844 1317 92 68 etc.
902 1317 57 68 ⁋
913 1317 69 68 Cir-

258 1369 81 49 ca
298 1369 122 49 istam
379 1369 189 49 questionem
528 1369 95 49 sic
582 1369 176 49 procedam.
717 1369 122 49 Primo
798 1369 162 49 videndum
906 1369 68 49 est

259 1410 99 56 quae
321 1410 161 56 generatio
444 1410 136 56 dicitur
543 1410 136 56 vniuoca
642 1410 74 56 et
680 1410 99 56 quae
741 1410 149 56 equiuoca
853 1410 74 56 in
878 1410 111 56 creatu-

260 1452 105 64 ris.
325 1452 144 64 Secundo
430 1452 105 64 quod
496 1452 170 64 generatio
627 1452 79 64 in
666 1452 144 64 diuinis
771 1452 92 64 non
823 1452 92 64 est
862 1452 118 64 proprie

254 1498 156 50 vniuoca
367 1498 99 50 nec
424 1498 156 50 proprie
537 1498 156 50 equoca.
651 1498 142 50 Tertio
750 1498 113 50 quod
821 1498 128 50 magis
892 1498 85 50 assi

250 1546 179 50 milatur
380 1546 243 50 generationi
574 1546 195 50 vniuoce.
720 1546 162 50 Quarto
818 1546 162 50 ponuntur

255 1587 149 48 aliqua
359 1587 238 48 dubitationes
553 1587 89 48 et
598 1587 209 48 soluuntur.
762 1587 74 48 ⁋
791 1587 134 48 Circa
866 1587 119 48 primum

250 1630 114 46 dico
321 1630 114 46 quod
392 1630 199 46 manifestum
549 1630 100 46 est
606 1630 228 46 generationem
791 1630 171 46 vniuocam
905 1630 71 46 di-

254 1674 156 57 stingui
367 1674 71 57 a
396 1674 213 57 generatione
566 1674 142 57 equoca
665 1674 85 57 in
708 1674 199 57 creaturis.
849 1674 128 57 propter

252 1720 167 57 aliquam
373 1720 242 57 couenientiam
570 1720 197 57 specialem
721 1720 136 57 inter
812 1720 167 57 generas
918 1720 61 57 et

246 1767 161 49 genitum
363 1767 88 49 in
407 1767 219 49 generatione
582 1767 175 49 vniuoca.
713 1767 146 49 qualis
815 1767 102 49 non
874 1767 102 49 est
918 1767 58 49 in

240 1806 107 48 ter
301 1806 184 48 generans
439 1806 92 48 et
484 1806 168 48 genitum
607 1806 92 48 in
653 1806 229 48 generatione
821 1806 153 48 equiuoca

242 1848 102 49 nunc
306 1848 114 49 autem
382 1848 89 49 est
433 1848 102 49 ita:
497 1848 102 49 quod
560 1848 76 49 in
598 1848 153 49 generate
713 1848 127 49 creato
802 1848 76 49 et
840 1848 76 49 in
865 1848 102 49 genito

250 1890 119 60 creato
333 1890 83 60 est
381 1890 83 60 duo
429 1890 178 60 cosiderare.
571 1890 143 60 scilicet
678 1890 95 60 quod
738 1890 71 60 et
774 1890 95 60 quo.
833 1890 71 60 et
869 1890 83 60 hoc
905 1890 59 60 est

251 1935 114 51 verum
327 1935 152 51 secundum
441 1935 152 51 communem
555 1935 126 51 cursum
643 1935 126 51 nature
732 1935 76 51 in
770 1935 114 51 istis
833 1935 139 51 inferiori

245 1982 72 54 bus
286 1982 61 54 et
316 1982 72 54 non
357 1982 72 54 est
398 1982 174 54 vniversaliter
541 1982 102 54 verum.
613 1982 82 54 quia
664 1982 102 54 quando
736 1982 113 54 angelus
818 1982 123 54 producit
899 1982 72 54 intel

248 2016 176 64 lectionem:
387 2016 88 64 non
437 2016 138 64 oportet
537 2016 100 64 quod
600 2016 88 64 ibi
650 2016 100 64 sint
713 2016 88 64 duo
763 2016 63 64 a
789 2016 113 64 parte
851 2016 126 64 generan-

257 2070 80 55 tis.
307 2070 120 55 scilicet
397 2070 80 55 quod
448 2070 60 55 et
478 2070 80 55 quo.
528 2070 60 55 et
558 2070 90 55 eodem
618 2070 80 55 modo
668 2070 70 55 est
708 2070 60 55 de
738 2070 90 55 anima
799 2070 130 55 separata.
889 2070 70 55 simul

252 2112 118 53 potest
335 2112 95 53 idem
394 2112 154 53 contigere
512 2112 71 53 si
548 2112 83 53 per
595 2112 130 53 diuinam
690 2112 154 53 potentiam
808 2112 95 53 fiat
856 2112 106 53 aliquod

246 2157 152 55 accidens
360 2157 139 55 actiuum
462 2157 165 55 separatum
589 2157 63 55 a
614 2157 89 55 suo
665 2157 152 55 subiecto
779 2157 178 55 veruntamen
906 2157 63 55 hoc

249 2196 73 55 est
290 2196 177 55 vniversaliter
436 2196 52 55 a
457 2196 94 55 parte
520 2196 115 55 geniti.
603 2196 83 55 quia
655 2196 94 55 sicut
718 2196 115 55 patebit
801 2196 63 55 in
832 2196 115 55 secundo
905 2196 63 55 nul-

246 2238 85 56 lum
295 2238 110 56 agens
368 2238 146 56 creatum:
477 2238 97 56 siue
538 2238 158 56 separatum
660 2238 97 56 siue
721 2238 97 56 non.
781 2238 122 56 potest
854 2238 110 56 aliquid

253 2286 186 49 producere
396 2286 86 49 de
439 2286 129 49 nouo.
525 2286 114 49 nisi
596 2286 200 49 producendo
753 2286 143 49 formam
854 2286 86 49 in
882 2286 86 49 sub-

251 2334 119 49 iecto
330 2334 66 49 ⁋
357 2334 106 49 hiis
423 2334 132 49 dictis
515 2334 106 49 dico
581 2334 106 49 quod
648 2334 172 49 aliquando
780 2334 159 49 terminus
886 2334 79 49 tota

252 2368 69 56 lis
292 2368 128 56 productus
390 2368 69 56 est
430 2368 69 56 per
469 2368 59 56 se
499 2368 89 56 vnus.
558 2368 128 56 aliquando
657 2368 89 56 autem
716 2368 69 56 est
756 2368 99 56 tantum
825 2368 79 56 vnus
874 2368 69 56 per
904 2368 69 56 acci-

245 2414 113 56 dens.
321 2414 75 56 In
359 2414 113 56 primo
434 2414 101 56 casu
497 2414 88 56 est
547 2414 163 56 generatio
673 2414 189 56 substantie.
824 2414 75 56 in
849 2414 113 56 secundo

243 2468 177 55 generatio
380 2468 204 55 accidentis.
543 2468 82 55 In
584 2468 150 55 secundo
693 2468 109 55 casu
761 2468 136 55 semper
842 2468 123 55 vocatur

251 2505 187 60 generatio
395 2505 173 60 vniuoca.
524 2505 158 60 propter
640 2505 216 60 identitatem
798 2505 173 60 specificam

249 2551 122 60 inter
331 2551 162 60 formalem
453 2551 162 60 terminum
574 2551 108 60 quae
642 2551 176 60 totaliter
777 2551 81 60 de
818 2551 108 60 nouo
872 2551 95 60 capit

251 2597 92 61 esse
308 2597 69 61 et
343 2597 81 61 per
389 2597 69 61 se
423 2597 138 61 rationem
527 2597 127 61 agendi.
619 2597 92 61 siue
676 2597 184 61 distinguatur
826 2597 69 61 ab
860 2597 92 61 illo
906 2597 69 61 quod

1083 205 161 84 communiter
1210 205 127 84 vocatur
1302 205 104 84 quod.
1371 205 92 84 siue
1429 205 92 84 non.
1486 205 69 84 et
1521 205 92 84 ideo
1578 205 115 84 quando
1659 205 104 84 ignis
1716 205 104 84 ealefa-

1091 273 90 63 cit
1143 273 129 63 lignum
1233 273 103 63 illa
1298 273 142 63 dicitur
1401 273 168 63 generatio
1530 273 142 63 caloris
1633 273 155 63 vniuoca.
1737 273 77 63 quia

1090 316 108 63 ratio
1162 316 120 63 agendi
1246 316 84 63 est
1294 316 132 63 eiusdem
1390 316 132 63 speciei
1487 316 84 63 cum
1535 316 120 63 calore
1619 316 144 63 producto
1727 316 72 63 in
1751 316 60 63 li-

1081 365 118 59 gno.
1155 365 103 59 Sed
1214 365 88 59 si
1258 365 132 59 ignis
1346 365 221 59 calefaceret
1523 365 103 59 se:
1581 365 132 59 sicut
1670 365 132 59 graue
1743 365 59 59 mo

1088 409 92 63 uet
1140 409 79 63 se
1180 409 105 63 illa
1245 409 170 63 generatio
1376 409 144 63 caloris
1481 409 170 63 diceretur
1612 409 170 63 equiuoca.
1730 409 79 63 pro-

1085 451 101 62 pter
1148 451 88 62 non
1199 451 189 62 identitatem
1349 451 176 62 specificam
1488 451 113 62 inter
1563 451 151 62 rationem
1676 451 126 62 agendi
1752 451 50 62 et

1093 494 164 62 terminum
1216 494 164 62 formalem
1339 494 191 62 productum.
1489 494 95 62 Sed
1543 494 164 62 loquendo
1666 494 82 62 de
1693 494 109 62 genera

1075 533 115 71 tione
1152 533 179 71 substantie
1293 533 102 71 quae
1357 533 90 71 est
1408 533 166 71 generatio
1536 533 141 71 termini
1639 533 115 71 vnius
1715 533 90 71 per
1754 533 51 71 se

1076 579 90 65 sic
1128 579 141 65 dicitur
1230 579 167 65 generatio
1359 579 141 65 vniuoca
1461 579 128 65 quando
1551 579 154 65 generans
1667 579 77 65 et
1692 579 116 65 geuitum

1083 626 85 57 non
1131 626 97 57 sunt
1192 626 146 57 alterius
1301 626 146 57 speciei.
1411 626 85 57 sed
1459 626 73 57 in
1496 626 97 57 ista
1556 626 182 57 generatione
1690 626 109 57 vniuoca

1075 665 110 61 sunt
1144 665 124 61 multi
1227 665 152 61 gradus.
1337 665 83 61 si
1379 665 110 61 enim
1448 665 166 61 generans
1572 665 83 61 et
1614 665 152 61 genitum
1710 665 83 61 sint

1076 718 136 49 eiusdem
1175 718 149 49 speciei.
1286 718 74 49 et
1324 718 161 49 quaelibet
1448 718 149 49 terminus
1559 718 149 49 formalis
1671 718 87 49 sit
1708 718 87 49 eius-

1079 752 79 59 dem
1124 752 125 59 speciei
1215 752 79 59 cum
1260 752 113 59 aliqua
1339 752 125 59 ratione
1430 752 113 59 agendi
1510 752 68 59 et
1544 752 57 59 a
1566 752 102 59 nulla
1634 752 125 59 ratione
1714 752 79 59 agen-

1072 805 82 56 di
1113 805 164 56 respectu
1236 805 96 56 sui
1291 805 218 56 distinguatur
1468 805 137 56 specie
1564 805 96 56 vel
1619 805 96 56 sit
1659 805 137 56 alterius

1079 838 171 67 rationis.
1211 838 105 67 tunc
1276 838 119 67 esset
1355 838 171 67 generatio
1487 838 224 67 perfectissime
1658 838 132 67 vniuoca-

1084 880 122 66 Uerbi
1166 880 150 66 gratia.
1275 880 82 66 si
1316 880 122 66 ignis
1397 880 163 66 generans
1520 880 150 66 eiusdem
1629 880 150 66 speciei
1724 880 68 66 cum

1078 928 117 62 igne
1152 928 190 62 generato.
1298 928 88 62 et
1342 928 132 62 forma
1430 928 249 62 substantialis
1635 928 161 62 vniuoca
1737 928 59 62 in

1077 971 104 56 igne
1142 971 170 56 generante
1273 971 91 56 sit
1325 971 118 56 ratio
1403 971 157 56 praecise
1521 971 131 56 agendi
1612 971 157 56 respectu
1717 971 78 56 for-

1080 1023 75 54 me
1118 1023 163 54 substalis
1244 1023 113 54 ignis
1319 1023 163 54 generati.
1445 1023 100 54 tunc
1507 1023 100 54 erit
1570 1023 213 54 perfectissime
1733 1023 63 54 vni

1072 1068 122 53 uoca.
1154 1068 81 53 si
1194 1068 122 53 autem
1276 1068 122 53 calor
1357 1068 122 53 ignis
1438 1068 190 53 generantis
1587 1068 95 53 non
1641 1068 135 53 tantum
1722 1068 68 53 sit

1076 1103 116 63 agens
1154 1103 155 63 respectu
1270 1103 155 63 alicuius
1386 1103 194 63 accidentis.
1541 1103 90 63 sed
1592 1103 116 63 etiam
1670 1103 90 63 sit
1709 1103 90 63 causa

1062 1151 207 61 immediata
1221 1151 191 61 respectu
1365 1151 143 61 forme
1460 1151 143 61 ignis
1556 1151 207 61 generati.
1699 1151 96 61 tunc

1062 1197 95 63 non
1117 1197 95 63 est
1171 1197 232 63 perfectissime
1362 1197 177 63 generatio
1499 1197 164 63 vniuoca.
1621 1197 150 63 propter
1717 1197 68 63 di-

1064 1244 176 55 uersitatem
1203 1244 176 55 specificam
1341 1244 113 55 inter
1416 1244 100 55 vnam
1479 1244 151 55 rationem
1592 1244 138 55 agendi.
1692 1244 75 55 et
1717 1244 63 55 ter

1062 1287 144 59 minum
1158 1287 208 59 formalem.
1318 1287 192 59 Secundus
1463 1287 160 59 gradus
1559 1287 224 59 generationis

1075 1326 149 62 vniuoce
1184 1326 108 62 est:
1251 1326 81 62 si
1292 1326 162 62 generans
1413 1326 81 62 et
1454 1326 176 62 generatum
1589 1326 135 62 essent
1670 1326 122 62 eiusdem

1065 1371 156 59 speciei.
1182 1371 78 59 et
1221 1371 78 59 in
1260 1371 143 59 vtroque
1364 1371 130 59 essent
1455 1371 117 59 plres
1533 1371 117 59 forme
1598 1371 195 59 substantiales

1064 1421 137 50 actiue
1160 1421 82 50 et
1201 1421 178 50 quaelibet
1337 1421 150 50 illarum
1447 1421 82 50 in
1488 1421 178 50 generante
1611 1421 178 50 concurreret

1068 1458 123 60 tamque
1154 1458 111 60 causa
1228 1458 160 60 partialis
1351 1458 148 60 respectu
1462 1458 173 60 cuiuslibet
1598 1458 111 60 forme
1660 1458 123 60 substan-

1069 1507 133 51 tialis
1162 1507 80 51 in
1202 1507 146 51 ipsorum
1308 1507 173 51 generato.
1441 1507 106 51 tunc
1508 1507 106 51 enim
1574 1507 160 51 generans
1694 1507 80 51 et
1720 1507 67 51 ge-

1062 1551 137 53 neratum
1161 1551 124 53 essent
1248 1551 137 53 eiusdam
1347 1551 162 53 rationis.
1472 1551 75 53 et
1509 1551 149 53 terminus
1621 1551 162 53 quaelibet
1733 1551 62 53 for

1065 1593 113 63 malis
1141 1593 113 63 esset
1216 1593 138 63 eiusdem
1316 1593 138 63 speciei
1417 1593 88 63 cum
1467 1593 125 63 aliqua
1555 1593 138 63 ratione
1655 1593 138 63 agendi.
1743 1593 50 63 et

1066 1640 103 53 tamen
1134 1640 69 53 ab
1169 1640 115 53 aliqua
1249 1640 103 53 esset
1317 1640 137 53 alterius
1421 1640 137 53 rationis
1524 1640 69 53 et
1558 1640 69 53 in
1592 1640 80 53 hoc
1638 1640 80 53 non
1684 1640 103 53 esset
1741 1640 46 53 ge

1069 1680 143 61 neratio
1173 1680 209 61 perfecissime
1343 1680 156 61 vniuoca.
1460 1680 143 61 Tertius
1564 1680 130 61 gradus
1656 1680 104 61 est:
1708 1680 78 61 quod

1062 1728 156 54 generans
1179 1728 78 54 et
1218 1728 169 54 generatum
1348 1728 104 54 sint
1413 1728 143 54 eiusdem
1518 1728 143 54 speciei
1622 1728 78 54 et
1648 1728 130 54 terminus

1063 1767 152 55 formalis
1177 1767 89 55 sit
1228 1767 139 55 eiusdem
1329 1767 152 55 rationis
1443 1767 89 55 cum
1493 1767 139 55 ratione
1594 1767 139 55 agendi.
1696 1767 76 55 et
1721 1767 63 55 ali

1057 1807 113 63 quis
1127 1807 169 63 terminus
1254 1807 169 63 formalis
1381 1807 99 63 cum
1438 1807 127 63 nulla
1522 1807 155 63 ratione
1635 1807 141 63 agendi
1720 1807 70 63 sit

1060 1853 136 64 eiusdem
1159 1853 161 64 rationis.
1282 1853 74 64 et
1320 1853 87 64 ita
1369 1853 87 64 est
1419 1853 74 64 in
1456 1853 186 64 generatione
1604 1853 136 64 vniuoca
1691 1853 99 64 omnium

1070 1900 145 60 animalium
1182 1900 134 60 secundum
1282 1900 89 60 vnam
1338 1900 156 60 opinionem.
1461 1900 134 60 scilicet
1562 1900 67 60 in
1595 1900 168 60 generatione
1718 1900 67 60 equa

1066 1936 84 65 ab
1108 1936 125 65 equo.
1192 1936 125 65 bouis
1275 1936 70 65 a
1303 1936 125 65 boue.
1387 1936 153 65 hominis
1498 1936 84 65 ab
1540 1936 153 65 homine.
1652 1936 84 65 et
1693 1936 98 65 sic
1735 1936 56 65 de

1063 1984 107 58 aliis.
1138 1984 86 58 quia
1192 1984 128 58 secundum
1288 1984 118 58 aliquos
1374 1984 96 58 anima
1438 1984 160 58 vegentatiua
1566 1984 128 58 dicieret
1662 1984 64 58 et
1694 1984 75 58 est
1727 1984 53 58 al-

1062 2029 123 53 terius
1148 2029 148 53 rationis
1259 2029 74 53 ab
1296 2029 111 53 anima
1370 2029 160 53 sensitiua
1493 2029 74 53 in
1530 2029 123 53 istis.
1617 2029 74 53 et
1654 2029 99 53 ipsa
1703 2029 74 53 sola

1059 2080 102 50 anima
1126 2080 169 50 vegentatiua
1262 2080 79 50 est
1307 2080 102 50 ratio
1375 2080 158 50 producendi
1499 2080 68 50 et
1533 2080 124 50 agendi.
1623 2080 90 50 quia
1680 2080 90 50 ipsa
1725 2080 45 50 so

1061 2112 81 69 la
1101 2112 94 69 est
1155 2112 162 69 potentia
1276 2112 202 69 generatiua.
1438 2112 81 69 et
1478 2112 108 69 tunc
1546 2112 162 69 generans
1667 2112 81 69 et
1694 2112 81 69 gene

1061 2163 110 64 ratum
1134 2163 98 64 sunt
1196 2163 135 64 eiusdem
1294 2163 147 64 rationis
1404 2163 86 64 cum
1453 2163 110 64 anima
1527 2163 184 64 vegentatiua
1674 2163 74 64 in
1698 2163 74 64 gene

1061 2209 102 53 rante
1129 2209 91 53 quae
1186 2209 80 53 est
1231 2209 102 53 ratio
1300 2209 171 53 producendi.
1436 2209 68 53 et
1470 2209 125 53 aliquos
1561 2209 137 53 terminus
1652 2209 114 53 formalis

1057 2248 94 58 puta
1116 2248 106 58 anima
1187 2248 165 58 sensitiua:
1316 2248 130 58 quamuis
1411 2248 82 58 sit
1458 2248 130 58 eiusdem
1552 2248 141 58 rationis
1658 2248 82 58 cum
1694 2248 82 58 anima

1052 2296 190 61 sensitiua
1199 2296 205 61 generantis
1360 2296 102 61 que
1418 2296 102 61 non
1477 2296 102 61 est
1535 2296 102 61 ibi
1594 2296 132 61 ratio
1667 2296 117 61 produ-

1058 2344 127 47 cendi.
1147 2344 89 47 non
1198 2344 114 47 tamen
1274 2344 89 47 est
1324 2344 139 47 eiusdem
1426 2344 152 47 rationis
1539 2344 89 47 cum
1590 2344 114 47 anima
1653 2344 127 47 vegenta-

1057 2384 115 51 tiua
1128 2384 101 51 que
1186 2384 101 51 est
1243 2384 129 51 ratio
1330 2384 216 51 producendi.
1502 2384 72 51 ⁋
1531 2384 144 51 Aliqui
1631 2384 115 51 alii
1689 2384 86 51 gra-

1063 2420 104 65 dus
1123 2420 238 65 generationis
1316 2420 164 65 vniuoce
1435 2420 164 65 possent
1554 2420 134 65 forte
1628 2420 149 65 assigna-

1047 2471 93 64 ri.
1100 2471 93 64 sed
1153 2471 107 64 isti
1220 2471 200 64 sufficiant.
1380 2471 107 64 quia
1447 2471 80 64 ex
1487 2471 120 64 istis
1567 2471 147 64 possunt
1673 2471 107 64 alii
1727 2471 53 64 si

1055 2519 101 53 qui
1112 2519 115 53 sint
1184 2519 158 53 patere.
1299 2519 72 53 ⁋
1328 2519 129 53 Circa
1414 2519 173 53 secundum
1544 2519 129 53 dico:
1630 2519 115 53 quod
1687 2519 101 53 gene-

1053 2561 113 51 ratio
1129 2561 126 51 diuina
1217 2561 88 51 nec
1268 2561 88 51 est
1318 2561 189 51 simpliciter
1469 2561 139 51 vniuoea
1570 2561 88 51 nec
1608 2561 164 51 simpliciter

1046 2610 159 56 equoca.
1161 2610 144 56 Primum
1262 2610 144 56 patet.
1363 2610 115 56 quia
1435 2610 87 56 in
1478 2610 216 56 generatione
1651 2610 101 56 vn.
1694 2610 87 56 noca
