2252 3050
429 151 209 65 diuersorum
593 151 209 65 conueniunt
757 151 90 65 et
802 151 269 65 distinguuntur.
1026 151 119 65 Unde
1085 151 75 65 per

441 207 95 58 sone
501 207 119 58 tantum
584 207 203 58 distinguuntur
751 207 131 58 quantum
847 207 179 58 relationes.
990 207 72 58 et
1026 207 107 58 tamen
1085 207 72 58 plus

434 249 229 56 conueniunt
613 249 163 56 aliquo
728 249 131 56 modo
810 249 147 56 large
908 249 213 56 loquendo.
1055 249 98 56 Exem

428 297 122 55 plum
504 297 137 55 huius
595 297 107 55 est
656 297 122 55 plus
732 297 259 55 distinguuntur
946 297 122 55 homo
1022 297 91 55 et
1052 297 107 55 lapis

446 337 100 62 quam
508 337 87 62 due
558 337 137 62 notitie
657 337 87 62 non
707 337 162 62 contrarie
832 337 137 62 eiusdem
932 337 150 62 obiecti.
1044 337 75 62 et
1069 337 87 62 tamen

435 381 114 61 plus
506 381 214 61 conueniunt.
677 381 114 61 quia
748 381 157 61 aliquid
863 381 157 61 eiusdem
977 381 171 61 rationis
1091 381 71 61 est

437 436 81 45 in
477 436 135 45 homine
571 436 81 45 et
612 436 148 45 lapide.
720 436 81 45 et
760 436 121 45 nihil
841 436 148 45 eiusdem
949 436 162 45 rationis
1071 436 94 45 est
1111 436 54 45 in

428 472 140 57 illis
522 472 156 57 duabus
631 472 187 57 notitiis
772 472 203 57 specifice
928 472 219 57 distinctis
1084 472 78 57 non

440 512 198 56 contrariis
595 512 169 56 respectu
722 512 155 56 eiusdem
835 512 169 56 obiecti.
962 512 141 56 Aliter
1047 512 113 56 potest

444 562 114 54 dici
515 562 199 54 concedendo
672 562 114 54 quod
743 562 114 54 plus
814 562 185 54 coueniunt
957 562 85 54 et
999 562 114 54 quod
1056 562 100 54 minus

436 604 222 50 distinguuntur.
621 604 74 50 ex
658 604 86 50 hoc
707 604 111 50 tamen
781 604 86 50 non
830 604 148 50 sequitur
941 604 99 50 quod
1003 604 86 50 non
1052 604 99 50 sint
1101 604 62 50 al-

443 654 132 49 terius
535 654 172 49 rationis.
668 654 79 49 et
707 654 106 49 ideo
773 654 145 49 quamuis
879 654 79 49 ex
919 654 212 49 distinctione
1078 654 79 49 con-

439 688 216 50 stituentium
611 688 101 50 non
669 688 144 50 possit
769 688 129 50 argui
855 688 129 50 tanta
941 688 201 50 distinctio
1085 688 72 50 co-

444 733 187 53 stitutorum.
593 733 112 53 tamen
668 733 75 53 ex
705 733 87 53 hoc
755 733 100 53 quod
817 733 199 53 costituentia
979 733 100 53 sunt
1029 733 124 53 alterius

438 779 150 54 rationis
550 779 125 54 potest
638 779 113 54 argui
713 779 100 54 quod
775 779 175 54 constituta
913 779 100 54 sunt
975 779 150 54 alterius
1075 779 75 54 rati

431 825 105 54 nis.
497 825 66 54 â‹
523 825 79 54 Ad
562 825 118 54 illud
641 825 105 54 quod
707 825 144 54 secundo
812 825 171 54 obiicitur
943 825 105 54 dico
1008 825 105 54 quod
1061 825 105 54 termi-

434 864 112 56 nus
498 864 192 56 formalis
642 864 192 56 alicuius
786 864 256 56 generationis
979 864 192 56 duplicitur

439 911 197 57 accipitur.
594 911 98 57 Uno
650 911 112 57 modo
720 911 98 57 pro
776 911 112 57 omni
847 911 112 57 illo
917 911 112 57 quod
987 911 169 57 secundum
1100 911 56 57 se

436 953 126 58 totum
520 953 126 58 capit
604 953 112 58 esse
674 953 98 58 per
730 953 238 58 generationem.
927 953 84 58 et
969 953 112 58 isto
1039 953 112 58 modo
1095 953 70 58 com

430 998 114 54 cedo
501 998 114 54 quod
572 998 85 54 in
615 998 213 54 generatione
785 998 142 54 talium
885 998 114 54 sunt
956 998 142 54 plures
1041 998 114 54 termi-

435 1051 91 48 ni
480 1051 197 48 formales.
632 1051 91 48 et
677 1051 136 48 sicut
768 1051 121 48 sunt
844 1051 151 48 plures
950 1051 167 48 termini
1056 1051 106 48 forma

446 1087 112 56 les:
516 1087 98 56 ita
572 1087 154 56 possunt
684 1087 112 56 dici
754 1087 140 56 plures
852 1087 238 56 generationes.
1048 1087 112 56 quia
1104 1087 56 56 si

432 1127 201 66 generatio
586 1127 186 66 importet
726 1127 217 66 respectum:
896 1127 139 66 sicut
989 1127 155 66 dicunt
1082 1127 77 66 con

444 1174 151 61 muniter
554 1174 192 61 loquentes.
705 1174 96 61 cum
760 1174 165 61 secundum
884 1174 137 61 eosdem
980 1174 179 61 respectus
1104 1174 55 61 va

432 1215 169 63 rientur
555 1215 92 63 ad
601 1215 231 63 variationem
786 1215 169 63 termini
909 1215 92 63 et
955 1215 154 63 maxime
1048 1215 123 63 quando

438 1267 168 50 termini
560 1267 107 50 non
621 1267 122 50 sunt
698 1267 168 50 eiusdem
820 1267 199 50 rationis.
973 1267 168 50 oportet
1080 1267 92 50 quod

449 1315 102 47 quot
513 1315 102 47 sunt
577 1315 141 47 termini
679 1315 89 47 tot
730 1315 102 47 sint
794 1315 179 47 respectus.
935 1315 77 47 et
973 1315 89 47 per
1012 1315 153 47 consequens

439 1354 102 52 tot
498 1354 233 52 generationes
687 1354 175 52 secundum
818 1354 117 52 eos.
891 1354 87 52 Si
935 1354 131 52 autem
1008 1354 160 52 poneretur

447 1394 119 56 quod
521 1394 193 56 generatio
670 1394 134 56 esset
759 1394 163 56 precise
878 1394 134 56 nomen
952 1394 208 56 connotatiuum

440 1438 188 49 sequitur
582 1438 141 49 idem.
676 1438 78 49 â‹
707 1438 126 49 Alio
785 1438 126 49 modo
864 1438 204 49 accipitur
1005 1438 157 49 terminus

444 1480 191 56 formalis
587 1480 111 56 pro
651 1480 159 56 vltimo
762 1480 191 56 termino.
905 1480 95 56 et
953 1480 127 56 isto
1032 1480 127 56 modo
1096 1480 79 56 non

443 1526 111 59 sunt
513 1526 139 59 plures
610 1526 153 59 termini
721 1526 181 59 formales.
860 1526 97 59 sed
916 1526 111 59 vnus
985 1526 167 59 scilicet
1096 1526 70 59 for

439 1575 101 50 ma
490 1575 287 50 substantialis
726 1575 186 50 vltima.
861 1575 84 50 â‹
895 1575 101 50 Ad
946 1575 186 50 tertium
1064 1575 101 50 dico

449 1612 118 61 quod
523 1612 192 61 generatio
671 1612 162 61 hominis
789 1612 103 61 non
848 1612 103 61 est
907 1612 221 61 simpliciter
1069 1612 103 61 equi-

440 1656 147 64 uoca.
538 1656 98 64 et
587 1656 115 64 hoc
652 1656 131 64 quia
734 1656 196 64 generans
881 1656 98 64 et
931 1656 213 64 generatum
1078 1656 98 64 sunt

442 1711 159 46 eiusdem
557 1711 174 46 speciei.
688 1711 87 46 Et
731 1711 145 46 quando
833 1711 174 46 dicitur:
963 1711 116 46 quod
1021 1711 145 46 terminus

452 1747 155 55 formalis
568 1747 155 55 scilicet
684 1747 116 55 anima
761 1747 206 55 intellectiua
929 1747 90 55 sit
981 1747 155 55 alterius
1084 1747 90 55 ratio

440 1784 115 58 nis
505 1784 99 58 ab
555 1784 132 58 omni
637 1784 181 58 ratione
769 1784 181 58 agendi.
901 1784 132 58 Dico
967 1784 214 58 dupliciter.

450 1829 129 64 primo
536 1829 115 64 quod
607 1829 186 64 assumptum
751 1829 100 64 est
808 1829 158 64 falsum.
923 1829 158 64 propter
1038 1829 143 64 falsam
1124 1829 57 64 in

449 1878 211 58 plicationem.
620 1878 105 58 quia
686 1878 158 58 implicat
805 1878 105 58 quod
871 1878 119 58 anima
950 1878 211 58 intellectiua
1108 1878 66 58 sit

448 1917 178 56 terminus
582 1917 178 56 formalis
715 1917 252 56 generationis.
923 1917 119 56 quod
997 1917 104 56 est
1042 1917 134 56 simpli-

461 1960 117 57 citer
539 1960 142 57 falsum.
642 1960 104 57 quia
707 1960 91 57 est
759 1960 155 57 terminus
875 1960 194 57 creationis.
1031 1960 91 57 sed
1082 1960 91 57 non
1121 1960 65 57 est

447 2005 98 62 in
496 2005 212 62 proposito
659 2005 196 62 terminus
806 2005 196 62 formalis
937 2005 245 62 generationis.

457 2047 98 60 qui
513 2047 112 60 tunc
583 2047 196 60 educeretur
737 2047 84 60 de
779 2047 168 60 potentia
906 2047 168 60 materie:
1032 2047 112 60 quod
1088 2047 84 60 mani

450 2091 87 61 ste
499 2091 87 61 est
549 2091 137 61 falsum.
649 2091 137 61 Secundo
749 2091 100 61 dico
812 2091 100 61 quod
874 2091 87 61 non
924 2091 150 61 obstante
1037 2091 100 61 quod
1087 2091 87 61 esset

460 2140 167 56 terminus
585 2140 167 56 formalis
710 2140 83 56 et
752 2140 167 56 alterius
877 2140 167 56 rationis
1001 2140 83 56 ab
1043 2140 111 56 omni
1099 2140 69 56 rem

456 2178 89 64 ne
501 2178 148 64 agendi
604 2178 148 64 posset
708 2178 119 64 esse
782 2178 193 64 generatio
930 2178 178 64 vniuoca.
1064 2178 104 64 sed
1108 2178 74 64 non

448 2226 102 62 in
499 2226 153 62 primo
601 2226 153 62 gradu
704 2226 273 62 generationis
925 2226 205 62 vniuoce.
1079 2226 85 62 â‹
1113 2226 102 62 Ad

450 2271 148 58 rationes
561 2271 185 58 principales
709 2271 111 58 dico:
783 2271 99 58 quod
844 2271 123 58 quando
930 2271 123 58 natura
1017 2271 86 58 est
1066 2271 111 58 eadem
1128 2271 49 58 in

461 2317 182 63 generante
601 2317 84 63 et
643 2317 154 63 genito.
755 2317 84 63 et
797 2317 168 63 cuilibet
922 2317 196 63 essentiali
1076 2317 84 63 in
1104 2317 70 63 vno

456 2360 94 54 est
509 2360 147 54 aliquid
616 2360 187 54 simillimum
763 2360 80 54 in
803 2360 147 54 reliquo
910 2360 80 54 et
950 2360 200 54 simplicitur
1097 2360 80 54 eius

460 2398 92 57 dem
513 2398 158 57 rationis
631 2398 92 57 cum
684 2398 79 57 eo
724 2398 92 57 est
777 2398 172 57 generatio
909 2398 198 57 simpliciter
1054 2398 132 57 vniuoca-

456 2442 84 60 sed
504 2442 84 60 sic
552 2442 84 60 non
601 2442 84 60 est
649 2442 72 60 in
685 2442 97 60 deo.
746 2442 97 60 quia
806 2442 169 60 paternitas
939 2442 72 60 in
975 2442 84 60 pre
1023 2442 84 60 non
1071 2442 84 60 est
1108 2442 72 60 omni

464 2487 88 54 non
515 2487 138 54 eiusdem
615 2487 150 54 rationis
728 2487 88 54 cum
778 2487 125 54 aliquo
865 2487 100 54 quod
928 2487 88 54 est
978 2487 213 54 essentialiter
1141 2487 50 54 in

464 2531 138 70 filio.
561 2531 110 70 quia
629 2531 96 70 non
684 2531 96 70 cum
739 2531 234 70 similitudine.
932 2531 69 70 â‹
959 2531 83 70 Ad
1001 2531 193 70 argumentum
1138 2531 55 70 in

1240 158 179 67 oppositum
1378 158 110 67 dico
1447 158 110 67 quod
1516 158 96 67 non
1571 158 96 67 est
1626 158 207 67 simpliciter
1791 158 151 67 vniuoca
1887 158 83 67 pro-

1237 199 147 68 pter
1328 199 220 68 rationem
1493 199 202 68 dictam.
1640 199 220 68 Questio.
1787 199 110 68 iii.

1427 256 316 97 grtio
1602 256 281 97 quero.

1451 334 118 63 Utrum
1530 334 171 63 generatio
1661 334 118 63 filii
1740 334 92 63 sit
1792 334 158 63 eternam.
1897 334 79 63 Quod

1449 380 104 52 non.
1514 380 104 52 quia
1579 380 117 52 nihil
1656 380 168 52 posterius
1786 380 104 52 alio
1850 380 91 52 est
1889 380 78 52 illi

1456 423 202 49 coeternum.
1614 423 101 49 sed
1672 423 144 49 filius
1773 423 101 49 est
1816 423 159 49 posterior

1246 466 144 64 patre.
1346 466 115 64 ergo
1418 466 101 64 non
1475 466 101 64 est
1533 466 115 64 sibi
1605 466 201 64 coeternus.
1763 466 129 64 Maior
1834 466 144 64 probatur

1254 520 95 52 quia
1313 520 106 52 prius
1384 520 71 52 et
1420 520 154 52 posterius
1538 520 83 52 non
1585 520 95 52 sunt
1644 520 118 52 simul.
1727 520 95 52 ergo
1786 520 95 52 omne
1845 520 106 52 prius
1904 520 71 52 alio

1259 565 124 48 aliquando
1355 565 67 48 est
1393 565 95 48 quando
1460 565 124 48 posterius
1555 565 67 48 non
1593 565 76 48 est.
1641 565 57 48 et
1670 565 67 48 per
1708 565 134 48 consequens
1813 565 67 48 non
1851 565 76 48 sunt
1889 565 86 48 commune

1255 612 139 45 terna.
1366 612 125 45 Minor
1450 612 139 45 patet.
1547 612 111 45 quia
1617 612 111 45 omne
1686 612 181 45 generatum
1825 612 97 45 est
1867 612 111 45 poste-

1253 657 113 51 rius
1324 657 199 51 generante.
1480 657 71 51 â‹
1508 657 184 51 Preterea.
1650 657 128 51 sicut
1735 657 184 51 generatio
1877 657 85 51 se
1905 657 71 51 ha-

1247 692 97 52 bet
1302 692 83 52 ad
1344 692 124 52 esse:
1426 692 97 52 ita
1482 692 179 52 corruptio
1620 692 83 52 ad
1661 692 97 52 non
1716 692 124 52 esse.
1799 692 97 52 sed
1840 692 138 52 impossi-

1259 738 104 52 bile
1324 738 91 52 est
1376 738 143 52 aliquid
1479 738 156 52 corrumpi
1596 738 78 52 et
1635 738 194 52 eternaliter
1791 738 130 52 durare
1881 738 78 52 in
1907 738 65 52 non

1251 779 119 50 esse.
1330 779 106 50 ergo
1396 779 199 50 impossibile
1555 779 93 50 est
1608 779 146 50 aliquid
1714 779 159 50 generari
1833 779 79 50 et
1860 779 119 50 eterna-

1266 821 101 57 iter
1329 821 126 57 durare
1418 821 76 57 in
1456 821 114 57 esse.
1531 821 101 57 ergo
1594 821 76 57 si
1632 821 126 57 filius
1721 821 126 57 fuerit
1809 821 151 57 genitus.
1910 821 63 57 non

1256 866 151 55 fuerit
1362 866 182 55 eternus.
1498 866 76 55 â‹
1528 866 91 55 Ad
1574 866 197 55 oppositum
1725 866 91 55 in
1770 866 182 55 simbolo.
1891 866 91 55 eter

1258 918 99 50 nus
1314 918 127 50 pater
1399 918 155 50 eternus
1512 918 141 50 filius
1611 918 113 50 etc.
1681 918 71 50 â‹
1710 918 85 50 In
1752 918 113 50 ista
1809 918 169 50 quaestione

1259 958 159 55 conclusio
1381 958 85 55 est
1430 958 110 55 certa
1503 958 146 55 secundum
1613 958 159 55 veritatem
1735 958 122 55 fidei.
1820 958 98 55 quod
1869 958 110 55 genera-

1257 1001 85 51 tio
1306 1001 110 51 filii
1379 1001 85 51 est
1427 1001 134 51 eterna.
1525 1001 97 51 quia
1585 1001 183 51 impossibile
1731 1001 85 51 est
1780 1001 134 51 aliquid
1865 1001 122 51 realiter

1264 1042 114 55 idem
1335 1042 100 55 cum
1392 1042 143 55 diuina
1493 1042 172 55 essentia
1621 1042 114 55 esse
1693 1042 100 55 non
1750 1042 172 55 eternum.
1879 1042 100 55 sed
1922 1042 72 55 tam

1248 1097 130 41 filius
1339 1097 104 41 quam
1404 1097 169 41 generatio
1533 1097 117 41 filii
1611 1097 91 41 est
1663 1097 156 41 realiter
1780 1097 130 41 diuina
1857 1097 130 41 essentia

1252 1145 115 40 ergo
1323 1145 101 40 est
1381 1145 158 40 eterna.
1496 1145 101 40 nec
1553 1145 101 40 est
1611 1145 86 40 in
1654 1145 144 40 aliquo
1754 1145 187 40 difficile
1883 1145 101 40 vide-

1253 1175 86 53 re
1296 1175 130 53 quomo
1382 1175 187 53 productum
1526 1175 144 53 possit
1627 1175 115 53 esse
1699 1175 158 53 concuum
1800 1175 187 53 producenti.

1265 1222 93 56 cum
1318 1222 119 56 etiam
1397 1222 79 56 in
1437 1222 172 56 creaturis
1569 1222 119 56 agens
1649 1222 146 56 creatum
1755 1222 106 56 quod
1821 1222 93 56 non
1874 1222 106 56 agit
1927 1222 66 56 per

1254 1262 106 53 motum
1325 1262 142 53 producat
1431 1262 71 53 in
1467 1262 106 53 primo
1538 1262 154 53 instanti.
1656 1262 71 53 et
1692 1262 83 53 per
1739 1262 165 53 consequens
1869 1262 71 53 si
1892 1262 95 53 eterna

1252 1308 124 46 liter
1335 1308 124 46 esset
1417 1308 206 46 eternaliter
1582 1308 206 46 produceret.
1747 1308 124 46 sicut
1816 1308 165 46 determinat

1260 1351 129 52 beatus
1351 1351 194 52 Augustinus.
1506 1351 91 52 vi.
1557 1351 78 52 de
1596 1351 129 52 trini.
1687 1351 78 52 c.
1726 1351 78 52 i.
1764 1351 65 52 â‹
1790 1351 181 52 Ueruntamen
1919 1351 78 52 haec

1263 1401 86 46 est
1312 1401 86 46 vna
1361 1401 185 46 difficultas
1509 1401 160 46 communis.
1633 1401 111 46 etiam
1707 1401 123 46 multis
1793 1401 111 46 aliis
1855 1401 123 46 quaestio

1247 1449 145 45 nibus.
1348 1449 87 45 et
1391 1449 101 45 est
1449 1449 87 45 an
1492 1449 145 45 debeat
1594 1449 159 45 concedi
1709 1449 145 45 aliqua
1810 1449 116 45 alia
1868 1449 116 45 priori

1255 1486 86 49 tas
1304 1486 98 49 ibi.
1365 1486 86 49 ita
1415 1486 98 49 quod
1476 1486 135 49 quamuis
1575 1486 111 49 pater
1648 1486 86 49 non
1698 1486 86 49 sit
1747 1486 111 49 prior
1821 1486 160 49 duratione
1931 1486 62 49 fi-

1257 1525 91 51 lio
1309 1525 129 51 possit
1399 1525 142 51 concedi
1503 1525 103 51 quod
1567 1525 103 51 vere
1632 1525 91 51 est
1684 1525 116 51 prior
1761 1525 129 51 aliqua
1852 1525 103 51 alia
1904 1525 91 51 prio-

1268 1576 156 45 ritate.
1382 1576 85 45 et
1424 1576 156 45 quantum
1538 1576 85 45 ad
1581 1576 100 45 hoc
1638 1576 128 45 inter
1723 1576 142 45 multos
1822 1576 171 45 doctores
1936 1576 57 45 et

1263 1616 180 53 sequaces
1398 1616 135 53 eorum
1487 1616 105 53 est
1547 1616 209 53 discordia.
1712 1616 90 53 et
1757 1616 135 53 magis
1846 1616 90 53 in
1876 1616 120 53 verbis

1268 1654 96 63 quam
1328 1654 72 63 in
1364 1654 84 63 re.
1411 1654 108 63 omnes
1483 1654 96 63 enim
1543 1654 72 63 in
1579 1654 84 63 hoc
1627 1654 167 63 concordant
1758 1654 96 63 quod
1818 1654 108 63 pater
1889 1654 84 63 est
1925 1654 72 63 prin

1264 1710 112 47 cipium
1342 1710 101 47 filii
1410 1710 90 47 quia
1466 1710 123 47 generat
1556 1710 123 47 filium.
1645 1710 90 47 quod
1701 1710 56 47 a
1724 1710 101 47 patre
1791 1710 79 47 est
1836 1710 123 47 filius.
1915 1710 67 47 quod

1260 1746 123 54 filius
1346 1746 173 54 originatur
1482 1746 62 54 a
1507 1746 123 54 patre.
1593 1746 74 54 et
1630 1746 86 54 sic
1679 1746 173 54 concordant
1815 1746 74 54 in
1852 1746 123 54 multis
1926 1746 62 54 pro

1258 1786 183 65 positionibus
1406 1786 103 65 aliis
1474 1786 194 65 consimilibus:
1634 1786 80 65 sed
1680 1786 68 65 in
1714 1786 80 65 hoc
1759 1786 171 65 discordant.
1896 1786 91 65 quod
1942 1786 57 65 ali

1269 1843 82 46 qui
1316 1843 129 46 illorum
1410 1843 118 46 dicunt
1493 1843 94 46 quod
1552 1843 94 46 ista
1611 1843 82 46 non
1658 1843 165 46 sufficiunt
1787 1843 71 46 ad
1822 1843 82 46 hoc
1870 1843 94 46 quod
1917 1843 82 46 conce

1261 1880 110 50 datur
1334 1880 160 50 prioritas
1457 1880 86 50 vel
1506 1880 209 50 posterioritas
1678 1880 74 50 in
1715 1880 147 50 diuinis.
1825 1880 147 50 secundum
1923 1880 74 50 rem.

1261 1921 93 53 Alii
1319 1921 104 53 autem
1389 1921 116 53 dicunt
1470 1921 93 53 quod
1528 1921 93 53 sic.
1586 1921 69 53 et
1620 1921 93 53 ideo
1678 1921 127 53 quantum
1771 1921 69 53 ad
1806 1921 104 53 istum
1864 1921 127 53 articulum

1261 1964 125 59 magis
1344 1964 97 59 est
1400 1964 208 59 intendendum
1567 1964 250 59 auctoritatibus
1775 1964 83 59 et
1817 1964 111 59 modo
1872 1964 125 59 loquen-

1271 2005 63 58 di
1302 2005 136 58 sanctorum
1407 2005 84 58 quam
1459 2005 126 58 rationi.
1553 2005 84 58 quia
1606 2005 63 58 ad
1637 2005 115 58 neutram
1721 2005 105 58 partem
1794 2005 105 58 potest
1868 2005 94 58 ratio
1920 2005 84 58 suffi-

1272 2051 113 52 ciens
1347 2051 150 52 inueniri
1459 2051 63 52 â‹
1484 2051 100 52 Ideo
1547 2051 100 52 dico
1609 2051 100 52 quod
1672 2051 100 52 vere
1734 2051 75 52 et
1772 2051 150 52 realiter
1884 2051 113 52 pater
1947 2051 63 52 est

1265 2094 104 60 prior
1335 2094 104 60 filio
1405 2094 139 60 origine.
1509 2094 93 60 quia
1567 2094 81 60 hoc
1613 2094 81 60 non
1660 2094 81 60 est
1706 2094 104 60 aliud
1776 2094 116 60 dicere
1857 2094 93 60 quam
1915 2094 93 60 quod
1961 2094 35 60 a

1269 2148 106 54 patre
1340 2148 82 54 est
1387 2148 130 54 filius.
1481 2148 82 54 vel
1528 2148 94 54 quod
1587 2148 94 54 patr
1646 2148 141 54 producit
1752 2148 130 54 filium.
1847 2148 82 54 nec
1882 2148 106 54 aliquid

1273 2191 110 53 aliud
1346 2191 86 53 est
1395 2191 86 53 per
1445 2191 86 53 hoc
1494 2191 221 53 intelligendum.
1678 2191 86 53 Sed
1727 2191 98 53 dico
1788 2191 98 53 quod
1850 2191 74 53 in
1874 2191 123 53 proposi-

1280 2228 86 55 to
1323 2228 201 55 excludendo
1481 2228 129 55 alias
1567 2228 273 55 significationes
1798 2228 129 55 huius
1870 2228 129 55 nominis

1284 2278 115 56 prius.
1365 2278 69 56 de
1400 2278 81 56 quo
1446 2278 92 56 post
1503 2278 127 56 dicetur
1596 2278 161 56 principium
1722 2278 69 56 et
1757 2278 115 56 prius.
1838 2278 150 56 similiter
1941 2278 58 56 ge-

1274 2320 131 47 nerans
1365 2320 78 47 et
1404 2320 117 47 prius
1483 2320 91 47 vel
1535 2320 170 47 producens
1666 2320 78 47 et
1705 2320 131 47 prius.
1796 2320 91 47 vel
1848 2320 104 47 sunt
1901 2320 104 47 nomina

1267 2361 172 55 simpliciter
1404 2361 149 55 svnonima.
1518 2361 80 55 vel
1564 2361 69 55 se
1598 2361 114 55 habent
1679 2361 103 55 sicut
1747 2361 137 55 superius
1850 2361 69 55 et
1873 2361 126 55 inferius.

1272 2407 73 54 et
1308 2407 97 54 ideo
1369 2407 85 54 ita
1417 2407 145 54 realiter
1526 2407 73 54 et
1562 2407 85 54 ita
1610 2407 97 54 vere
1671 2407 109 54 sicut
1743 2407 169 54 conceditur
1876 2407 97 54 quod
1924 2407 73 54 pati

1271 2460 88 40 est
1322 2460 175 40 principium
1459 2460 75 40 et
1497 2460 150 40 generans
1609 2460 75 40 et
1647 2460 163 40 producens
1772 2460 138 40 filium.
1872 2460 88 40 ita
1909 2460 88 40 debet

1271 2492 146 53 concedi
1377 2492 107 53 quod
1444 2492 120 53 pater
1524 2492 93 53 est
1577 2492 120 53 prior
1657 2492 133 53 filio.
1750 2492 93 53 nec
1803 2492 146 53 quantum
1910 2492 80 53 ad
1936 2492 67 53 rem

1269 2535 156 73 aliquid
1383 2535 128 73 aliud
1468 2535 199 73 importatur
1624 2535 100 73 per
1681 2535 114 73 vnum
1752 2535 114 73 quam
1823 2535 100 73 per
1866 2535 142 73 reliquum
