2286 3063
304 187 117 69 citur
382 187 104 69 actu
447 187 182 69 voluntatis
590 187 104 69 nisi
655 187 221 69 praecognitum:
836 187 130 69 potest
914 187 117 69 intelli

296 241 81 51 gi
337 241 203 51 dupliciter.
499 241 95 51 vel
554 241 108 51 quod
621 241 122 51 actus
702 241 189 51 voluntatis
851 241 162 51 elicitus
959 241 68 51 sit

297 291 92 54 quo
349 291 158 54 voluntas
468 291 171 54 producit.
599 291 79 54 et
639 291 92 54 sic
691 291 131 54 potest
783 291 145 54 concedi
889 291 79 54 in
915 291 105 54 creatu

295 332 99 46 ris.
356 332 99 46 quia
418 332 99 46 tale
480 332 160 46 productum
603 332 86 46 est
652 332 148 46 volitum.
763 332 74 46 et
800 332 111 46 nihil
874 332 86 46 est
911 332 111 46 volitum

303 378 80 45 a.
343 378 253 45 voluntatecreata
556 378 107 45 nisi
623 378 213 45 precognitum.
796 378 120 45 tamen
876 378 80 45 in
916 378 93 45 deo
956 378 67 45 est

299 413 212 55 simpliciter
469 413 141 55 falsa.
568 413 113 55 quia
638 413 85 55 in
681 413 99 55 deo
737 413 127 55 actus
822 413 198 55 voluntatis
963 413 57 55 et

285 460 144 55 actus
381 460 239 55 intellectus
572 460 96 55 et
620 460 191 55 voluntas
764 460 239 55 suntomnibus
939 460 80 55 mo-

295 504 100 58 dis
352 504 129 58 idem.
438 504 100 58 nec
495 504 114 58 plus
566 504 228 58 distinguitur
752 504 129 58 actus
837 504 200 58 voluntatis
980 504 43 58 a

298 550 199 57 voluntate:
454 550 114 57 quam
525 550 227 57 distinguitur
710 550 170 57 voluntas
837 550 71 57 a
852 550 170 57 voluntate.

297 585 184 61 Ueruntamen
441 585 92 61 non
494 585 92 61 est
546 585 118 61 forte
625 585 144 61 propria
730 585 157 61 locutio:
848 585 118 61 actus
913 585 105 61 volun-

292 634 127 53 tatis
376 634 155 53 diuine.
489 634 98 53 sed
545 634 127 53 magis
629 634 155 53 proprie
742 634 169 53 dicendus
868 634 98 53 est
911 634 98 53 actus

299 682 144 56 volendi
404 682 92 56 vel
456 682 118 56 velle
535 682 105 56 quod
600 682 92 56 est
653 682 157 56 voluntas
771 682 144 56 diuina.
876 682 79 56 et
915 682 105 56 ideo
968 682 52 56 si

291 723 84 57 cut
339 723 143 57 spiritus
446 723 131 57 sanctus
542 723 84 57 qui
589 723 167 57 producitur
721 723 155 57 voluntate
840 723 84 57 non
888 723 84 57 est
923 723 84 57 prie-

294 772 158 56 cognitus
412 772 92 56 ita
465 772 92 56 nec
517 772 158 56 spiritus
636 772 145 56 sanctus
741 772 92 56 qui
794 772 184 56 producitur
925 772 79 56 actu

287 815 142 53 volendi
390 815 90 53 est
442 815 219 53 praecognitus.
623 815 129 53 Aliter
713 815 129 53 potest
803 815 181 53 intelligi:
933 815 77 53 quod

279 864 163 49 quicqud
398 864 208 49 producitur
561 864 119 49 actu
636 864 208 49 voluntatis
799 864 104 49 est
844 864 163 49 precogni-

280 904 99 62 tum.
342 904 99 62 quia
403 904 136 62 quicqud
502 904 87 62 est
552 904 62 62 a
577 904 161 62 voluntate
701 904 87 62 est
750 904 210 62 praecognitum:
923 904 74 62 et
948 904 62 62 sic

279 946 85 59 est
327 946 121 59 falsa.
412 946 109 59 etiam
485 946 73 59 in
521 946 169 59 creaturis.
654 946 97 59 quia
715 946 133 59 volitio
811 946 97 59 quae
860 946 145 59 producitur

278 991 65 57 a
304 991 169 57 voluntate
434 991 91 57 non
486 991 91 57 est
538 991 208 57 praecognita.
707 991 65 57 ⁋
733 991 78 57 Et
772 991 78 57 si
811 991 156 57 dicatur:
915 991 78 57 quod

294 1033 160 53 voluntas
414 1033 93 53 est
467 1033 120 53 prior
547 1033 240 53 spiritusancto.
747 1033 80 53 et
787 1033 174 53 similiter
908 1033 93 53 intel

284 1073 129 63 lectus
375 1073 91 63 est
426 1073 117 63 prior
504 1073 233 63 spiritusancto.
698 1073 78 63 et
737 1073 78 63 in
776 1073 104 63 illo
841 1073 129 63 priori
918 1073 91 63 pater

281 1117 182 66 intelligit
424 1117 260 66 spiritumsanctum.
645 1117 104 66 ergo
709 1117 117 66 prius
787 1117 182 66 intelligit
917 1117 91 66 ante-

292 1160 100 70 quam
354 1160 149 70 producat
466 1160 249 70 spiritumsanctum.
678 1160 62 70 ⁋
703 1160 100 70 Dico
765 1160 100 70 quod
827 1160 112 70 pater
902 1160 87 70 est
939 1160 75 70 pri-

286 1215 84 52 or.
334 1215 72 52 et
370 1215 157 52 similiter
491 1215 181 52 intellectus
635 1215 72 52 et
672 1215 108 52 etiam
744 1215 181 52 intellectio
888 1215 84 52 est
925 1215 84 52 prior

280 1257 115 58 aliqua
361 1257 150 58 prioritat
476 1257 138 58 spiritus
580 1257 127 58 sanctus
672 1257 81 58 lud
718 1257 115 58 dictum
799 1257 81 58 est
845 1257 104 58 prius
914 1257 92 58 dis.
960 1257 46 58 ix

279 1291 78 55 Et
318 1291 131 55 potest
409 1291 131 55 aliquo
501 1291 104 55 modo
566 1291 144 55 concedi
671 1291 104 55 quod
736 1291 117 55 pater
814 1291 183 55 intelligit
945 1291 65 55 spi

282 1339 182 54 ritusanctum
427 1339 73 54 in
464 1339 97 54 illo
525 1339 133 54 priori.
622 1339 97 54 quia
682 1339 146 54 secundum
792 1339 121 54 beatum
864 1339 146 54 augustinum

278 1385 104 58 iii.
343 1385 78 58 de
382 1385 130 58 trini.
474 1385 78 58 c.
513 1385 130 58 xiiii.
604 1385 117 58 Pater
682 1385 183 58 intelligit
826 1385 117 58 omnia
904 1385 78 58 in
930 1385 65 58 se-

276 1431 85 62 ipso.
332 1431 95 62 igitur
399 1431 132 62 intelligi.
503 1431 114 62 spiritus
588 1431 104 62 sanctus
663 1431 57 62 in
692 1431 104 62 seipso.
767 1431 57 62 et
796 1431 66 62 per
834 1431 132 62 consequens
938 1431 57 62 in
957 1431 47 62 il-

277 1467 60 64 lo
307 1467 101 64 pioitr
378 1467 121 64 spiritus
468 1467 111 64 sanctus
548 1467 60 64 et
579 1467 70 64 ita
619 1467 101 64 potest
689 1467 111 64 concedi
770 1467 101 64 aliquo
840 1467 80 64 modo
890 1467 80 64 quod
931 1467 70 64 pater

277 1516 70 59 in
312 1516 93 59 illo
370 1516 116 59 priori
452 1516 140 59 producit
557 1516 233 59 spiritumsanctum.
755 1516 93 59 quia
813 1516 140 59 scilicet
918 1516 70 59 in
941 1516 58 59 se-

273 1553 73 70 ipso
318 1553 100 70 produci
391 1553 109 70 spiritus
473 1553 91 70 sancti
537 1553 82 70 Uande
592 1553 82 70 sicut
647 1553 128 70 conceditur
747 1553 73 70 quod
792 1553 100 70 spirius
865 1553 100 70 sanctus
938 1553 64 70 est
966 1553 36 70 in

266 1609 109 55 patre.
342 1609 76 55 ita
386 1609 109 55 potest
462 1609 76 55 sub
506 1609 87 55 bono
560 1609 153 55 intellectu
680 1609 131 55 concedi:
778 1609 76 55 qua
822 1609 131 55 spiritus
909 1609 87 55 sancti

275 1652 140 50 producitur
385 1652 60 50 in
415 1652 100 50 patre.
485 1652 60 50 et
515 1652 70 50 per
555 1652 140 50 consequens
666 1652 90 50 pater
726 1652 90 50 produ
786 1652 70 50 sci
826 1652 120 50 spiritus
916 1652 110 50 sanctus

270 1695 90 53 seipo.
333 1695 54 53 et
360 1695 63 53 per
396 1695 126 53 consequens
496 1695 99 53 produci
568 1695 108 53 spiritus
649 1695 99 53 sanctis
721 1695 54 53 ni
748 1695 72 53 illo
793 1695 99 53 priori.
866 1695 54 53 et
893 1695 54 53 ex
920 1695 63 53 hoc
947 1695 45 53 non

266 1737 132 52 sequitur
365 1737 88 52 quod
420 1737 77 52 sit
463 1737 186 52 praecognitus.
617 1737 77 52 sed
661 1737 99 52 solum
727 1737 132 52 sequitur
825 1737 88 52 quod
880 1737 77 52 sit
913 1737 88 52 cogni-

279 1780 66 58 tus
316 1780 56 58 in
344 1780 94 58 aliquo
410 1780 84 58 pioir
466 1780 113 58 spiritus
551 1780 103 58 sanctus
626 1780 56 58 et
654 1780 66 58 hoc
692 1780 66 58 est
729 1780 94 58 verum:
795 1780 84 58 sicut
851 1780 66 58 est
889 1780 84 58 verum
936 1780 56 58 quod

277 1817 58 70 est
310 1817 50 70 in
335 1817 83 70 aliquo
393 1817 58 70 pis
427 1817 100 70 spiritus
502 1817 92 70 sanctus
569 1817 50 70 ea
594 1817 50 70 et
619 1817 67 70 ipre
661 1817 67 70 quae
702 1817 58 70 est
736 1817 58 70 pis
769 1817 100 70 spiritum
844 1817 100 70 sanctum.
919 1817 58 70 Que
944 1817 42 70 ii.

482 1874 204 93 di
584 1874 306 93 cundo
754 1874 238 93 quero

494 1947 131 67 Utrum
582 1947 276 67 spiritussanctus
814 1947 145 67 libere
901 1947 87 67 pro-

490 1996 137 63 ducatur
589 1996 62 63 ⁋
614 1996 100 63 Quod
676 1996 87 63 non
726 1996 162 63 arguitur.
851 1996 149 63 quicquid
950 1996 50 63 li

494 2044 103 63 bere
558 2044 193 63 producitur:
712 2044 180 63 producitur
841 2044 154 63 contingen-

259 2075 93 66 ter.
317 2075 81 66 sed
364 2075 221 66 spiritussanctus
550 2075 81 66 nol
596 2075 139 66 pducitur
700 2075 197 66 contingentur.
863 2075 93 66 quia
909 2075 70 66 tunc

266 2133 113 49 esset
342 2133 189 49 contingens.
493 2133 101 49 ergo
556 2133 101 49 etc.
619 2133 63 49 ⁋
644 2133 76 49 Ad
682 2133 176 49 oppositum.
820 2133 151 49 voluntas
921 2133 63 49 est

277 2176 148 57 potentia
388 2176 136 57 libera.
486 2176 99 57 ergo
548 2176 111 57 illud
622 2176 111 57 cuius
696 2176 173 57 principium
820 2176 160 57 productiuum

267 2211 71 67 est
307 2211 122 67 voluntas
399 2211 142 67 producitur
510 2211 111 67 libere.
591 2211 132 67 huiusmodi
692 2211 71 67 ets
733 2211 122 67 spiritus
824 2211 111 67 sanctus
905 2211 91 67 sicut
955 2211 41 67 di

264 2264 88 60 ctum
319 2264 77 60 est
363 2264 77 60 in.
407 2264 66 60 q.
440 2264 176 60 praecedenti.
583 2264 110 60 igitur
661 2264 88 60 etc.
716 2264 55 60 ⁋
738 2264 77 60 Ad.
782 2264 66 60 q.
815 2264 154 60 communiter
925 2264 55 60 re-

260 2299 173 69 spondetur:
396 2299 99 69 quod
457 2299 148 69 spiritus
569 2299 136 69 sanctus
668 2299 124 69 libere
754 2299 185 69 producitur.
902 2299 74 69 et
927 2299 62 69 hoc

256 2351 219 62 distinguendo
434 2351 150 62 liberum
543 2351 137 62 contra
639 2351 178 62 naturale:
776 2351 82 62 vt
817 2351 137 62 filius
899 2351 82 62 pro-

256 2392 156 56 ducitur
369 2392 212 56 naturaliter
539 2392 99 56 non
595 2392 156 56 libere.
708 2392 184 56 econuerso
835 2392 156 56 spiritus-

262 2439 157 62 sanctus
376 2439 200 62 producitur
533 2439 143 62 libere
634 2439 100 62 non
691 2439 229 62 naturaliter.
877 2439 100 62 Nec
920 2439 72 62 ob-

264 2481 100 62 stat
326 2481 100 62 quod
388 2481 237 62 spiritussanctus
587 2481 174 62 necessario
724 2481 187 62 producitur.
874 2481 100 62 quia
924 2481 62 62 ne-

262 2535 155 58 cessitas
378 2535 103 58 stat
443 2535 90 58 cum
495 2535 181 58 libertate.
637 2535 103 58 Unde
702 2535 142 58 aliquae
805 2535 116 58 primo
870 2535 116 58 probant

263 2570 110 74 quod
332 2570 192 74 necessitas
483 2570 165 74 staticum
606 2570 178 74 libertate
743 2570 165 74 respectu
853 2570 137 74 eiusdem.

1106 199 152 76 Secundo
1217 199 180 76 ostendunt
1355 199 83 76 in
1396 199 97 76 quo
1451 199 180 76 consistit
1589 199 124 76 ratio
1659 199 180 76 libertatis.

1135 253 74 63 ⁋
1165 253 148 63 Primum
1268 253 148 63 probat
1371 253 103 63 per
1430 253 148 63 beatum
1534 253 207 63 augustinum
1696 253 89 63 in
1726 253 103 63 enche

1117 299 97 58 ca.
1173 299 125 58 viii.
1256 299 166 58 lxxxiii.
1381 299 111 58 vel.
1450 299 139 58 lxxii.
1547 299 97 58 Sic
1602 299 139 58 inquit
1686 299 152 58 oportebat

1115 337 118 67 fieri
1194 337 118 67 prius
1273 337 158 67 hominem.
1391 337 79 67 vt
1430 337 105 67 bene
1496 337 118 67 velle
1575 337 131 67 possit
1667 337 79 67 et
1707 337 118 67 male.
1772 337 66 67 nec

1112 388 143 61 gratis
1212 388 157 61 sibene:
1326 388 100 61 nec
1383 388 143 61 impune
1484 388 86 61 si
1526 388 129 61 male.
1612 388 143 61 postea
1712 388 114 61 vero
1770 388 72 61 sic

1111 432 109 58 erit
1179 432 82 58 vt
1220 432 109 58 male
1288 432 122 58 velle
1370 432 95 58 non
1424 432 150 58 possit.
1533 432 95 58 nec
1587 432 109 58 ideo
1655 432 136 58 libero
1737 432 95 58 care-

1111 468 87 70 bit
1160 468 162 70 arbitrio.
1285 468 125 70 quippe
1373 468 150 70 liberius
1485 468 100 70 erit
1548 468 100 70 quod
1610 468 125 70 omnino
1698 468 87 70 non
1735 468 100 70 potest

1108 513 152 70 seruire
1219 513 166 70 peccato.
1344 513 83 70 et
1385 513 139 70 subdit
1482 513 125 70 quasi
1566 513 97 70 pro
1621 513 208 70 probatione.
1774 513 55 70 Ne

1109 565 88 51 que
1160 565 101 51 enim
1223 565 151 51 culpanda
1336 565 88 51 est
1386 565 164 51 voluntas:
1512 565 88 51 aut
1563 565 151 51 voluntas
1676 565 88 51 non
1726 565 88 51 est
1764 565 63 51 aut

1108 599 124 67 libera
1194 599 136 67 dicenda
1294 599 87 67 non
1343 599 87 67 est
1393 599 87 67 qua
1442 599 112 67 beati
1517 599 87 67 sic
1567 599 99 67 esse
1629 599 136 67 volumus
1728 599 74 67 vt
1753 599 74 67 esse

1106 652 127 62 miseri
1195 652 89 62 non
1246 652 115 62 solum
1323 652 89 62 non
1374 652 153 62 velimus.
1488 652 89 62 sed
1539 652 166 62 nequaquam
1666 652 115 62 velle
1730 652 102 62 possi-

1101 691 132 66 mus.
1183 691 83 66 ⁋
1216 691 198 66 Preterea
1365 691 198 66 anselmus
1513 691 99 66 de
1563 691 165 66 libero
1662 691 182 66 arbitrio.

1100 744 80 50 c.
1140 744 80 50 i.
1180 744 94 50 qui
1233 744 94 50 sic
1287 744 120 50 habet
1367 744 107 50 quod
1434 744 120 50 decet
1514 744 80 50 et
1554 744 147 50 expedit
1661 744 80 50 vt
1701 744 94 50 hoc
1741 744 80 50 amit

1109 784 102 57 tere
1173 784 89 57 non
1224 784 127 57 queat:
1312 784 152 57 liberior
1427 784 89 57 est
1477 784 102 57 quam
1541 784 102 57 ille
1604 784 89 57 qui
1655 784 89 57 sic
1706 784 114 57 habet
1770 784 63 57 hoc

1104 820 120 68 ipsum
1184 820 80 68 vt
1224 820 133 68 possit
1317 820 160 68 perdere.
1437 820 80 68 et
1477 820 80 68 ex
1517 820 93 68 hoc
1571 820 173 68 concludit
1691 820 133 68 liberior

1102 874 95 60 est
1157 874 136 60 igitur
1252 874 164 60 voluntas
1375 874 109 60 quae
1443 874 68 60 a
1471 874 205 60 rectitudine
1634 874 177 60 declinare
1757 874 68 60 ne-

1106 915 120 64 quit.
1186 915 67 64 ⁋
1212 915 160 64 Preterea
1332 915 160 64 probatur
1452 915 93 64 per
1506 915 173 64 rationem.
1639 915 120 64 Primo
1719 915 107 64 quia
1772 915 67 64 vo-

1098 953 130 67 luntas
1189 953 130 67 diuina
1280 953 182 67 necessario
1423 953 104 67 vult
1489 953 169 67 bonitatem
1619 953 117 67 suam.
1697 953 78 67 et
1723 953 91 67 tamen

1103 997 69 71 in
1137 997 126 71 volendo
1228 997 80 71 eam
1274 997 80 71 est
1320 997 126 71 libera.
1411 997 114 71 igitur
1491 997 91 71 etc.
1549 997 103 71 minor
1617 997 149 71 probatur.
1732 997 91 71 quia
1777 997 46 71 po

1091 1045 151 60 tentia
1196 1045 166 60 operans
1317 1045 136 60 circa
1407 1045 121 60 vnum
1483 1045 181 60 obiectum
1618 1045 105 60 non
1663 1045 151 60 absolute

1092 1085 90 64 sed
1144 1085 77 64 in
1182 1085 128 64 ordine
1272 1085 77 64 ad
1310 1085 116 64 aliud
1387 1085 90 64 est
1439 1085 167 64 operatiua
1567 1085 116 64 circa
1644 1085 154 64 vtrumque
1747 1085 64 64 ob-

1100 1129 118 62 iectum.
1186 1129 97 62 sicut
1250 1129 107 62 arguit
1326 1129 161 62 philosophus
1454 1129 118 62 secundo
1540 1129 64 62 de
1572 1129 97 62 anima
1637 1129 64 62 de
1669 1129 97 62 sensu
1722 1129 97 62 communi

1099 1174 86 72 sed
1148 1174 148 72 voluntas
1259 1174 123 72 diuina
1345 1174 123 72 refert
1431 1174 74 72 ad
1468 1174 111 72 finem
1541 1174 111 72 omnia
1615 1174 111 72 alia.
1689 1174 98 72 ergo
1738 1174 86 72 opera

1096 1221 88 66 tur
1147 1221 114 66 circa
1223 1221 114 66 omnia
1298 1221 114 66 alia.
1374 1221 88 66 sed
1424 1221 114 66 circa
1500 1221 114 66 illud
1576 1221 101 66 quod
1639 1221 88 66 est
1689 1221 76 66 ad
1727 1221 101 66 fine
1778 1221 50 66 li

1092 1260 108 65 bere
1160 1260 162 65 operatur
1282 1260 81 65 et
1322 1260 230 65 contingenter.
1511 1260 108 65 ergo
1579 1260 135 65 libere
1673 1260 108 65 vult
1727 1260 95 65 boni-

1089 1312 112 59 tatem
1163 1312 112 59 suam.
1238 1312 62 59 ⁋
1263 1312 150 59 Preterea
1375 1312 137 59 secundo
1475 1312 150 59 probatur
1587 1312 100 59 idem
1650 1312 137 59 propter
1737 1312 75 59 quid

1084 1352 142 62 etprimo
1188 1352 103 62 sic.
1252 1352 116 62 actio
1330 1352 116 62 circa
1407 1352 116 62 finem
1485 1352 142 62 vltimum
1588 1352 91 62 est
1627 1352 194 62 perfectissima

1083 1399 80 62 in
1123 1399 107 62 tali
1190 1399 147 62 actione
1296 1399 187 62 necessitas
1443 1399 80 62 in
1483 1399 134 62 agendo
1577 1399 94 62 est
1617 1399 187 62 perfectionis

1087 1434 98 71 ergo
1148 1434 172 71 necessitas
1283 1434 74 71 in
1320 1434 74 71 ea
1357 1434 86 71 non
1406 1434 135 71 tollit.
1504 1434 86 71 sed
1553 1434 110 71 magis
1627 1434 110 71 ponit
1701 1434 98 71 quod
1750 1434 61 71 est

1078 1490 255 57 perfectionis.
1288 1490 195 57 cuiusmodi
1438 1490 105 57 est
1499 1490 180 57 libertas
1634 1490 75 57 ⁋
1664 1490 180 57 Preterea

1091 1533 155 58 coditio
1203 1533 197 58 intrinseca
1358 1533 141 58 ipsius
1456 1533 169 58 potentie
1583 1533 98 58 vel
1639 1533 169 58 absolute
1752 1533 70 58 vel

1078 1568 82 71 in
1119 1568 136 71 ordine
1215 1568 82 71 ad
1255 1568 123 71 actum
1337 1568 177 71 perfectum
1473 1568 95 71 non
1528 1568 163 71 repugnat
1637 1568 177 71 perfectioni

1082 1614 81 68 in
1123 1614 176 68 operando.
1259 1614 108 68 nunc
1326 1614 122 68 autem
1408 1614 163 68 libertas
1530 1614 95 68 vel
1584 1614 95 68 est
1638 1614 163 68 conditio
1746 1614 68 68 in-

1081 1662 174 61 trinseca
1212 1662 203 61 voluntatis
1372 1662 174 61 absolute
1503 1662 102 61 vel
1561 1662 145 61 saltem
1663 1662 87 61 in
1692 1662 116 61 ordine

1085 1706 78 60 ad
1124 1706 118 60 actum
1203 1706 157 60 volendi.
1320 1706 131 60 igitur
1412 1706 105 60 ipsa
1477 1706 157 60 libertas
1595 1706 131 60 potest
1686 1706 118 60 stare
1752 1706 65 60 cum

1082 1748 175 59 conditione
1220 1748 150 59 perfecta
1333 1748 163 59 possibili
1458 1748 75 59 in
1495 1748 163 59 operando.
1620 1748 113 59 talis
1683 1748 125 59 conditio

1081 1786 84 69 est
1129 1786 179 69 necessitas.
1272 1786 72 69 et
1308 1786 179 69 specialiter
1452 1786 84 69 vbi
1500 1786 96 69 ipsa
1560 1786 84 69 est
1608 1786 179 69 possibilis.
1739 1786 60 69 est

1083 1831 119 67 autem
1162 1831 132 67 semper
1255 1831 185 67 possibilis
1401 1831 93 67 vbi
1454 1831 146 67 neutrum
1560 1831 159 67 extremum
1666 1831 132 67 requirit

1083 1884 212 52 contingentiam
1257 1884 75 52 in
1294 1884 174 52 operatione
1431 1884 100 52 quae
1494 1884 87 52 est
1543 1884 125 52 medium
1631 1884 112 52 inter
1693 1884 112 52 extrema

1079 1918 74 68 sic
1122 1918 74 68 est
1164 1918 63 68 in
1195 1918 148 68 proposito.
1311 1918 105 68 igitur
1385 1918 84 68 etc.
1438 1918 53 68 ⁋
1459 1918 95 68 Circa
1522 1918 126 68 secundum
1617 1918 116 68 dicitur
1701 1918 84 68 quod
1743 1918 53 68 cum

1074 1968 137 61 dicitur
1173 1968 174 61 voluntatem
1310 1968 174 61 necessario
1447 1968 125 61 velle.
1534 1968 174 61 necessitas
1671 1968 125 61 potest
1746 1968 50 61 de

1070 2016 202 62 terminare
1226 2016 140 62 actum
1319 2016 171 62 volendi
1443 2016 93 62 vt
1490 2016 217 62 terminatur
1660 2016 93 62 ad
1691 2016 109 62 obie-

1067 2062 118 60 ctum.
1145 2062 78 60 et
1185 2062 92 60 sic
1237 2062 92 60 est
1289 2062 118 60 verum
1368 2062 78 60 et
1407 2062 183 60 manifestum
1551 2062 209 60 intelligendo
1721 2062 78 60 de
1747 2062 52 60 bo

1075 2100 150 63 nitate
1180 2100 165 63 diuina.
1299 2100 105 63 Aut
1359 2100 150 63 potest
1464 2100 209 63 necessitas
1614 2100 179 63 determina-

1070 2148 88 65 re:
1121 2148 113 65 actum
1196 2148 75 65 vt
1233 2148 163 65 egreditur
1359 2148 63 65 a
1384 2148 175 65 voluntate.
1521 2148 75 65 et
1559 2148 88 65 hoc
1609 2148 125 65 potest
1684 2148 113 65 intelli

1067 2188 84 61 gi
1109 2188 210 61 duplicitur.
1277 2188 98 61 Uno
1333 2188 112 61 modo
1403 2188 84 61 vt
1446 2188 98 61 sit
1502 2188 196 61 necessitas
1656 2188 126 61 prima
1740 2188 84 61 ad

1066 2235 211 63 voluntatem.
1235 2235 85 63 et
1277 2235 169 63 voluntas
1404 2235 226 63 intelligatur
1588 2235 141 63 cadere
1686 2235 99 63 sub
1729 2235 70 63 ne-

1076 2278 163 58 cessitate
1202 2278 138 58 tamquam
1302 2278 176 58 impellente
1440 2278 75 58 in
1478 2278 113 58 actum
1553 2278 75 58 et
1591 2278 138 58 figente
1692 2278 75 58 in
1717 2278 75 58 actu

1070 2315 77 60 si
1109 2315 90 60 sic
1160 2315 115 60 esset
1237 2315 154 60 voluntas
1352 2315 154 60 ageretur
1467 2315 77 60 et
1505 2315 90 60 non
1557 2315 128 60 ageret
1646 2315 90 60 nec
1685 2315 102 60 staret

1060 2355 95 71 tin
1115 2355 108 71 tali
1182 2355 108 71 actu
1250 2355 162 71 libertas
1371 2355 108 71 alio
1439 2355 108 71 modo
1506 2355 216 71 intelligitur
1668 2355 122 71 necessi

1070 2408 91 61 tas
1122 2408 208 61 concomitans.
1291 2408 91 61 ita
1343 2408 104 61 quod
1408 2408 104 61 ipsa
1472 2408 208 61 intelligatur
1641 2408 130 61 cadere
1719 2408 65 61 sub

1071 2456 169 57 voluntate
1201 2456 91 57 sic
1253 2456 104 57 quod
1317 2456 156 57 voluntas
1434 2456 143 57 propter
1538 2456 181 57 firmitatem
1667 2456 117 57 liberta

1069 2500 101 61 tis
1126 2500 101 61 sue
1184 2500 173 61 sibiipsi
1314 2500 216 61 necessitate
1486 2500 158 61 imponit
1602 2500 86 61 in
1631 2500 158 61 eliciendo

1055 2547 160 54 actum.
1167 2547 96 54 et
1215 2547 96 54 in
1264 2547 257 54 perseuerando
1472 2547 128 54 siue
1552 2547 193 54 figendo.
1697 2547 96 54 se
1729 2547 64 54 in

1059 2583 134 79 actu.
1149 2583 90 79 et
1193 2583 119 79 ideo
1268 2583 239 79 concomitatur
1462 2583 104 79 eum
1522 2583 209 79 necessitas
1671 2583 119 79 nature
