2259 3086
445 215 142 65 veram.
544 215 185 65 videlicet
686 215 114 65 quod
757 215 114 65 tres
828 215 156 65 persone
942 215 142 65 diuine
1041 215 114 65 sunt
1098 215 71 65 vna

432 273 177 58 essentia
565 273 147 58 diuina
668 273 103 58 que
727 273 103 58 est
786 273 206 58 principium
948 273 192 58 creature.
1081 273 88 58 Ista

443 319 120 50 autem
522 319 106 50 tres
589 319 146 50 persone
695 319 106 50 sunt
762 319 106 50 vnum
828 319 133 50 creans
921 319 173 50 creaturam
1054 319 106 50 quod
1107 319 53 50 no

439 358 95 50 est
494 358 190 50 formaliter
643 358 136 50 diuina
738 358 163 50 essentia
860 358 95 50 est
915 358 204 50 simplicitur
1064 358 95 50 falsa

440 406 90 50 qui
492 406 116 50 illud
569 406 103 50 vnum
634 406 90 50 non
685 406 129 50 posset
776 406 103 50 esse
840 406 103 50 nisi
905 406 142 50 aliquae
1008 406 142 50 persona
1098 406 65 50 vel

434 457 127 46 aliqua
523 457 139 46 relatio
625 457 89 46 vel
675 457 190 46 constitutum
827 457 76 46 ex
865 457 127 46 diuina
954 457 152 46 essentia
1068 457 76 46 et
1094 457 63 46 spi

428 494 145 45 ratione
533 494 145 45 actiua.
639 494 79 45 et
679 494 185 45 quodcunque
824 494 145 45 illorum
930 494 145 45 daretur
1035 494 92 45 non
1075 494 79 45 erit

435 537 112 53 verum
509 537 136 53 dicere.
608 537 99 53 quod
670 537 99 53 tres
732 537 136 53 persone
832 537 99 53 sunt
894 537 124 53 ipsum.
980 537 112 53 sicut
1055 537 87 53 non
1092 537 62 53 est

434 584 121 57 verum
514 584 134 57 dicere
608 584 107 57 quod
675 584 107 57 tres
743 584 107 57 sunt
810 584 107 57 vnus
877 584 134 57 pater.
971 584 67 57 ⁋
998 584 81 57 Ad
1025 584 134 57 secundum

429 622 103 53 dico
493 622 103 53 quod
558 622 90 53 non
609 622 90 53 est
661 622 129 53 verum.
751 622 90 53 nec
802 622 90 53 est
853 622 154 53 intentio
969 622 90 53 ari
1021 622 103 53 quod
1072 622 90 53 actus

432 666 104 48 sunt
497 666 155 48 praecise
613 666 220 48 suppositorum.
795 666 91 48 sed
846 666 104 48 quod
911 666 117 48 omnes
989 666 117 48 actus
1053 666 104 48 reales

429 711 96 46 sunt
489 711 144 46 praecise
597 711 192 46 singularium.
753 711 72 46 et
789 711 132 46 concedo
886 711 96 46 quod
946 711 108 46 illud
1006 711 156 46 constitutum

443 754 104 55 vere
508 754 91 55 est
560 754 182 55 singulare.
703 754 143 55 quamuis
807 754 91 55 non
858 754 91 55 sit
910 754 182 55 formaliter
1040 754 117 55 aliquod

435 799 195 48 suppositum.
591 799 65 48 ⁋
617 799 78 48 Ad
656 799 143 48 tertium
760 799 104 48 dico
825 799 104 48 quod
890 799 130 48 quando
981 799 117 48 inter
1046 799 117 48 extrema

433 847 96 46 est
488 847 152 46 aliquod
599 847 138 46 medium
695 847 193 46 receptiuum
847 847 124 46 vnius
929 847 152 46 extremi
1040 847 83 46 et
1067 847 83 46 rece

434 887 105 57 ptum
499 887 78 57 in
539 887 131 57 altero
630 887 144 57 extremo
735 887 131 57 potest
826 887 144 57 concedi
931 887 105 57 quod
996 887 78 57 ex
1022 887 131 57 extremis

428 934 89 53 non
479 934 89 53 fit
530 934 101 53 vnum
593 934 152 53 praecise
707 934 89 53 non
757 934 190 53 concurrente
909 934 126 53 medio.
998 934 76 53 si
1036 934 114 53 autem
1099 934 63 53 sit

434 975 142 54 medium
533 975 142 54 aliquo
632 975 113 54 alio
703 975 113 54 modo
774 975 99 54 non
830 975 170 54 oportet.
958 975 113 54 Nunc
1029 975 127 54 autem
1099 975 57 54 po

427 1027 125 43 nendo
511 1027 112 43 quod
580 1027 167 43 spiratio
706 1027 139 43 actiua
804 1027 98 43 sit
859 1027 139 43 aliquo
957 1027 112 43 modo
1013 1027 153 43 posterior

430 1061 178 57 prnitate.
567 1061 96 57 non
622 1061 96 57 est
676 1061 109 57 tali
745 1061 109 57 modo
813 1061 191 57 posterior.
963 1061 82 57 et
1004 1061 109 57 ideo
1072 1061 96 57 non
1113 1061 55 57 ob

434 1106 127 49 stante
523 1106 102 49 quod
587 1106 115 49 esset
663 1106 127 49 aliquo
753 1106 102 49 modo
816 1106 178 49 posterior.
956 1106 89 49 sed
1007 1106 102 49 vere
1058 1106 102 49 aliquo

437 1154 101 53 modo
501 1154 165 53 constitue
628 1154 89 53 ret
678 1154 101 53 vnum
742 1154 89 53 cum
792 1154 127 53 diuina
881 1154 165 53 essentia.
1008 1154 139 53 quamuis
1097 1154 63 53 il-

436 1194 98 48 lud
492 1194 210 48 constitutum
660 1194 98 48 non
716 1194 224 48 constitueret
899 1194 210 48 paternitas.
1067 1194 84 48 et
1095 1194 70 48 hoc

434 1240 94 52 qui
487 1240 120 52 illud
567 1240 201 52 constitutum
728 1240 107 52 vere
795 1240 174 52 reperitur
929 1240 80 52 in
969 1240 134 52 aliquo
1062 1240 80 52 in
1089 1240 67 52 quo

434 1282 94 49 non
487 1282 161 49 repritur
608 1282 202 49 paternitas.
769 1282 175 49 videlicet
904 1282 81 49 in
944 1282 134 49 filio.
1038 1282 81 49 et
1065 1282 94 49 ipsum

432 1328 90 53 est
484 1328 142 53 aliquid
587 1328 155 53 realiter
703 1328 64 53 a
728 1328 90 53 quo
780 1328 116 53 tamen
857 1328 180 53 paternitas
999 1328 155 53 realiter
1102 1328 64 53 di-

438 1372 186 57 stinguitur
584 1372 67 57 ⁋
611 1372 133 57 Aliter
704 1372 147 57 deficit
811 1372 200 57 argumentum.
971 1372 107 57 quia
1024 1372 133 57 procedit

445 1414 73 49 ex
481 1414 110 49 falsa
555 1414 208 49 imaginatione.
726 1414 159 49 videlicet
848 1414 98 49 quod
909 1414 171 49 paternitas
1044 1414 86 49 sit
1080 1414 86 49 prior

432 1462 180 51 spiratione
573 1462 128 51 activa
663 1462 77 51 et
701 1462 90 51 non
753 1462 180 51 econuerso.
894 1462 103 51 quia
958 1462 154 51 spiratio
1060 1462 103 51 activa

437 1503 94 47 vno
490 1503 108 47 modo
558 1503 202 47 prioritatis
719 1503 94 47 est
773 1503 121 47 prior
854 1503 108 47 ipsa
921 1503 202 47 paternitate
1069 1503 81 47 sicu

436 1556 148 38 essentia
547 1556 87 38 est
596 1556 111 38 prior
671 1556 148 38 qualibet
782 1556 173 38 relatione.
918 1556 111 38 sicut
992 1556 99 38 enim
1041 1556 124 38 essentia

439 1589 77 48 est
483 1589 99 48 prior
549 1589 88 48 omni
604 1589 143 48 relatione
715 1589 154 48 prioritate
836 1589 177 48 communitatis
980 1589 77 48 vel
1013 1589 143 48 consequente

427 1636 97 49 qui
483 1636 167 49 sequitur
608 1636 181 49 quacumque
746 1636 181 49 relatione
885 1636 208 49 demonstrata
1052 1636 97 49 hec
1094 1636 69 49 re-

426 1683 110 52 latio
499 1683 85 52 est
548 1683 158 52 filiatio.
669 1683 97 52 ergo
730 1683 85 52 hec
779 1683 134 52 relatio
876 1683 85 52 est
925 1683 158 52 essentia.
1046 1683 73 52 et
1071 1683 85 52 tamen

430 1724 152 51 econuerso
547 1724 82 51 non
594 1724 140 51 sequitur
699 1724 187 51 consequentia
851 1724 140 51 formali.
956 1724 93 51 quia
1014 1724 82 51 non
1049 1724 117 51 sequitur

431 1771 182 53 formaliter.
576 1771 85 53 hec
625 1771 133 53 relatio
721 1771 85 53 est
770 1771 157 53 essentia.
891 1771 97 53 ergo
951 1771 85 53 est
1000 1771 133 53 filius.
1084 1771 73 53 quia

442 1820 165 51 paternitas
572 1820 83 51 est
619 1820 154 51 essentia.
738 1820 71 51 et
773 1820 106 51 tamen
844 1820 83 51 non
891 1820 83 51 est
938 1820 130 51 filius.
1033 1820 83 51 ita
1080 1820 83 51 est
1116 1820 47 51 de

436 1855 168 55 spiratione
568 1855 132 55 actiua.
664 1855 96 55 quia
724 1855 96 55 ipsa
784 1855 84 55 est
833 1855 108 55 prior
905 1855 180 55 paternitate
1049 1855 72 55 et
1073 1855 84 55 etiam

443 1899 146 49 filiatione
557 1899 146 49 prioritate
672 1899 125 49 cuiusdam
766 1899 167 49 communitatis
902 1899 63 49 et
934 1899 167 49 consequente.
1069 1899 84 49 quia
1111 1899 42 49 in

433 1946 177 53 quocumque
570 1946 95 53 est
624 1946 191 53 paternitas
774 1946 82 53 in
815 1946 123 53 eodem
897 1946 95 53 est
951 1946 164 53 spiratio
1061 1946 95 53 actio

433 1985 86 57 sed
482 1985 86 57 non
531 1985 159 57 ecouerso.
653 1985 73 57 et
689 1985 147 57 sequitur
799 1985 73 57 in
836 1985 86 57 hac
885 1985 134 57 persona
983 1985 86 57 est
1019 1985 147 57 paternitas

443 2033 109 54 ergo
512 2033 82 54 in
552 2033 95 54 hac
607 2033 150 54 persona
716 2033 95 54 est
771 2033 164 54 spiratio
893 2033 150 54 actiua.
1002 2033 82 54 et
1043 2033 95 54 non
1084 2033 82 54 econ

434 2076 133 46 uerso.
527 2076 80 46 et
567 2076 93 46 ita
620 2076 133 46 activa
713 2076 160 46 spiratio
833 2076 186 46 necessario
980 2076 93 46 est
1033 2076 120 46 prior
1100 2076 53 46 pa

438 2122 160 55 ternitate
561 2122 99 55 tali
623 2122 185 55 prioritate.
771 2122 74 55 et
807 2122 99 55 ideo
869 2122 123 55 posito
955 2122 99 55 quod
1017 2122 123 55 aliqua
1091 2122 74 55 alia

440 2165 187 50 prioritate
587 2165 147 50 prnitas
694 2165 120 50 esset
774 2165 120 50 prior
854 2165 187 50 spiratione
1001 2165 147 50 actiua.
1095 2165 67 50 ta-

433 2211 97 45 lis
489 2211 181 45 prioritas
628 2211 97 45 non
684 2211 167 45 obstaret
809 2211 111 45 quin
879 2211 167 45 spiratio
1004 2211 139 45 actiua
1087 2211 70 45 cum

439 2253 156 58 essentia
556 2253 130 58 diuina
647 2253 130 58 posset
738 2253 195 58 constituere
893 2253 143 58 aliquid
997 2253 91 58 per
1049 2253 78 58 se
1075 2253 91 58 vnum.

427 2303 79 51 ad
466 2303 119 51 cuius
546 2303 119 51 tamen
625 2303 238 51 constitutionem
824 2303 93 51 non
877 2303 172 51 concurrat
996 2303 172 51 paternitas.

436 2340 126 44 sicut
520 2340 98 44 tam
576 2340 168 44 essentia
702 2340 140 44 diuina
800 2340 112 44 quam
869 2340 168 44 spiratio
995 2340 140 44 actiua
1079 2340 84 44 vere

433 2381 121 56 sunt
509 2381 91 56 in
554 2381 136 56 filio
645 2381 91 56 in
690 2381 106 56 quo
751 2381 106 56 non
812 2381 106 56 est
872 2381 212 56 paternitas
1039 2381 121 56 tali
1099 2381 61 56 mo

438 2426 142 52 essendi
542 2426 91 52 in.
593 2426 78 52 vt
632 2426 104 52 vere
697 2426 142 52 dicatur
801 2426 104 52 quod
865 2426 129 52 filius
956 2426 91 52 est
995 2426 168 52 paternitas.

436 2470 112 61 sicut
510 2470 100 61 vere
573 2470 137 61 dicitur
673 2470 100 61 quod
735 2470 125 61 filius
822 2470 87 61 est
872 2470 150 61 essentia
985 2470 125 61 diuina
1072 2470 75 61 et
1097 2470 75 61 spi-

434 2513 113 53 ratio
510 2513 126 53 actiua
598 2513 63 53 ⁋
623 2513 76 53 Si
661 2513 139 53 dicatur
762 2513 101 53 quod
825 2513 76 53 ex
863 2513 101 53 isto
926 2513 151 53 sequitur
1039 2513 101 53 quod
1089 2513 76 53 sunt

446 2559 163 52 upposita
569 2559 163 52 quattuor
691 2559 81 52 in
732 2559 163 52 diuinis.
854 2559 109 52 quia
922 2559 122 52 tanta
1003 2559 95 52 est
1044 2559 122 52 distin-

433 2600 114 83 ctio
504 2600 128 83 iuter
589 2600 185 83 essentiam
731 2600 156 83 diuinam
845 2600 85 83 et
888 2600 213 83 spirationem
1044 2600 128 83 actiuam

1263 208 133 65 quanta
1356 208 93 65 est
1409 208 120 65 inter
1489 208 173 65 essentiam
1622 208 146 65 diuinam
1728 208 80 65 et
1768 208 200 65 spirationem
1914 208 67 65 pas

1268 269 127 56 siuam.
1357 269 89 56 vel
1408 269 114 56 inter
1483 269 165 56 essentiam
1610 269 139 56 diuinam
1711 269 76 56 et
1749 269 202 56 paternitate.
1901 269 76 56 ergo

1262 310 93 56 qua
1315 310 147 56 ratione
1422 310 200 56 constitutum
1581 310 107 56 vnum
1648 310 93 56 est
1701 310 186 56 suppositum
1848 310 80 56 et
1888 310 120 56 aliud

1272 360 77 55 et
1311 360 90 55 ita
1362 360 116 55 erunt
1439 360 141 55 quatuor
1542 360 64 55 ⁋
1567 360 167 55 Respondeo
1696 360 141 55 negando
1786 360 193 55 consequentiam

1260 404 100 52 quia
1322 404 137 52 quamuis
1421 404 112 52 tanta
1496 404 87 52 sit
1546 404 174 52 distinctio
1682 404 112 52 inter
1757 404 162 52 essentiam
1869 404 112 52 diuinam

1264 449 83 50 et
1306 449 207 50 spirationem
1471 449 165 50 actiuam.
1595 449 138 50 quanta
1692 449 96 50 est
1747 449 83 50 in
1788 449 96 50 ter
1829 449 152 50 essentiam

1266 495 149 46 diuinam
1374 495 81 46 et
1414 495 203 46 spirationem
1576 495 176 46 passiuam.
1711 495 95 46 vel
1765 495 122 46 inter
1833 495 149 46 essentiam

1257 535 147 52 diuinam
1363 535 80 52 et
1403 535 226 52 paternitatem.
1590 535 107 52 ipsa
1656 535 120 52 tamen
1736 535 186 52 paternitas
1869 535 107 52 distin

1261 579 118 51 guitur
1344 579 142 51 realiter
1450 579 59 51 a
1474 579 177 51 filiatione.
1615 579 83 51 nec
1662 579 83 51 est
1710 579 106 51 eadem
1780 579 142 51 realiter
1887 579 83 51 cum
1922 579 59 51 dua

1264 629 98 51 bus
1320 629 223 51 relationibus
1501 629 168 51 realiter
1627 629 209 51 distinctis.
1795 629 98 51 sed
1836 629 140 51 spiratio

1260 666 131 48 actiua
1351 666 92 48 est
1404 666 118 48 eadem
1482 666 157 48 realiter
1600 666 92 48 tam
1652 666 92 48 cum
1704 666 196 48 paternitate
1861 666 105 48 quam
1914 666 65 48 cum

1257 714 194 53 filiatione.
1412 714 78 53 et
1451 714 104 53 ideo
1516 714 91 53 non
1568 714 181 53 constituit
1710 714 181 53 suppositum
1840 714 142 53 distinctu

1261 761 74 51 ab
1298 761 99 51 eis.
1360 761 149 51 quameuis
1471 761 173 51 constituat
1607 761 136 51 aliquod
1707 761 99 51 vnum
1768 761 99 51 quod
1830 761 87 51 non
1880 761 87 51 est
1917 761 62 51 for

1257 795 147 60 maliter
1364 795 120 60 pater
1444 795 94 60 nec
1498 795 147 60 filius:
1605 795 120 60 sicut
1685 795 107 60 ipsa
1752 795 161 60 spiratio
1859 795 107 60 actiua

1248 848 107 50 non
1309 848 107 50 est
1370 848 214 50 formaliter
1538 848 107 50 nec
1600 848 214 50 paternitas
1768 848 107 50 nec
1814 848 153 50 filiatio

1255 890 130 54 Eodem
1341 890 116 54 modo
1414 890 116 54 quia
1486 890 174 54 spiratio
1616 890 159 54 passiua
1732 890 232 54 distinguitur
1906 890 72 54 rea

1251 930 116 49 liter
1328 930 64 49 a
1354 930 193 49 paternitate
1509 930 77 49 et
1548 930 193 49 filiatione.
1702 930 103 49 ideo
1767 930 180 49 constituit
1896 930 77 49 sup-

1258 973 152 55 positum
1369 973 166 55 realiter
1493 973 194 55 distinctum
1645 973 69 55 a
1673 973 138 55 duobus
1770 973 194 55 suppositis
1908 973 69 55 com

1259 1022 151 54 stitutis
1372 1022 88 54 per
1423 1022 201 54 paternitatem
1586 1022 75 54 et
1624 1022 201 54 filiationem.
1787 1022 88 54 sed
1837 1022 151 54 spiratio
1937 1022 38 54 a

1265 1071 121 46 ctiua
1345 1071 108 46 quia
1413 1071 148 46 differt
1521 1071 162 46 realiter
1642 1071 67 46 a
1669 1071 189 46 spiratione
1818 1071 148 46 passiua
1912 1071 54 46 et

1258 1104 96 56 non
1313 1104 220 56 distinguitur
1492 1104 165 56 realiter
1616 1104 69 56 a
1644 1104 206 56 paternitate
1809 1104 83 56 et
1836 1104 138 56 filiatio

1261 1158 99 46 ne.
1317 1158 113 46 ideo
1388 1158 198 46 constituit
1543 1158 99 46 duo
1600 1158 184 46 supposita
1741 1158 184 46 distincta
1882 1158 71 46 a
1896 1158 85 46 sup-

1259 1194 127 55 posito
1348 1194 178 55 constituto
1489 1194 89 55 per
1540 1194 191 55 spirationem
1693 1194 166 55 passiuam.
1820 1194 89 55 sed
1871 1194 89 55 non
1909 1194 64 55 co-

1256 1239 161 54 stitutum
1376 1239 161 54 realiter
1497 1239 188 54 distinctum
1645 1239 67 54 a
1672 1239 215 54 superpositis
1833 1239 148 54 constitu-

1261 1288 106 47 tis
1321 1288 226 47 paternitate
1502 1288 91 47 et
1548 1288 226 47 filiatione.
1729 1288 75 47 ⁋
1759 1288 91 47 Ad
1804 1288 166 47 quartum
1910 1288 91 47 dico

1261 1328 89 55 quod
1317 1328 112 55 potest
1395 1328 123 55 concedi
1484 1328 89 55 quod
1540 1328 78 55 tam
1585 1328 101 55 pater
1652 1328 89 55 quam
1708 1328 112 55 filius
1786 1328 112 55 spirat
1864 1328 67 55 Et
1887 1328 89 55 quando

1261 1377 141 50 dicitur:
1367 1377 94 50 quod
1425 1377 117 50 dictum
1507 1377 94 50 fuit
1566 1377 94 50 quod
1625 1377 105 50 talia
1695 1377 141 50 vocabula
1800 1377 82 50 non
1835 1377 141 50 praedican-

1246 1413 97 54 tur
1301 1413 111 54 nisi
1371 1413 83 54 de
1412 1413 124 54 illis
1495 1413 138 54 quibus
1592 1413 180 54 immediate
1730 1413 207 54 conueniunt.
1882 1413 97 54 Dicen

1256 1460 91 53 dum
1308 1460 104 53 quod
1373 1460 104 53 fuit
1438 1460 143 53 dictum:
1541 1460 104 53 quod
1606 1460 117 53 talia
1684 1460 143 53 denotat
1775 1460 194 53 distinctionem

1257 1505 130 53 realem.
1352 1505 71 53 et
1387 1505 95 53 ideo
1446 1505 130 53 propter
1541 1505 130 53 aliquid
1635 1505 71 53 de
1671 1505 83 53 quo
1718 1505 189 53 praedicantur
1872 1505 95 53 quod
1919 1505 59 53 non

1252 1543 98 55 est
1308 1543 197 55 formaliter
1463 1543 140 55 aliud:
1561 1543 98 55 nec
1617 1543 126 55 ipsum
1701 1543 197 55 constituit
1856 1543 98 55 nec
1898 1543 84 55 ecom

1261 1594 118 51 uerso.
1344 1594 83 51 non
1391 1594 130 51 possunt
1485 1594 130 51 inferri
1580 1594 94 51 tali
1639 1594 165 51 competere.
1768 1594 94 51 quia
1827 1594 118 51 dictum
1898 1594 71 51 fuit

1249 1635 101 56 quod
1313 1635 114 56 nihil
1388 1635 139 56 dicitur
1490 1635 101 56 esse
1553 1635 101 56 idem
1616 1635 89 56 vel
1667 1635 152 56 diuersum
1781 1635 76 56 ab
1819 1635 101 56 alio
1869 1635 114 56 propter

1260 1683 134 52 aliquid
1357 1683 97 52 sibi
1418 1683 195 52 extrinsecum.
1576 1683 170 52 Ueruntamen
1710 1683 110 52 sicut
1783 1683 134 52 aliquid
1868 1683 110 52 dicitur

1261 1732 183 51 distingui
1402 1732 84 51 ab
1444 1732 113 51 alio
1514 1732 155 51 propter
1627 1732 155 51 aliquod
1740 1732 113 51 sibi
1796 1732 183 51 intrinsecum

1253 1767 107 49 quod
1320 1767 214 49 distinguitur
1494 1767 80 49 ab
1534 1767 121 49 illo.
1614 1767 94 49 ita
1668 1767 121 49 talia
1748 1767 161 49 vocabula
1855 1767 121 49 ratione

1251 1811 163 47 intrinseci
1379 1811 128 47 possunt
1473 1811 93 47 sibi
1531 1811 163 47 competere.
1659 1811 70 47 et
1694 1811 93 47 ideo
1752 1811 93 47 quia
1810 1811 93 47 tale
1857 1811 116 47 constitu

1252 1857 82 51 tum
1299 1857 82 51 est
1346 1857 177 51 intrinsecum
1488 1857 82 51 tam
1535 1857 106 51 patri
1605 1857 94 51 quam
1664 1857 118 51 filio.
1746 1857 82 51 ita
1794 1857 94 51 quod
1841 1857 129 51 constitui

1260 1902 86 53 cum
1309 1902 197 53 relationibus
1469 1902 160 53 oppositis
1592 1902 86 53 tam
1641 1902 123 53 patrem
1727 1902 98 53 quam
1789 1902 135 53 filium:
1875 1902 98 53 potest

1254 1952 135 45 concedi
1352 1952 98 45 quod
1414 1952 98 45 quia
1475 1952 111 45 illud
1549 1952 184 45 constitutum
1696 1952 111 45 primo
1770 1952 135 45 spirat.
1868 1952 98 45 quia
1918 1952 61 45 tam

1254 1985 111 61 pater
1328 1985 99 61 quam
1389 1985 123 61 filius
1476 1985 123 61 spirat
1562 1985 86 61 per
1611 1985 74 61 se
1648 1985 136 61 quamuis
1747 1985 86 61 non
1796 1985 123 61 primo.
1882 1985 86 61 Non
1919 1985 62 61 sic

1260 2036 110 46 autem
1333 2036 85 46 est
1382 2036 73 46 de
1418 2036 158 46 essentia.
1540 2036 97 46 quia
1601 2036 110 46 pater
1674 2036 85 46 non
1722 2036 170 46 constituit
1844 2036 134 46 essentiam

1246 2084 95 48 sed
1301 2084 122 48 magis
1382 2084 189 48 econuerso.
1530 2084 81 48 et
1571 2084 108 48 ideo
1638 2084 81 48 ex
1679 2084 95 48 hoc
1733 2084 108 48 quod
1800 2084 122 48 pater
1868 2084 108 48 spirat

1257 2123 89 58 non
1308 2123 127 58 potest
1397 2123 140 58 inferri
1499 2123 178 58 formaliter
1638 2123 102 58 quod
1702 2123 152 58 essentia
1816 2123 127 58 spirat
1905 2123 63 58 ⁋
1930 2123 76 58 Ad

1262 2167 128 55 primum
1352 2167 179 55 principale
1493 2167 102 55 dico
1557 2167 102 55 quod
1621 2167 141 55 aliquis
1723 2167 154 55 terminus
1838 2167 77 55 in
1864 2167 115 55 diuinis

1250 2220 97 42 non
1305 2220 166 42 supponit
1430 2220 124 42 primo
1513 2220 97 42 pro
1568 2220 180 42 essentia:
1706 2220 97 42 nec
1761 2220 97 42 pro
1816 2220 152 42 persona
1913 2220 69 42 nec

1254 2259 86 51 pro
1303 2259 171 51 relatione.
1437 2259 86 51 sed
1486 2259 86 51 pro
1535 2259 122 51 aliquo
1621 2259 171 51 constituto
1755 2259 73 51 ex
1792 2259 147 51 essentia
1902 2259 73 51 et
1926 2259 49 51 re

1252 2299 132 49 latione
1348 2299 84 49 ita
1396 2299 96 49 quod
1456 2299 84 49 non
1504 2299 84 49 est
1552 2299 168 49 formaliter
1685 2299 120 49 aliqua
1769 2299 144 49 persona:
1865 2299 108 49 quamuis

1255 2342 77 52 sit
1299 2342 133 52 realiter
1399 2342 77 52 due
1443 2342 133 52 persone.
1542 2342 66 52 et
1575 2342 88 52 ideo
1631 2342 66 52 in
1664 2342 88 52 ista
1719 2342 188 52 propositione.
1874 2342 99 52 pater
1929 2342 44 52 et

1259 2389 103 47 filius
1331 2389 82 47 sunt
1382 2389 82 47 vnum
1433 2389 144 47 principium
1546 2389 113 47 spirans
1628 2389 123 47 spiritus
1721 2389 113 47 sanctus
1803 2389 154 47 praedicatum
1916 2389 51 47 non

1248 2428 162 48 supponit
1369 2428 94 48 pro
1423 2428 162 48 essentia
1544 2428 94 48 nec
1598 2428 94 48 pro
1651 2428 148 48 persona
1759 2428 94 48 nec
1813 2428 94 48 pro
1853 2428 108 48 relati

1245 2469 92 61 one
1297 2469 131 61 primo.
1389 2469 92 61 sed
1441 2469 92 61 pro
1493 2469 92 61 vno
1546 2469 183 61 constituto
1689 2469 105 61 quod
1755 2469 92 61 est
1807 2469 157 61 realiter
1912 2469 52 61 pa

1261 2506 84 64 ter
1309 2506 72 64 et
1345 2506 120 64 filius
1429 2506 132 64 quamuis
1525 2506 84 64 non
1573 2506 180 64 formaliter.
1718 2506 60 64 ⁋
1742 2506 72 64 Ex
1778 2506 96 64 isto
1838 2506 108 64 patet
1898 2506 72 64 quod

1257 2556 118 61 aliter
1340 2556 118 61 potest
1423 2556 95 61 ista
1482 2556 177 61 verificari.
1624 2556 95 61 deus
1683 2556 130 61 spirat.
1778 2556 95 61 quam
1837 2556 106 61 ista.
1896 2556 71 61 deus

1249 2604 144 62 creat.
1350 2604 101 62 vel
1407 2604 115 62 deus
1479 2604 173 62 generat.
1609 2604 115 62 quia
1681 2604 87 62 in
1724 2604 115 62 ista
1797 2604 115 62 deus
1854 2604 130 62 spirat.
