2282 3074
279 203 160 67 praecise
399 203 133 67 amorem
492 203 173 67 communem.
625 203 93 67 nec
678 203 146 67 precise
785 203 146 67 aliquam
878 203 133 67 personam

286 259 102 45 vel
345 259 218 45 relationem.
519 259 102 45 nec
577 259 189 45 importans
722 259 160 45 aliquid
839 259 73 45 a
868 259 131 45 parte
940 259 73 45 rei

294 305 175 48 quocumque
428 305 108 48 modo
495 305 202 48 dinstinctum
657 305 67 48 a
684 305 188 48 praedictis
832 305 108 48 siue
899 305 67 48 a
913 305 94 48 parte

284 347 77 53 rei
328 347 88 53 siue
383 347 132 53 secundum
481 347 143 53 rationem.
591 347 77 53 sed
635 347 132 53 importat
734 347 99 53 ipsum
800 347 110 53 amorem
876 347 132 53 communem
964 347 44 53 et

279 387 167 60 diuinas
400 387 182 60 personas
537 387 137 60 amore
628 387 167 60 communi
749 387 137 60 mutuo
840 387 91 60 se
870 387 137 60 diligen

276 432 116 44 tes.
349 432 87 44 et
393 432 87 44 si
437 432 102 44 non
495 432 131 44 mutuo
582 432 87 44 se
626 432 204 44 diligerent
786 432 131 44 nullo
873 432 116 44 modo
931 432 73 44 eet

281 477 112 60 amor
351 477 182 60 iocundus.
491 477 84 60 Et
533 477 112 60 isto
603 477 112 60 modo
674 477 196 60 intelligit
828 477 126 60 Rich.
898 477 112 60 quando

278 517 124 61 dicit
361 517 110 61 Amor
430 517 97 61 non
485 517 138 61 potest
582 517 110 61 esse
651 517 166 61 iocundus
775 517 110 61 nisi
844 517 97 61 cum
886 517 110 61 fuerit

270 565 175 57 mutuus.
397 565 95 57 Et
445 565 95 57 vt
493 565 143 57 alias
588 565 159 57 dicit.
699 565 95 57 in
747 565 143 57 amore
842 565 143 57 mutuo
922 565 79 57 mul

278 606 128 49 tumque
368 606 154 49 feruente
483 606 115 49 nihil
560 606 192 49 praeclarius
713 606 102 49 quam
777 606 77 49 ab
816 606 77 49 eo
854 606 102 49 quod
905 606 90 49 summe

272 651 155 59 diligis
385 651 85 59 et
427 651 71 59 a
455 651 99 59 quo
512 651 127 59 summe
597 651 184 59 diligeris
738 651 127 59 alium
823 651 113 59 eque
879 651 113 59 diligi

277 695 139 61 velis.
374 695 97 61 non
430 695 111 61 quod
499 695 97 61 sit
554 695 152 61 aliquis
665 695 111 61 amor
735 695 139 61 mutuus
832 695 166 61 iocundus
943 695 55 61 et

273 738 146 65 feruens.
382 738 85 65 qui
431 738 85 65 sit
479 738 170 65 principium
613 738 170 65 elicitiuum
746 738 85 65 vel
795 738 121 65 aliquo
880 738 97 65 modo
928 738 61 65 pre

268 787 95 54 uius.
332 787 126 54 spiritus
426 787 116 54 sanctus
511 787 95 54 quasi
574 787 158 54 superueniat
700 787 95 54 amori
763 787 116 54 communi
848 787 63 54 et
869 787 126 54 essentiali

270 834 116 55 quasi
348 834 103 55 ille
412 834 103 55 amor
477 834 155 55 communis
593 834 77 55 et
632 834 194 55 essentialis
786 834 90 55 non
838 834 90 55 sit
877 834 116 55 feruens

263 866 79 66 et
302 866 172 66 iocundus.
434 866 92 66 sed
487 866 119 66 quasi
566 866 145 66 tepidus
672 866 79 66 et
712 866 158 66 remissus
831 866 92 66 vel
870 866 119 66 imperfe

272 917 121 60 ctus.
352 917 94 60 sed
406 917 108 60 quod
474 917 108 60 amor
541 917 202 60 essentialis
703 917 94 60 quo
757 917 121 60 mutuo
837 917 81 60 se
864 917 135 60 diligunt

269 964 102 44 pater
337 964 68 44 et
371 964 125 44 filius.
461 964 91 44 nisi
518 964 102 44 esset
586 964 113 44 mutuus
666 964 79 44 non
711 964 102 44 esset
779 964 136 44 iocundus
881 964 68 44 et
904 964 79 44 perfe

276 1009 109 41 ctus.
348 1009 97 41 quia
409 1009 97 41 nisi
469 1009 109 41 esset
542 1009 121 41 mutuus
626 1009 85 41 non
675 1009 109 41 esset
747 1009 181 41 essentialis
892 1009 85 41 nec
929 1009 60 41 in-

266 1045 155 51 finitus.
382 1045 77 51 et
421 1045 103 51 ideo
486 1045 90 51 est
537 1045 194 51 impossibile
692 1045 129 51 ponere
782 1045 142 51 aliquem
873 1045 116 51 amorem:

269 1093 97 50 quo
325 1093 125 50 pater
408 1093 152 50 diligat
518 1093 138 50 filium
615 1093 97 50 vel
671 1093 194 50 econuerso.
823 1093 111 50 nisi
878 1093 111 50 amorem

263 1141 158 44 commnem
378 1141 158 44 tribus:
493 1141 101 44 quo
551 1141 130 44 amore
637 1141 115 44 omns
709 1141 115 44 tres
781 1141 158 44 persone
882 1141 101 44 mutuo

276 1185 59 54 le
306 1185 128 54 diligunt.
404 1185 79 54 vdet
453 1185 118 54 spiritus
541 1185 108 54 sanctus
620 1185 69 54 quo
659 1185 88 54 pater
718 1185 59 54 et
747 1185 98 54 filius
816 1185 59 54 se
846 1185 128 54 diligunt.
934 1185 49 54 si-

267 1227 87 58 cut
316 1227 124 58 beatus
403 1227 186 58 augustinus.
551 1227 87 58 vi.
601 1227 99 58 tri.
662 1227 148 58 Qualiter
774 1227 111 58 tamen
848 1227 87 58 hoc
897 1227 87 58 sit
935 1227 49 58 in

271 1270 218 47 telligendum
446 1270 145 47 postea
548 1270 174 47 patebit.
707 1270 87 47 Et
751 1270 87 47 si
795 1270 189 47 queratur.
925 1270 73 47 qua

273 1317 73 54 re
309 1317 98 54 tunc
370 1317 146 54 spiritus
480 1317 134 54 sanctus
578 1317 85 54 non
626 1317 146 54 producit
736 1317 134 54 aliquam
834 1317 158 54 personam.
943 1317 49 54 ex

281 1363 75 45 quo
324 1363 96 45 mutuo
388 1363 64 45 et
420 1363 106 45 fimius
494 1363 128 45 spiritus
590 1363 117 45 sanctus
675 1363 64 45 se
707 1363 138 45 diligunt.
814 1363 96 45 sicut
878 1363 64 45 pr
909 1363 64 45 et
931 1363 53 45 fi-

275 1404 86 58 ius.
329 1404 86 58 quia
383 1404 97 58 mutuo
448 1404 65 58 se
480 1404 130 58 diligunt
578 1404 140 58 productum
685 1404 130 58 spiritum
783 1404 130 58 sanctum.
901 1404 65 58 Ad
923 1404 54 58 hoc

270 1447 161 56 respondeo
393 1447 99 56 quod
455 1447 111 56 causa
529 1447 87 56 est
579 1447 99 56 mihi
641 1447 136 56 ignota.
740 1447 74 56 et
777 1447 87 56 est
826 1447 99 56 mihi
876 1447 111 56 probabi

259 1487 79 66 le:
304 1487 90 66 quod
360 1487 101 66 nulla
427 1487 79 66 est
472 1487 101 66 causa
540 1487 90 66 nisi
596 1487 90 66 quia
652 1487 90 66 deus
708 1487 79 66 est
753 1487 90 66 tres
809 1487 124 66 persone
899 1487 67 66 et
922 1487 56 66 vna

266 1541 145 54 essentia.
377 1541 67 54 et
411 1541 89 54 ideo
466 1541 134 54 quaerere
566 1541 111 54 causam
644 1541 78 54 vbi
689 1541 78 54 non
733 1541 78 54 est
778 1541 100 54 causa
844 1541 78 54 est
878 1541 111 54 frustra.

265 1581 74 55 et
302 1581 111 55 velle
376 1581 160 55 assignare
499 1581 148 55 rationem
610 1581 86 55 vbi
659 1581 111 55 nulla
733 1581 99 55 est:
795 1581 99 55 nisi
857 1581 99 55 quia
906 1581 74 55 natu

272 1624 68 60 ra
306 1624 79 60 rei
351 1624 101 60 talis
418 1624 90 60 est:
475 1624 79 60 est
520 1624 158 60 inutiliter
644 1624 101 60 niti.
734 1624 79 60 Sed
779 1624 68 60 si
813 1624 135 60 quaratur
903 1624 79 60 quare

258 1661 97 56 ergo
319 1661 110 56 ponis
392 1661 97 56 quod
453 1661 110 56 pater
526 1661 73 56 et
562 1661 122 56 filius
648 1661 97 56 quia
709 1661 146 56 diligunt
818 1661 73 56 se
855 1661 110 56 mutuo
916 1661 73 56 pro-

268 1712 73 58 ducum
317 1712 98 58 spiritus
390 1712 90 58 sanctus
455 1712 49 58 et
480 1712 57 58 non
512 1712 73 58 ponis
561 1712 65 58 quod
602 1712 73 58 pater
651 1712 49 58 et
675 1712 90 58 filius.
741 1712 41 58 e
757 1712 98 58 spiritus
830 1712 90 58 sanctus
895 1712 65 58 quia
928 1712 57 58 dili-

262 1748 119 55 gnnt
336 1748 89 55 se
381 1748 133 55 mutuo
470 1748 178 55 producut
603 1748 133 55 aliam
692 1748 193 55 personam.
870 1748 89 55 Ad
900 1748 74 55 hoc

259 1800 190 47 respondeo
406 1800 103 47 non
464 1800 161 47 curando
582 1800 117 47 modo
655 1800 88 47 de
699 1800 161 47 logiea.
816 1800 88 47 An
860 1800 103 47 hec
904 1800 73 47 sit

257 1841 82 54 de
298 1841 151 54 virtute
408 1841 164 54 sermonis
531 1841 205 54 concedenda.
695 1841 123 54 pater
778 1841 82 54 et
819 1841 137 54 filius
901 1841 82 54 quia

257 1888 134 55 diligunt
357 1888 67 55 se
390 1888 100 55 mutuo
457 1888 134 55 producum
557 1888 134 55 spiritus
657 1888 122 55 sanctus
746 1888 89 55 quad
802 1888 100 55 forte
869 1888 67 55 de
891 1888 89 55 virtu-

248 1925 81 62 te
289 1925 162 62 sermonis
411 1925 95 62 non
465 1925 95 62 est
519 1925 203 62 concedenda.
681 1925 108 62 quia
748 1925 122 62 forte
829 1925 81 62 de
856 1925 122 62 virtute

256 1973 179 60 sermonis
390 1973 89 60 ad
435 1973 194 60 veritatem
584 1973 179 60 causalis
718 1973 194 60 composite
867 1973 89 60 ex
897 1973 74 60 pro

249 2017 246 60 positionibus
449 2017 246 60 cathegoricis
649 2017 123 60 pure
726 2017 231 60 affirmatiue
895 2017 77 60 re-

268 2065 105 53 quiritur
347 2065 70 53 quod
390 2065 131 53 praedicatum
495 2065 96 53 secunde
565 2065 148 53 propositionis
686 2065 122 53 praediceut
782 2065 148 53 vniversaliter
904 2065 52 53 de
922 2065 52 53 pri-

254 2104 109 57 dicato
331 2104 98 57 prime
396 2104 197 57 propositionis:
560 2104 87 57 quod
615 2104 76 57 non
658 2104 76 57 est
702 2104 98 57 verum
767 2104 66 57 in
800 2104 153 57 proposito.
909 2104 66 57 quia

250 2145 75 62 hec
293 2145 75 62 non
336 2145 75 62 est
379 2145 96 62 vera.
443 2145 139 62 quecumque
550 2145 129 62 diligunt
647 2145 64 62 se
679 2145 96 62 mutus
743 2145 129 62 spiritus
839 2145 118 62 sanctus
914 2145 54 62 pro

247 2196 159 50 ducunt.
362 2196 130 50 Tamen
449 2196 174 50 realiter
579 2196 174 50 loquendo
710 2196 101 50 sub
767 2196 116 50 bono
825 2196 145 50 intelle-

257 2237 76 57 ctu
301 2237 174 57 intelligendo
442 2237 185 57 propositionem
594 2237 109 57 istam.
670 2237 76 57 pri
713 2237 65 57 et
746 2237 109 57 filius
822 2237 87 57 quia
865 2237 109 57 diligunt

257 2279 65 62 se
290 2279 97 62 mutuo
354 2279 129 62 producum
451 2279 129 62 spiritus
548 2279 119 62 sanctis
635 2279 86 62 dico
689 2279 86 62 quod
743 2279 97 62 istam
807 2279 119 62 concedo
894 2279 75 62 sub
926 2279 43 62 bo

252 2328 93 50 non
305 2328 199 50 intellectu.
464 2328 106 50 quia
530 2328 172 50 expressum
662 2328 93 50 est
715 2328 66 50 a
742 2328 238 50 determinatione
927 2328 53 50 eo

260 2369 125 56 clesie.
351 2369 68 56 et
385 2369 68 56 ex
419 2369 148 56 scriptura
533 2369 114 56 sacra.
613 2369 68 56 et
647 2369 217 56 propositionibus
830 2369 80 56 per
875 2369 68 56 se
898 2369 80 56 notis

252 2414 119 61 satis
331 2414 133 61 potest
424 2414 146 61 haberi.
530 2414 106 61 Alia
596 2414 119 61 autem
676 2414 119 61 satis
756 2414 93 61 est
809 2414 80 61 in
835 2414 146 61 scriptura

247 2462 131 49 sacra
335 2462 161 49 negata.
452 2462 117 49 quia
525 2462 88 49 ex
568 2462 190 49 scriptura
714 2462 131 49 sacra
802 2462 161 49 habetur
904 2462 73 49 ma-

257 2508 140 55 nifeste
359 2508 102 55 quod
423 2508 89 55 non
473 2508 102 55 sunt
537 2508 102 55 nisi
601 2508 102 55 tres
664 2508 140 55 persone
766 2508 76 55 in
804 2508 153 55 diuinis.
906 2508 76 55 Con-

258 2549 138 63 gruentie
362 2549 104 63 tamen
432 2549 69 63 ad
466 2549 81 63 hoc
512 2549 127 63 possunt
605 2549 150 63 inueniri.
720 2549 69 63 de
755 2549 115 63 quibus
836 2549 69 63 ad
859 2549 115 63 praesens

244 2599 205 70 lupersedeo.
436 2599 96 70 Sic
491 2599 109 70 ergo
559 2599 109 70 dico
627 2599 164 70 breuiter
750 2599 150 70 quantum
860 2599 82 70 ad
887 2599 96 70 istum

1109 220 65 64 a
1135 220 156 64 rticulum
1252 220 104 64 quod
1317 220 156 64 voluntas
1434 220 78 64 in
1473 220 143 64 diuinis
1576 220 91 64 est
1628 220 143 64 concors
1732 220 78 64 et
1758 220 65 64 mu-

1109 266 105 66 tua.
1175 266 79 66 et
1214 266 92 66 est
1267 266 92 66 ibi
1319 266 105 66 amor
1385 266 145 66 feruens
1490 266 184 66 incentiuus
1635 266 158 66 iocundus
1753 266 79 66 et
1779 266 53 66 mu

1104 308 119 66 tuus.
1183 308 79 66 et
1222 308 92 66 sic
1275 308 79 66 de
1314 308 132 66 aliis.
1407 308 92 66 sed
1459 308 119 66 talia
1538 308 132 66 nomina
1631 308 119 66 nihil
1696 308 132 66 ymagina-

1112 355 90 62 bile
1168 355 146 62 important
1280 355 124 62 praeter
1370 355 112 62 amorem
1449 355 135 62 communem
1550 355 90 62 quae
1606 355 79 62 non
1651 355 90 62 plus
1696 355 124 62 distingui

1100 400 96 68 tur
1155 400 82 68 ab
1196 400 164 68 essentia
1319 400 150 68 diuina:
1428 400 109 68 quam
1497 400 164 68 essentia
1620 400 137 68 diuina
1702 400 123 68 distin-

1103 443 136 56 guitur
1198 443 81 56 ab
1239 443 163 56 essentia
1361 443 136 56 diuina
1456 443 81 56 et
1497 443 108 56 tres
1564 443 163 56 personas
1686 443 81 56 et
1714 443 108 56 relati

1097 495 123 56 ones.
1179 495 82 56 et
1220 495 109 56 vnum
1289 495 205 56 constitutum
1453 495 82 56 ex
1494 495 137 56 diuina
1590 495 164 56 essentia
1713 495 82 56 et
1740 495 82 56 spi-

1107 535 144 57 ratione
1212 535 131 57 actiua
1303 535 118 57 sicut
1381 535 105 57 isti
1447 535 209 57 ymaginantur.
1617 535 92 57 sed
1669 535 118 57 talia
1734 535 92 57 voca-

1098 568 107 67 bula
1165 568 134 67 aliqua
1259 568 175 67 important
1393 568 134 67 amorem
1487 568 161 67 communem
1608 568 188 67 connotando
1742 568 81 67 ali-

1104 625 106 56 quas
1170 625 158 56 personas
1289 625 92 56 vel
1342 625 145 56 aliquid
1447 625 225 56 praedictorum.
1659 625 119 56 Circa
1725 625 92 56 secum

1099 661 95 60 dum
1154 661 176 60 articulum
1289 661 190 60 principale
1438 661 122 60 dico:
1519 661 108 60 quod
1587 661 81 60 de
1627 661 149 60 virtute
1722 661 95 60 sermo

1093 712 82 55 nis
1140 712 129 55 vtraque
1234 712 129 55 istarum
1328 712 82 55 est
1374 712 152 55 simplicit
1492 712 117 55 falsa.
1574 712 105 55 pater
1644 712 70 55 et
1679 712 117 55 filius
1749 712 59 55 spi

1106 758 55 49 aum
1138 758 94 49 spiritus
1208 758 86 49 sanctus
1271 758 47 49 en
1294 758 94 49 iquantum
1365 758 63 49 sunt
1404 758 71 49 vnum.
1451 758 55 49 pri
1483 758 47 49 et
1506 758 78 49 filius
1561 758 78 49 spiran
1616 758 94 49 spiritus
1687 758 86 49 sanctis
1749 758 47 49 in
1765 758 47 49 quan

1093 793 80 70 tum
1138 793 92 70 sunt
1196 793 160 70 distincti.
1322 793 69 70 et
1356 793 80 70 hoc
1402 793 137 70 secundum
1505 793 92 70 quod
1562 793 80 70 hic
1608 793 149 70 inquantum
1711 793 103 70 tenetur

1089 845 268 56 reduplicatiue.
1343 845 89 56 Ad
1387 845 134 56 cuius
1477 845 209 56 intellectu
1626 845 179 56 consideran

1095 879 76 67 da
1133 879 89 67 est
1184 879 127 67 natura
1273 879 215 67 propositionum
1450 879 266 67 reduplicatiuarum.
1678 879 114 67 Circa
1741 879 76 67 quod

1086 928 152 66 sciendum
1200 928 101 66 quod
1264 928 76 66 in
1302 928 165 66 quaelibet
1429 928 216 66 reduplicatiua
1606 928 89 66 est
1657 928 139 66 aliquod
1746 928 63 66 sub

1095 969 120 68 iectum
1179 969 168 68 principale
1310 969 72 68 et
1346 969 132 68 aliquod
1442 969 179 68 praedicatum
1586 969 179 68 principale.
1729 969 72 68 et
1753 969 60 68 ali

1092 1022 100 57 quod
1155 1022 113 57 super
1231 1022 100 57 quod
1293 1022 113 57 cadit
1369 1022 214 57 reduplicatio.
1545 1022 113 57 Uerbi
1620 1022 138 57 gratia.
1721 1022 100 57 homo
1771 1022 50 57 in

1094 1068 122 58 quantum
1183 1068 111 58 animal
1261 1068 78 58 est
1305 1068 167 58 sensibilis.
1439 1068 89 58 homo
1494 1068 78 58 est
1539 1068 145 58 subiectum
1650 1068 156 58 principale
1761 1068 45 58 et

1093 1116 151 51 sensibile
1210 1116 174 51 praedicatum
1349 1116 174 51 principale.
1489 1116 93 51 quia
1547 1116 93 51 sunt
1605 1116 151 51 subiectum
1721 1116 70 51 et
1744 1116 70 51 prim

1082 1145 122 64 dicatum
1170 1145 66 64 in
1203 1145 177 64 propositione
1347 1145 166 64 praiacente.
1480 1145 99 64 sicut
1546 1145 66 64 in
1579 1145 88 64 ista
1634 1145 88 64 homo
1689 1145 77 64 est
1723 1145 88 64 sensi-

1080 1189 131 58 bilis.
1171 1189 104 58 quae
1237 1189 91 58 est
1289 1189 183 58 praeiacens
1432 1189 131 58 dempta
1524 1189 248 58 reduplicatione.
1720 1189 91 58 sicut

1080 1241 109 52 ista
1149 1241 109 52 homo
1217 1241 137 52 currit
1313 1241 82 52 in
1354 1241 96 52 qua
1408 1241 96 52 non
1463 1241 96 52 est
1518 1241 137 52 dictio
1614 1241 178 52 exclusiua
1737 1241 68 52 est

1096 1276 148 71 praiacens
1210 1276 114 71 istius
1290 1276 160 71 exclusiue.
1415 1276 114 71 tantum
1495 1276 91 71 homo
1552 1276 126 71 currit.
1644 1276 103 71 illud
1712 1276 103 71 autem
1769 1276 46 71 su

1091 1331 101 55 per
1148 1331 115 55 quod
1220 1331 129 55 cadit
1306 1331 230 55 reduplicatio
1493 1331 101 55 est
1551 1331 158 55 animal.
1695 1331 115 55 Isto
1752 1331 72 55 sup

1089 1378 120 55 posito
1173 1378 144 55 sciendum
1281 1378 84 55 est
1329 1378 96 55 quod
1389 1378 156 55 aliquando
1508 1378 204 55 reduplicatiua
1676 1378 84 55 est
1712 1378 84 55 affi-

1089 1420 125 62 matiua
1176 1420 75 62 et
1214 1420 163 62 aliquando
1339 1420 88 62 est
1389 1420 163 62 negatiua.
1514 1420 75 62 et
1551 1420 100 62 ideo
1614 1420 113 62 primo
1676 1420 125 62 videndum

1080 1463 85 62 est
1128 1463 73 62 de
1165 1463 231 62 propositionibus
1359 1463 73 62 in
1395 1463 121 62 quibus
1480 1463 85 62 est
1529 1463 194 62 reduplicatio
1675 1463 133 62 affirmata

1086 1501 128 61 ecundo
1176 1501 77 61 de
1214 1501 115 61 illis
1291 1501 77 61 in
1329 1501 128 61 quibus
1418 1501 89 61 est
1469 1501 140 61 negata.
1571 1501 115 61 Circa
1648 1501 128 61 primum
1725 1501 89 61 dico:

1074 1555 105 58 quod
1140 1555 236 58 reduplicatione
1336 1555 171 58 existente
1468 1555 184 58 affirmata:
1612 1555 171 58 aliquando
1730 1555 79 58 pro-

1085 1600 148 57 positio
1192 1600 94 57 est
1246 1600 107 57 pure
1313 1600 215 57 affirmatiua:
1487 1600 175 57 aliquando
1622 1600 94 57 est
1662 1600 134 57 negatiua

1075 1640 150 61 Exemplum
1187 1640 125 61 primi.
1274 1640 112 61 anima
1349 1640 162 61 inquantum
1474 1640 125 61 actiua
1562 1640 87 61 est
1612 1640 150 61 passiua.
1712 1640 87 61 Exem-

1079 1683 92 59 plum
1136 1683 137 59 secundi.
1239 1683 103 59 anima
1308 1683 149 59 inquantum
1422 1683 115 59 actiua
1502 1683 80 59 non
1548 1683 80 59 est
1594 1683 137 59 passiua.
1697 1683 69 59 Si
1720 1683 80 59 autem

1066 1723 217 56 reduplicatio
1243 1723 95 56 sit
1297 1723 177 56 affirmata
1433 1723 82 56 et
1474 1723 190 56 propositio
1623 1723 109 56 pure
1678 1723 122 56 affirma

1072 1775 98 58 tiua
1133 1775 98 58 tunc
1195 1775 209 58 distinguendum
1367 1775 98 58 est:
1429 1775 98 58 quia
1490 1775 86 58 aut
1539 1775 123 58 potest
1626 1775 111 58 fieri
1687 1775 111 58 redupli

1072 1816 104 51 catio
1142 1816 116 51 gratia
1223 1816 196 51 concomitantie
1384 1816 81 51 aut
1431 1816 116 51 gratia
1512 1816 127 51 causae.
1604 1816 69 51 et
1639 1816 92 51 siue
1697 1816 81 51 sic
1731 1816 58 51 si-

1077 1859 78 51 ue
1116 1859 104 51 sic.
1181 1859 78 51 et
1220 1859 104 51 vnum
1284 1859 156 51 generale
1401 1859 78 51 ad
1440 1859 117 51 omnes
1518 1859 130 51 tales.
1609 1859 104 51 quia
1673 1859 78 51 ad
1699 1859 91 51 veri-

1063 1895 102 68 tatem
1131 1895 159 68 cuiuslibet
1255 1895 102 68 talis
1323 1895 170 68 requiruntur
1459 1895 91 68 tres
1516 1895 193 68 propositiones
1675 1895 91 68 vere
1720 1895 68 68 quae

1066 1944 135 58 possunt
1164 1944 98 58 dici
1225 1944 184 58 exponentes.
1373 1944 123 58 saltem
1459 1944 86 58 cum
1508 1944 110 58 aliis
1581 1944 74 58 de
1618 1944 123 58 quibus
1692 1944 98 58 postea

1071 1992 121 60 dicetur.
1161 1992 90 60 primo
1222 1992 141 60 requiritur
1332 1992 110 60 veritas
1412 1992 90 60 vnius
1473 1992 171 60 propositionis
1613 1992 60 60 in
1643 1992 80 60 quae
1684 1992 110 60 praedica-

1064 2039 73 56 tum
1105 2039 146 56 principale
1220 2039 157 56 praedicetur
1346 2039 178 56 vniversaliter
1493 2039 63 56 de
1524 2039 84 56 illo
1576 2039 94 56 super
1639 2039 84 56 quod
1691 2039 94 56 cadit
1744 2039 52 56 re-

1061 2071 203 52 duplicatio.
1224 2071 149 52 Secundo
1332 2071 108 52 quod
1400 2071 122 52 illud
1481 2071 122 52 super
1562 2071 108 52 quod
1630 2071 122 52 cadit
1697 2071 95 52 redu-

1067 2123 159 53 plicatio
1186 2123 198 53 verificetur
1344 2123 79 53 de
1384 2123 159 53 subiecto
1503 2123 198 53 principali.
1662 2123 119 53 tamen
1728 2123 66 53 non

1074 2170 139 48 requiritur
1184 2170 80 48 quod
1233 2170 129 48 verificet
1333 2170 169 48 vniversaliter
1472 2170 80 48 nisi
1522 2170 90 48 prima
1582 2170 129 48 proposito
1671 2170 110 48 reduplica

1060 2202 85 76 tiua
1114 2202 106 76 fuerit
1188 2202 170 76 vniversalis.
1326 2202 106 76 Tertio
1401 2202 160 76 requiritur:
1529 2202 85 76 quod
1582 2202 160 76 praedicatum
1699 2202 85 76 princi

1064 2257 106 60 pale
1130 2257 200 60 verificetur
1290 2257 80 60 de
1330 2257 160 60 subiecto
1449 2257 186 60 principali
1596 2257 120 60 verbi
1662 2257 120 60 gratia.

1073 2302 62 58 ad
1104 2302 72 58 hoc
1145 2302 83 58 quod
1197 2302 83 58 ista
1249 2302 145 58 propositio
1362 2302 72 58 sit
1404 2302 93 58 vera.
1466 2302 93 58 anima
1528 2302 135 58 inquantum
1631 2302 103 58 actiua
1704 2302 72 58 est
1735 2302 62 58 pas-

1057 2334 102 62 siua.
1124 2334 158 62 requiritur
1249 2334 124 62 veritas
1339 2334 124 62 istarum
1429 2334 102 62 trium
1497 2334 203 62 propositionum.
1666 2334 90 62 omne
1711 2334 79 62 acti-

1064 2384 79 59 uum
1109 2384 79 59 est
1154 2384 147 59 passiuum.
1267 2384 102 59 anima
1335 2384 79 59 est
1381 2384 125 59 actiua.
1471 2384 102 59 anima
1539 2384 79 59 est
1585 2384 136 59 passiua.
1686 2384 68 59 et
1709 2384 68 59 quia

1069 2427 107 54 ista.
1140 2427 95 54 omne
1200 2427 131 54 actiuum
1295 2427 83 54 est
1343 2427 143 54 passiuum
1450 2427 83 54 est
1497 2427 178 54 simplicitur
1640 2427 119 54 falsa.
1712 2427 71 54 ideo

1053 2481 131 48 etiam
1141 2481 116 48 ista
1214 2481 131 48 anima
1301 2481 189 48 inquantum
1446 2481 146 48 actiua
1548 2481 102 48 est
1606 2481 160 48 passiua
1708 2481 73 48 est

1056 2514 224 54 simpliciter
1236 2514 150 54 falsa.
1340 2514 135 54 eodem
1430 2514 120 54 modo
1505 2514 120 54 ista
1580 2514 105 54 est
1639 2514 150 54 falsa.
1729 2514 60 54 ho

1065 2567 72 45 mo
1101 2567 156 45 inquantum
1221 2567 144 45 creatura
1328 2567 84 45 est
1376 2567 84 45 non
1424 2567 96 45 ens.
1484 2567 96 45 quia
1544 2567 84 45 hoc
1592 2567 84 45 est
1639 2567 120 45 falsa.
1711 2567 72 45 homo

1060 2605 87 75 est
1109 2605 87 75 non
1159 2605 100 75 ens.
1222 2605 75 75 et
1259 2605 87 75 hec
1309 2605 175 75 similiter.
1447 2605 112 75 omnis
1522 2605 150 75 creatura
1634 2605 87 75 est
1684 2605 87 75 non
1722 2605 62 75 ens
