2260 3087
469 193 134 75 Eodem
558 193 119 75 modo
633 193 119 75 dico
707 193 119 75 quod
782 193 253 75 quantumcunque
990 193 104 75 vna
1050 193 134 75 causa
1125 193 74 75 sit

467 249 77 58 ab
506 249 103 58 alia
570 249 77 58 et
609 249 90 58 non
661 249 181 58 econuerso.
803 249 77 58 et
841 249 103 58 sint
906 249 155 58 praecise
1022 249 116 58 cause
1087 249 103 58 partia

470 295 100 52 les
527 295 172 52 respectu
656 295 157 52 eiusdem
770 295 172 52 effectus
899 295 86 52 si
942 295 129 52 simul
1013 295 186 52 approximen-

467 338 88 49 tur
518 338 126 49 passo.
606 338 88 49 non
656 338 113 49 prius
731 338 151 49 producet
844 338 113 49 causa
920 338 113 49 prior
995 338 100 49 quam
1045 338 151 49 posterior.

468 381 103 49 immo
532 381 167 49 possibile
661 381 90 49 est
713 381 103 49 quod
777 381 142 49 aliquam
880 381 180 49 prioritate
1022 381 129 49 habeat
1099 381 90 49 aliam

474 416 95 64 quam
534 416 107 64 habet
605 416 107 64 causa
677 416 155 64 posterior
796 416 71 64 ad
832 416 119 64 causam
915 416 143 64 priorem.
1022 416 95 64 puta
1082 416 71 64 si
1106 416 83 64 causa

467 477 169 50 posterior
597 477 91 50 sit
649 477 182 50 perfectior
792 477 91 50 tam
845 477 78 50 in
884 477 143 50 essendo
988 477 104 50 quam
1053 477 78 50 in
1079 477 104 50 agendo

461 518 114 48 sicut
537 518 164 48 possibile
663 518 88 48 est
714 518 101 48 quod
777 518 152 48 effectus
891 518 88 48 sit
941 518 177 48 perfectior
1080 518 88 48 sua
1118 518 63 48 car

458 556 88 56 sa.
509 556 163 56 possibile
634 556 88 56 est
685 556 100 56 quod
747 556 163 56 posterior
873 556 113 56 causa
948 556 113 56 prius
1024 556 100 56 agat
1087 556 88 56 hoc
1124 556 63 56 est

462 600 198 56 perfectius.
620 600 79 56 et
660 600 92 56 ita
712 600 79 56 ex
752 600 132 56 ordine
844 600 158 56 causarum
963 600 119 56 inter
1042 600 79 56 se
1082 600 92 56 non
1121 600 66 56 com

458 651 141 49 tingit
557 651 155 49 inferre
670 651 198 49 consimilem
825 651 155 49 ordinem
938 651 85 49 in
980 651 184 49 causando.
1107 651 71 49 ita

468 690 98 51 dico
529 690 98 51 quod
590 690 86 51 est
639 690 73 51 in
676 690 159 51 proposito
798 690 98 51 quod
860 690 208 51 quantumcumque
1031 690 110 51 pater
1105 690 73 51 et
1129 690 49 51 fi

458 737 112 47 lius
528 737 155 47 habeant
641 737 155 47 ordinem
753 737 127 47 inter
838 737 98 47 se.
894 737 98 47 non
950 737 127 47 tamen
1034 737 141 47 habent
1119 737 56 47 or

456 775 135 52 dinem
546 775 90 52 in
591 775 210 52 producendo
756 775 135 52 quasi
845 775 90 52 in
890 775 150 52 aliquo
995 775 135 52 signo
1085 775 105 52 vel
1130 775 60 52 in

464 819 185 54 quocumque
606 819 114 54 alio
677 819 214 54 ymaginabili
848 819 100 54 non
905 819 128 54 eodem
991 819 100 54 cum
1048 819 128 54 patre
1119 819 71 54 vel

460 864 123 57 filio
542 864 137 57 spiret
638 864 123 57 pater
720 864 82 57 et
761 864 96 57 non
816 864 150 57 filius.
925 864 68 57 ⁋
952 864 82 57 Et
993 864 82 57 si
1034 864 123 57 dicas
1103 864 68 57 quo

465 922 115 40 pater
542 922 115 40 prius
618 922 140 40 origine
720 922 127 40 spirat
809 922 102 40 quam
873 922 140 40 filius.
974 922 102 40 quia
1038 922 115 40 pater
1102 922 76 40 habe

461 962 143 48 spirare
565 962 65 48 a
591 962 91 48 se.
643 962 130 48 filius
735 962 91 48 non
787 962 65 48 a
813 962 91 48 se.
865 962 65 48 ⁋
891 962 183 48 Respondeo.
1035 962 78 48 si
1074 962 91 48 per
1113 962 65 48 spi

452 998 106 53 rare
518 998 119 53 prius
598 998 146 53 origine
704 998 119 53 nihil
783 998 119 53 aliud
863 998 225 53 intelligatur:
1048 998 106 53 nisi
1101 998 80 53 quod

464 1043 117 53 pater
542 1043 117 53 habet
620 1043 143 53 spirare
723 1043 65 53 a
749 1043 78 53 se
788 1043 78 53 et
827 1043 130 53 filius
918 1043 91 53 non
970 1043 65 53 a
996 1043 91 53 se.
1047 1043 91 53 sic
1086 1043 91 53 conce

463 1085 69 53 do
498 1085 92 53 quod
556 1085 104 53 pater
625 1085 104 53 prius
694 1085 127 53 origine
786 1085 115 53 spirat
867 1085 92 53 quam
924 1085 127 53 filius.
1017 1085 81 53 sed
1063 1085 104 53 tamen
1120 1085 58 53 non

468 1130 115 52 prius
545 1130 141 52 origine
647 1130 141 52 generat
749 1130 102 52 quam
813 1130 141 52 spirat.
916 1130 102 52 quia
979 1130 115 52 pater
1056 1130 115 52 sicut
1120 1130 64 52 ha-

460 1173 97 49 bet
516 1173 166 49 generare
640 1173 69 49 a
668 1173 97 49 se.
724 1173 97 49 ita
779 1173 125 49 habet
862 1173 152 49 spirare
973 1173 69 49 a
1001 1173 97 49 se.
1056 1173 97 49 cum
1098 1173 83 49 ista

466 1221 106 56 tamen
537 1221 165 56 prioritate
667 1221 95 56 stat
726 1221 95 56 ordo
785 1221 165 56 personarum
915 1221 106 56 inter
986 1221 71 56 se
1021 1221 142 56 praecise
1116 1221 59 56 si-

461 1263 84 51 ne
503 1263 112 51 omni
573 1263 140 51 ordine
671 1263 84 51 in
713 1263 210 51 producendo.
881 1263 84 51 et
923 1263 112 51 isto
993 1263 112 51 modo
1049 1263 126 51 intelli

464 1307 105 53 gunt
530 1307 118 53 omnes
609 1307 145 53 sancti:
714 1307 171 53 videlicet
845 1307 132 53 beatus
937 1307 184 53 augustinus
1069 1307 105 53 quando

470 1351 109 51 dicit:
547 1351 88 51 quod
601 1351 131 51 spiritus
700 1351 120 51 sanctus
787 1351 186 51 principaliter
940 1351 131 51 procedit
1039 1351 55 51 a
1061 1351 109 51 patre.
1126 1351 55 51 Si-

459 1396 130 48 militer
554 1396 118 48 hiero.
636 1396 95 48 quod
696 1396 142 48 spiritus
802 1396 130 48 sanctus
896 1396 142 48 procedit
1003 1396 59 48 a
1026 1396 106 48 patre
1097 1396 83 48 per
1133 1396 47 48 fi

463 1437 85 54 lium.
519 1437 56 54 et
547 1437 75 54 idem
594 1437 85 54 dicit
651 1437 94 54 hilus.
717 1437 122 54 similiter
811 1437 85 54 Rich.
867 1437 94 54 quando
933 1437 94 54 dicit:
999 1437 75 54 quod
1046 1437 113 54 spiritus
1122 1437 56 54 san-

461 1483 114 53 ctus
532 1483 171 53 procedit
661 1483 71 53 a
689 1483 129 53 patre
775 1483 157 53 mediate
889 1483 86 53 et
932 1483 200 53 immediate.
1089 1483 71 53 a
1104 1483 71 53 fi-

457 1529 82 48 lio
504 1529 82 48 aut
551 1529 153 48 immediate
669 1529 129 48 tantum.
763 1529 106 48 omnes
834 1529 94 48 enim
893 1529 188 48 intelligunt:
1046 1529 94 48 quod
1093 1529 82 48 pater

465 1571 65 51 a
491 1571 117 51 nullo
569 1571 117 51 habet
647 1571 104 51 quod
711 1571 143 51 spiret.
815 1571 78 51 et
854 1571 91 51 ita
906 1571 220 51 principaliter
1087 1571 78 51 et
1113 1571 65 51 non

461 1617 88 54 per
512 1617 126 54 alium.
600 1617 126 54 filius
688 1617 113 54 autem
763 1617 113 54 habet
839 1617 138 54 spirare
939 1617 75 54 ab
977 1617 101 54 alio
1040 1617 75 54 et
1077 1617 88 54 ita
1115 1617 63 54 non

467 1659 178 60 principaliter.
615 1659 79 60 quia
665 1659 69 60 non
704 1659 49 60 a
724 1659 59 60 se
754 1659 69 60 sed
793 1659 69 60 per
833 1659 89 60 alium
892 1659 79 60 quia
942 1659 69 60 per
981 1659 99 60 patrem
1050 1659 109 60 tanquam
1120 1659 49 60 per

462 1713 173 51 principium
597 1713 185 51 communicans
745 1713 99 51 sibi
807 1713 148 51 spirare.
918 1713 74 51 et
955 1713 99 51 quia
1017 1713 86 51 non
1054 1713 123 51 producit

469 1747 99 56 aliquem
541 1747 117 56 spiranter
631 1747 108 56 spiritus
712 1747 99 56 sanctum
784 1747 72 56 ideo
829 1747 108 56 producit
910 1747 81 56 tntam
964 1747 108 56 spiritus
1045 1747 99 56 sanctus
1108 1747 63 56 media

461 1791 70 58 te.
501 1791 89 58 Pater
560 1791 89 58 autem
620 1791 79 58 quia
670 1791 70 58 non
709 1791 99 58 tantum
779 1791 70 58 per
819 1791 60 58 se
848 1791 60 58 et
878 1791 109 58 proprie
958 1791 89 58 produ
1017 1791 79 58 scim
1057 1791 109 58 spiritisa

465 1834 63 51 sed
501 1834 81 51 etiam
555 1834 109 51 producit
637 1834 118 51 producent
727 1834 109 51 spiritus
809 1834 100 51 sanctus
881 1834 63 51 non
918 1834 91 51 tantum
981 1834 81 51 produ
1035 1834 63 51 sci
1062 1834 109 51 spiritusan

466 1875 174 49 mmediate
597 1875 102 49 sed
655 1875 131 49 etiam
742 1875 174 49 mediate.
873 1875 73 49 ⁋
902 1875 87 49 Ad
946 1875 203 49 argumentum
1091 1875 87 49 prin

457 1920 124 52 cipale
544 1920 112 52 patet
618 1920 99 52 quod
680 1920 211 52 quantumcumque
854 1920 87 52 duo
904 1920 124 52 quorum
991 1920 99 52 vnum
1053 1920 87 52 est
1090 1920 87 52 prius

462 1964 104 47 alio
527 1964 169 47 producant
657 1964 104 47 idem
722 1964 182 47 productum:
865 1964 91 47 non
917 1964 143 47 oportet
1021 1964 104 47 quod
1086 1964 78 47 no
1112 1964 65 47 vni

456 2013 142 56 formiter
563 2013 166 56 producant.
693 2013 83 56 nec
741 2013 131 56 oportet
836 2013 95 56 quod
895 2013 166 56 principium
1026 2013 107 56 prius
1085 2013 83 56 prodi

453 2053 88 60 cat
504 2053 101 60 nisi
567 2053 151 60 secundum
680 2053 101 60 quod
743 2053 151 60 excludit
857 2053 189 60 vniformiter
1008 2053 126 60 ordine
1084 2053 88 60 perso

465 2098 114 49 narum
541 2098 215 49 producentium.
718 2098 76 49 et
756 2098 165 49 concessum
883 2098 89 49 est
934 2098 101 49 quod
997 2098 114 49 omnes
1060 2098 114 49 spirant

459 2141 249 71 vniformiter.
661 2141 78 71 ⁋
692 2141 202 71 Distinet.
848 2141 140 71 xiii.
941 2141 171 71 Questio
1050 2141 124 71 vnica.

737 2185 268 94 Irca
871 2185 302 94 distin-

761 2277 176 49 ctionem
889 2277 223 49 tredecimam
1048 2277 128 49 quero.

760 2314 122 64 Utrum
842 2314 177 64 generatio
978 2314 122 64 filii
1059 2314 95 64 sit
1100 2314 68 64 spi

766 2360 74 54 rati
812 2360 112 54 spiritus
896 2360 102 54 sanctum
970 2360 102 54 Uidetur
1045 2360 74 54 quod
1091 2360 65 54 sic
1119 2360 56 54 quia

759 2404 113 55 omnia
834 2404 100 55 sunt
896 2404 100 55 vnum
959 2404 150 55 secundum
1059 2404 113 55 boctium

767 2446 128 60 vbino
852 2446 142 60 obuiat
952 2446 199 60 relationis
1094 2446 71 60 ope

454 2473 152 84 posito.
565 2473 97 84 sed
620 2473 124 84 inter
703 2473 221 84 gererationem
882 2473 83 84 et
924 2473 207 84 spirationem
1075 2473 97 84 nulla

455 2549 98 43 est
511 2549 196 43 oppositio.
665 2549 112 43 ergo
735 2549 112 43 etc.
805 2549 70 43 ⁋
833 2549 168 43 Preterea
959 2549 112 43 omne
1015 2549 154 43 productum

449 2583 106 71 quod
515 2583 80 71 de
555 2583 186 71 substantia
701 2583 106 71 viua
767 2583 186 71 producitur
913 2583 106 71 vere
966 2583 199 71 generaturscie

1283 192 284 68 spiritussanctus
1522 192 120 68 vere
1597 192 209 68 producitur
1761 192 90 68 de
1806 192 209 68 substantia
1955 192 60 68 pa

1287 249 110 54 tris.
1360 249 97 54 ergo
1421 249 97 54 vere
1482 249 170 54 generatur.
1615 249 110 54 minor
1688 249 122 54 patet.
1774 249 97 54 quia
1834 249 85 54 aut
1871 249 146 54 producitur

1290 289 81 47 de
1330 289 135 47 aliquo
1424 289 94 47 aut
1478 289 81 47 de
1519 289 148 47 nihilo.
1627 289 94 47 non
1681 289 81 47 de
1721 289 148 47 nihilo.
1829 289 108 47 quia
1897 289 108 47 tunc
1951 289 67 47 cre

1283 337 154 48 aretur.
1395 337 84 48 et
1437 337 98 48 non
1493 337 84 48 de
1535 337 140 48 aliquo
1633 337 112 48 nisi
1704 337 84 48 de
1746 337 196 48 substantia
1886 337 126 48 patris.

1285 376 89 60 ergo
1341 376 89 60 etc.
1396 376 56 60 ⁋
1419 376 134 60 Preterea
1519 376 67 60 si
1552 376 134 60 producti
1652 376 134 60 spiritus
1753 376 123 60 sanctus
1842 376 89 60 inon
1897 376 100 60 esset
1964 376 89 60 gene

1290 423 111 52 ratio
1364 423 86 52 hoc
1413 423 86 52 non
1463 423 111 52 esset
1537 423 99 52 nisi
1598 423 99 52 quia
1660 423 173 52 principium
1796 423 124 52 ipsius
1882 423 86 52 est
1920 423 86 52 volun

1292 471 103 51 tas.
1356 471 90 51 sed
1408 471 90 51 hoc
1459 471 90 51 non
1511 471 141 51 obstat.
1613 471 103 51 quia
1678 471 116 51 etiam
1755 471 77 51 in
1793 471 116 51 nobis
1870 471 116 51 illud
1935 471 64 51 cui

1280 516 181 46 principium
1423 516 91 46 est
1474 516 156 46 voluntas
1591 516 104 46 vere
1656 516 207 46 generaretur.
1825 516 104 46 quia
1889 516 117 46 actus
1954 516 52 46 et

1273 555 155 46 habitus
1386 555 141 46 ipsius
1484 555 197 46 voluntatis
1639 555 99 46 ita
1695 555 113 46 vere
1766 555 197 46 generantur
1906 555 99 46 sicut

1277 601 103 54 vere
1341 601 116 54 actus
1418 601 77 54 et
1457 601 141 54 habitus
1560 601 128 54 ipsius
1650 601 205 54 intellectus.
1816 601 103 54 ergo
1868 601 141 54 similiter

1277 650 78 53 in
1316 650 144 53 diuinis
1421 650 118 53 illud
1499 650 118 53 cuius
1577 650 157 53 voluntas
1695 650 91 53 est
1747 650 183 53 principium
1891 650 104 53 vere
1943 650 52 53 ge

1275 691 181 51 neratur.
1411 691 76 51 ⁋
1441 691 91 51 Ad
1486 691 211 51 oppositum.
1653 691 91 51 si
1698 691 181 51 spiratio
1834 691 136 51 esset
1909 691 91 51 gene

1277 734 92 54 ratis
1338 734 122 54 spiritus
1430 734 112 54 sanctus
1511 734 82 54 vere
1562 734 92 54 esset
1624 734 112 54 genitus
1705 734 92 54 cuius
1767 734 143 54 contrarium
1879 734 112 54 dicitur
1950 734 41 54 in

1281 781 146 45 symbolo.
1390 781 97 45 quia
1451 781 146 45 spiritus
1560 781 134 45 sanctus
1657 781 61 45 a
1681 781 109 45 patre
1754 781 73 45 et
1791 781 109 45 filio
1863 781 85 45 non
1900 781 97 45 factus

1276 813 97 69 nec
1332 813 153 69 creatus
1443 813 97 69 nec
1498 813 167 69 genitus:
1623 813 97 69 sed
1679 813 194 69 procedens.
1832 813 69 69 ⁋
1859 813 83 69 In
1901 813 125 69 istam
1970 813 56 69 in

1275 862 212 54 questione
1438 862 130 54 sunt
1519 862 147 54 multe
1617 862 294 54 difficultates.
1862 862 147 54 Prima
1943 862 82 54 an-

1277 915 187 45 generatio
1421 915 130 45 actio
1507 915 86 45 et
1550 915 173 45 spiratio
1680 915 130 45 actio
1766 915 115 45 sint
1839 915 115 45 idem
1896 915 101 45 omni-

1277 954 109 47 bus
1340 954 156 47 modis.
1449 954 171 47 Secunda
1573 954 93 47 an
1620 954 202 47 generatio
1775 954 93 47 et
1822 954 187 47 spiratio
1946 954 78 47 pas

1270 1001 101 51 sio
1327 1001 319 51 differuntrealiter.
1603 1001 145 51 Tertia
1704 1001 188 51 supposito
1849 1001 116 51 quod
1907 1001 116 51 distin

1281 1040 160 56 guantur
1398 1040 189 56 realiter:
1543 1040 102 56 per
1601 1040 116 56 quid
1674 1040 262 56 distinguantur.
1892 1040 145 56 Quarta
1979 1040 44 56 q

1285 1093 98 51 quare
1350 1093 141 51 productis
1459 1093 131 51 spiritus
1557 1093 120 51 sanctus
1644 1093 87 51 quae
1698 1093 120 51 dicitur
1785 1093 131 51 spiratio
1883 1093 76 51 non
1916 1093 87 51 potest

1273 1135 114 46 vere
1344 1135 114 46 dici
1416 1135 186 46 generatio
1559 1135 129 46 sicut
1645 1135 186 46 productio
1788 1135 129 46 filii
1873 1135 114 46 vere
1931 1135 72 46 est

1281 1178 211 47 generatio.
1446 1178 90 47 De
1492 1178 135 47 prima
1582 1178 241 47 difficultate
1777 1178 165 47 patebit
1883 1178 120 47 alias.

1274 1213 86 55 De
1317 1213 158 55 secunda
1431 1213 158 55 aliquid
1546 1213 143 55 dictum
1647 1213 100 55 est
1704 1213 143 55 prius.
1804 1213 86 55 De
1848 1213 143 55 tertia
1934 1213 57 55 et

1276 1268 144 52 quarta
1377 1268 159 52 aliquid
1492 1268 159 52 dicetur
1607 1268 87 52 in
1651 1268 115 52 ista
1723 1268 202 52 questione:
1867 1268 130 52 quamuis

1276 1310 87 45 de
1320 1310 145 45 tertia
1422 1310 145 45 pateat
1523 1310 87 45 ex
1567 1310 145 45 dictis
1669 1310 87 45 in
1712 1310 261 45 praecedentibus
1915 1310 73 45 dif

1268 1351 264 56 ficultatibus.
1486 1351 78 56 ⁋
1517 1351 93 56 Et
1563 1351 140 56 indeo
1656 1351 186 56 omnissis
1796 1351 155 56 multis
1889 1351 93 56 opin

1274 1395 139 47 onibus
1372 1395 125 47 circa
1455 1395 125 47 illam
1539 1395 153 47 tertiam
1650 1395 237 47 difficultatem
1846 1395 112 47 dico
1901 1395 84 47 breu

1270 1439 107 49 ter:
1337 1439 107 49 quod
1404 1439 107 49 iste
1471 1439 214 49 productiones
1645 1439 147 49 seipsis
1752 1439 188 49 formaliter
1886 1439 107 49 distin

1268 1488 156 51 guuntur
1381 1488 99 51 nec
1438 1488 156 51 aliquam
1551 1488 240 51 distinctionem
1749 1488 113 51 sine
1819 1488 99 51 qua
1876 1488 99 51 non
1918 1488 71 51 pos

1266 1537 108 46 sunt
1334 1537 176 46 distingui
1469 1537 230 46 presupponunt.
1659 1537 108 46 quia
1726 1537 81 46 si
1767 1537 149 46 aliquam
1862 1537 135 46 praesup-

1261 1576 207 51 ponerent
1416 1576 172 51 maxime
1537 1576 310 51 presupponerent
1778 1576 207 51 distinctio

1272 1618 88 55 nem
1323 1618 201 55 principiorum
1486 1618 213 55 elicitiuorum.
1661 1618 88 55 sed
1711 1618 113 55 illam
1786 1618 88 55 non
1824 1618 163 55 presupponum

1273 1660 98 49 nec
1329 1660 127 49 etiam
1414 1660 197 49 coexigunt:
1568 1660 112 49 quia
1639 1660 98 49 non
1695 1660 98 49 est
1751 1660 211 49 incoueniens
1906 1660 84 49 idem

1261 1704 199 59 principium
1417 1704 199 59 elicitiuum
1573 1704 114 59 esse
1644 1704 199 59 principium
1800 1704 199 59 elicitiuum
1942 1704 43 59 d

1265 1757 226 48 stinctarum
1443 1757 275 48 productionum.
1669 1757 81 48 ⁋
1701 1757 145 48 Circa
1798 1757 178 48 quartum
1911 1757 81 48 ar-

1277 1793 148 55 ticulum
1384 1793 148 55 dicitur
1492 1793 108 55 quod
1560 1793 175 55 generatio
1695 1793 81 55 et
1735 1793 162 55 spiratio
1843 1793 135 55 differum

1273 1840 99 50 per
1329 1840 99 50 hoc
1386 1840 113 50 quod
1456 1840 211 50 intellectus
1625 1840 99 50 vel
1681 1840 141 50 natura
1780 1840 99 50 est
1822 1840 169 50 principium

1260 1877 230 60 productiuum
1444 1877 153 60 actiue
1551 1877 107 60 per
1613 1877 246 60 impressionem
1812 1877 92 60 et
1843 1877 138 60 informa

1273 1926 160 53 tionem.
1390 1926 87 53 et
1433 1926 116 53 ideo
1506 1926 189 53 productio
1651 1926 131 53 talis
1738 1926 116 53 vere
1811 1926 160 53 dicitur
1912 1926 73 53 ge-

1261 1969 182 46 neratio.
1397 1969 106 46 sed
1458 1969 136 46 illud
1549 1969 121 46 quod
1624 1969 212 46 producitur
1791 1969 182 46 mediante
1912 1969 76 46 vo-

1267 2013 157 50 luntate
1381 2013 157 50 tanquam
1495 2013 186 50 principio
1638 2013 200 50 elicitiuo.
1795 2013 100 50 non
1838 2013 143 50 producit

1266 2058 108 51 per
1327 2058 139 51 modum
1420 2058 247 51 impressionis
1621 2058 108 51 vel
1682 2058 278 51 informationis.
1914 2058 108 51 sed

1266 2104 138 51 quasi
1358 2104 108 51 per
1419 2104 169 51 quandam
1542 2104 231 51 excussionem
1727 2104 123 51 siue
1788 2104 200 51 expulsionem

1261 2146 117 56 aut
1328 2146 251 56 progressum.
1529 2146 117 56 aut
1596 2146 151 56 magis
1696 2146 184 56 proprie
1814 2146 167 56 loquendo

1263 2193 108 53 per
1324 2193 170 53 quandam
1448 2193 247 53 expressionem
1648 2193 93 53 de
1695 2193 93 53 eo
1741 2193 93 53 de
1787 2193 108 53 quo
1834 2193 154 53 subiecti

1267 2234 88 54 ue
1311 2234 220 54 producitur.
1488 2234 88 54 et
1532 2234 103 54 hoc
1590 2234 88 54 ad
1634 2234 132 54 modum
1722 2234 103 54 quo
1781 2234 176 54 spiritus
1899 2234 73 54 cor

1263 2280 163 53 poralis
1382 2280 104 53 qui
1441 2280 104 53 est
1501 2280 104 53 aer
1560 2280 89 53 si
1604 2280 89 53 in
1649 2280 134 53 nobis
1738 2280 104 53 non
1782 2280 208 53 attraheretur

1255 2323 90 48 ad
1300 2323 179 48 pulmonem
1434 2323 105 48 per
1494 2323 254 48 inspiratione.
1703 2323 105 48 sed
1763 2323 149 48 aliqua
1853 2323 134 48 virtute

1257 2371 194 49 existente
1406 2371 89 49 in
1451 2371 119 49 ipso
1525 2371 164 49 pulmone
1644 2371 223 49 excuteretur
1823 2371 104 49 per
1868 2371 119 49 expri-

1265 2409 161 52 rationem
1385 2409 81 52 de
1426 2409 161 52 pulmone.
1547 2409 81 52 et
1587 2409 94 52 per
1641 2409 94 52 hoc
1694 2409 121 52 daret
1775 2409 81 52 ei
1815 2409 121 52 esse.
1896 2409 81 52 et
1923 2409 67 52 est

1258 2459 167 53 quodammodo
1389 2459 131 53 simile.
1485 2459 131 53 praeter
1581 2459 84 53 hoc
1628 2459 96 53 quod
1688 2459 143 53 spiritus
1796 2459 167 53 corporalis
1915 2459 60 53 est

1260 2503 84 44 est
1308 2503 84 44 aer
1356 2503 144 44 spiratus
1463 2503 96 44 tali
1523 2503 168 44 spiratione
1655 2503 156 44 separatur
1775 2503 60 44 a
1799 2503 144 44 spirante
1906 2503 72 44 et
1930 2503 48 44 ab

1254 2538 99 55 eode
1315 2538 86 55 quo
1365 2538 160 55 spiratur.
1488 2538 62 55 ⁋
1513 2538 86 55 Sed
1562 2538 99 55 ista
1624 2538 123 55 opinio
1710 2538 86 55 non
1759 2538 86 55 est
1796 2538 185 55 rationabilis:

1253 2584 105 70 immo
1319 2584 144 70 videtur
1424 2584 236 70 contrdictionem
1620 2584 184 70 includere.
1765 2584 105 70 quia
1817 2584 171 70 impossibile
