2277 3057
428 193 87 65 mo
472 193 102 65 eis
530 193 247 65 inuisibiliter
734 193 218 65 mittebatur.
909 193 73 65 ⁋
938 193 131 65 Circa
1010 193 146 65 secundum

421 252 102 53 dico
485 252 102 53 quod
549 252 102 53 ista
613 252 128 53 missio
703 252 102 53 fuit
766 252 115 53 facta
843 252 77 53 in
882 252 102 53 noua
945 252 102 53 lege
1009 252 141 53 christo
1099 252 51 53 et

436 298 193 59 discipulis
588 298 83 59 et
629 298 220 59 credentibus.
808 298 124 59 sicut
890 298 124 59 patet
973 298 83 59 in
1001 298 151 59 euangelio

424 341 84 50 et
466 341 153 50 actibus
577 341 167 50 aplorum:
703 341 153 50 quamuis
814 341 153 50 fuerunt
925 341 125 50 facte
995 341 153 50 apparitio

422 382 92 62 nes
474 382 170 62 aliquibus
605 382 144 62 sanctis
710 382 78 62 in
749 382 131 62 veteri
840 382 118 62 lege.
919 382 92 62 non
971 382 118 62 tamen
1036 382 118 62 reprae-

432 427 173 56 sentabant
565 427 80 56 ex
605 427 80 56 se
645 427 173 56 missionem
778 427 213 56 inuisibilem.
951 427 93 56 sed
991 427 160 56 principali

427 470 101 55 ter
484 470 159 55 fiebant
600 470 159 55 propter
716 470 130 55 alias
803 470 174 55 rationes
934 470 72 55 ⁋
963 470 101 55 Sed
1021 470 116 55 tunc
1079 470 72 55 est

425 526 129 52 dubium
516 526 129 52 quales
606 526 142 52 species
710 526 104 52 ille
775 526 155 52 fuerunt.
891 526 155 52 scilicet
1008 526 117 52 vtrum
1072 526 78 52 fuer

431 567 118 49 runt
505 567 118 49 vere
579 567 104 49 res
638 567 133 49 sicut
727 567 237 49 apparuerunt.
919 567 74 49 ⁋
949 567 178 49 Dicendum
1067 567 89 49 quod

421 607 202 60 potuerunt
577 607 124 60 esse
654 607 140 60 tales
747 607 109 60 res
810 607 155 60 quales
918 607 233 60 apparuerunt
1089 607 62 60 et

430 647 160 66 poterant
550 647 107 66 esse
617 647 147 66 aliquem
724 647 120 66 alie.
804 647 120 66 etiam
884 647 214 66 conuenientes
1057 647 94 66 cum
1098 647 53 66 ve

420 691 104 56 ris
479 691 133 56 rebus
568 691 89 56 in
613 691 237 56 quibuscumque
805 691 237 56 accidentibus
983 691 178 56 exteriori-

425 732 104 59 bus.
490 732 104 59 Unde
555 732 130 59 quando
645 732 156 59 spiritus
762 732 143 59 sanctus
866 732 194 59 visibiliter
1008 732 156 59 mittebatur

422 774 86 61 in
465 774 143 61 specie
565 774 172 61 columbe.
693 774 143 61 potuit
794 774 129 61 fieri
879 774 100 61 per
937 774 129 61 veram
1008 774 143 61 columbam

437 826 85 57 et
479 826 99 57 per
536 826 155 57 aliquam
648 826 127 57 aliam
733 826 99 57 rem
789 826 85 57 de
832 826 113 57 nouo
902 826 169 57 formatam
1015 826 141 57 habentem

437 869 189 62 exteriora
583 869 204 62 accidentia
743 869 160 62 similia
859 869 233 62 accidentibus
1034 869 131 62 columbe

432 907 81 60 et
472 907 121 60 sicut
553 907 94 60 deo
606 907 148 60 placuit
714 907 94 60 ita
768 907 135 60 factum
862 907 108 60 est.
929 907 67 60 ⁋
956 907 94 60 hoc
1010 907 121 60 tamen
1077 907 81 60 dico

441 961 109 56 quod
510 961 109 56 vere
578 961 96 56 res
633 961 164 56 fuerunt.
756 961 68 56 ⁋
783 961 82 56 Ad
824 961 191 56 argumentum
975 961 109 56 dico
1043 961 109 56 quod
1098 961 68 56 in-

440 1000 168 51 uisibile
566 1000 140 51 potest
664 1000 210 51 visibiliter
831 1000 126 51 mitti
915 1000 182 51 apparendo
1055 1000 98 51 non
1097 1000 56 51 in

435 1041 99 58 se.
491 1041 99 58 sed
548 1041 85 58 in
590 1041 141 58 aliquo
689 1041 183 58 instituto
830 1041 85 58 ad
872 1041 127 58 ipsum
943 1041 212 58 significandum

433 1084 111 55 quia
502 1084 97 55 hoc
558 1084 97 55 est
613 1084 208 55 visibiliter
780 1084 139 55 mitti.
877 1084 83 55 et
918 1084 125 55 aliud
1002 1084 153 55 aliquid
1099 1084 69 55 ta-

446 1128 76 53 le
484 1128 152 53 visibile
598 1128 152 53 apparere
713 1128 63 53 ⁋
738 1128 228 53 Distinctionis.
928 1128 114 53 xvii.
1004 1128 152 53 quaestio
1106 1128 63 53 ist

669 1173 244 104 Irca
790 1173 366 104 distinctio

695 1263 124 44 nem
766 1263 337 44 decimamseptimam
1032 1263 124 44 quero

698 1299 109 64 Utrum
770 1299 133 64 praeter
867 1299 230 64 spiritumsanctum
1048 1299 121 64 neccesse

690 1348 103 61 sit
749 1348 147 61 ponere
852 1348 206 61 charitatem
1000 1348 162 61 absolutam

687 1391 163 56 creatam
805 1391 148 56 animam
909 1391 207 56 formaliter
1057 1391 118 56 infor-

702 1433 134 55 mantem.
800 1433 73 55 ad
836 1433 86 55 hoc
885 1433 98 55 quod
946 1433 110 55 anima
1019 1433 86 55 deo
1068 1433 86 55 sit
1105 1433 61 55 cha

444 1480 80 55 ra
484 1480 80 55 et
524 1480 161 55 accepta.
645 1480 107 55 Quod
712 1480 107 55 non.
779 1480 107 55 quia
846 1480 161 55 charitas
966 1480 94 55 non
1020 1480 147 55 ponitur
1114 1480 67 55 ni-

442 1519 86 60 si
485 1519 86 60 vt
528 1519 158 60 aliquis
643 1519 86 60 ea
686 1519 101 60 sit
744 1519 101 60 deo
801 1519 158 60 charus.
916 1519 101 60 sed
974 1519 115 60 sine
1046 1519 115 60 tali
1103 1519 72 60 qua

437 1563 135 61 litate
531 1563 148 61 aliquis
638 1563 135 61 potest
733 1563 108 61 esse
800 1563 94 61 deo
854 1563 148 61 charus.
961 1563 108 61 quia
1028 1563 135 61 charum
1109 1563 54 61 im

448 1610 137 66 portat
544 1610 191 66 respectum.
694 1610 109 66 quia
762 1610 82 66 si
803 1610 96 66 sit
858 1610 137 66 charus
954 1610 96 66 est
1008 1610 137 66 alicui
1090 1610 82 66 cha-

438 1653 121 57 rus.
513 1653 106 57 sed
574 1653 136 57 talis
664 1653 181 57 qualitas
800 1653 106 57 nec
860 1653 106 57 est
921 1653 226 57 fundamentum
1087 1653 75 57 nec

445 1700 101 53 est
502 1700 173 53 terminus
632 1700 144 53 illius
733 1700 202 53 respectus.
891 1700 115 53 ergo
963 1700 115 53 sine
1035 1700 115 53 tali
1093 1700 72 53 qua

445 1749 108 52 litate
521 1749 108 52 potest
596 1749 86 52 quis
650 1749 86 52 esse
704 1749 76 52 deo
747 1749 119 52 charus.
834 1749 173 52 consequentia
974 1749 108 52 patet.
1049 1749 86 52 quia
1092 1749 76 52 omnis

452 1783 163 66 respectus
578 1783 126 66 potest
666 1783 100 66 esse
729 1783 100 66 sine
792 1783 100 66 omni
854 1783 75 66 eo
892 1783 100 66 quod
955 1783 88 66 nec
1005 1783 88 66 est
1043 1783 138 66 fundamen-

454 1831 101 53 tum
511 1831 101 53 nec
569 1831 173 53 terminus
699 1831 158 53 ipsius.
814 1831 115 53 ergo
886 1831 115 53 etc.
958 1831 72 53 ⁋
987 1831 86 53 Ad
1016 1831 158 53 oppositum

448 1870 218 57 impossibile
623 1870 102 57 est
681 1870 160 57 aliquem
798 1870 116 57 esse
870 1870 146 57 charum
972 1870 102 57 deo
1030 1870 116 57 sine
1089 1870 87 57 cha-

454 1911 147 58 ritate.
561 1911 120 58 sicut
641 1911 201 58 impossibile
801 1911 94 58 est
855 1911 147 58 aliquem
962 1911 107 58 esse
1029 1911 120 58 album
1096 1911 80 58 sine

459 1957 182 56 albedine.
599 1957 98 56 sed
655 1957 168 56 charitas
781 1957 98 56 est
838 1957 168 56 qualitas
964 1957 182 56 absoluta.
1090 1957 84 56 quia

459 1999 105 58 est
519 1999 150 58 virtus
624 1999 225 58 theologica.
804 1999 120 58 ergo
878 1999 120 58 etc.
953 1999 75 58 ⁋
983 1999 90 58 Ad
1028 1999 135 58 istam
1103 1999 75 58 que

458 2047 147 63 stionem
564 2047 93 63 est
618 2047 93 63 vna
671 2047 133 63 opinio
764 2047 107 63 quod
831 2047 80 63 ad
871 2047 93 63 hoc
925 2047 107 63 quod
991 2047 120 63 anima
1071 2047 93 63 sit
1111 2047 67 63 deo

466 2095 128 58 grata
551 2095 128 58 chara
636 2095 85 58 et
679 2095 170 58 accepta.
807 2095 199 58 necessario
963 2095 199 58 requiritur
1105 2095 85 58 ali-

467 2131 98 66 qua
523 2131 127 66 talis
608 2131 127 66 forma
692 2131 141 66 creata
790 2131 84 66 et
833 2131 183 66 absoluta.
973 2131 98 66 ita
1029 2131 112 66 quod
1100 2131 84 66 de
1128 2131 56 66 po

457 2175 139 61 tentia
554 2175 97 61 dei
610 2175 167 61 absoluta
735 2175 111 61 sine
805 2175 111 61 tali
874 2175 125 61 forma
958 2175 97 61 non
1013 2175 139 61 potest
1097 2175 83 61 esse

449 2217 106 56 deo
509 2217 151 56 chara.
615 2217 91 56 et
661 2217 121 56 ipsa
736 2217 136 56 forma
827 2217 212 56 necessario
993 2217 106 56 est
1054 2217 106 56 deo
1099 2217 91 56 cha-

463 2263 102 63 ra.
522 2263 87 63 Et
565 2263 189 63 similiter
710 2263 131 63 anima
797 2263 116 63 illa
870 2263 131 63 forma
957 2263 203 63 informata.
1102 2263 73 63 ita

469 2310 112 61 quod
539 2310 140 61 stante
637 2310 112 61 illa
707 2310 126 61 forma
791 2310 98 61 non
847 2310 140 61 potest
945 2310 98 61 de.
1001 2310 168 61 potentia
1113 2310 70 61 dei

467 2349 192 64 absoluta
611 2349 112 64 non
675 2349 128 64 esse
755 2349 112 64 deo
819 2349 160 64 chara.
930 2349 80 64 ⁋
962 2349 192 64 Ponuntur
1090 2349 96 64 tres

475 2398 239 62 conclusiones.
672 2398 127 62 Prima
757 2398 99 62 est
813 2398 113 62 quod
883 2398 99 62 est
940 2398 141 62 aliqua
1038 2398 127 62 forma
1109 2398 84 62 erea

463 2441 86 62 ta
506 2441 115 62 quae
578 2441 86 62 ex
621 2441 144 62 natura
721 2441 101 62 rei
779 2441 86 62 de
822 2441 216 62 necessitate
995 2441 129 62 cadit
1081 2441 101 62 sub
1124 2441 72 62 dei

467 2486 260 54 complacentia.
681 2486 92 54 et
727 2486 107 54 per
788 2486 138 54 cuius
880 2486 229 54 existentiam
1063 2486 92 54 in
1094 2486 107 54 anima

475 2524 110 69 pria
544 2524 220 69 gratificatur
723 2524 82 69 et
764 2524 96 69 fit
819 2524 96 69 deo
874 2524 165 69 accepta.
998 2524 82 69 et
1039 2524 151 69 dilecta
1135 2524 55 69 ad

464 2568 156 82 chara.
574 2568 125 82 Quod
651 2568 156 82 quidem
761 2568 156 82 potest
870 2568 265 82 multipliciter
1072 2568 125 82 decla

1230 176 133 65 rari.
1319 176 74 65 ⁋
1349 176 148 65 Nullus
1452 176 118 65 enim
1526 176 133 65 actus
1615 176 222 65 immutabilis
1792 176 89 65 et
1822 176 133 65 eternus

1241 232 159 60 transit
1356 232 87 60 de
1400 232 116 60 nouo
1472 232 130 60 super
1559 232 174 60 obiectum
1689 232 174 60 aliquod.
1819 232 116 60 nisi
1877 232 87 60 quia

1236 281 110 56 eius
1305 281 165 56 obiectum
1429 281 151 56 eternum
1538 281 82 56 et
1580 281 192 56 immutabile
1731 281 192 56 formaliter
1868 281 96 56 parti

1239 331 188 57 ciparetur
1383 331 87 57 de
1426 331 115 57 nouo
1498 331 87 57 ab
1542 331 159 57 obiecto
1657 331 115 57 illo
1729 331 188 57 materiali
1859 331 101 57 super

1243 366 111 61 quod
1313 366 153 61 nouiter
1424 366 167 61 transit.
1549 366 125 61 sicut
1632 366 139 61 patet.
1729 366 111 61 quod
1798 366 125 61 visio
1868 366 97 61 eter-

1243 409 84 60 na
1285 409 168 60 alicuius
1411 409 154 60 coloris
1522 409 84 60 si
1564 409 126 60 talis
1648 409 181 60 poneretur
1788 409 140 60 posset
1871 409 98 60 trans

1242 453 100 62 ire
1299 453 86 62 de
1342 453 114 62 nouo
1413 453 114 62 nunc
1485 453 129 62 super
1571 453 143 62 lignum
1671 453 114 62 nunc
1742 453 129 62 super
1814 453 143 62 lapiden-

1245 499 82 60 si
1286 499 123 60 color
1369 499 110 60 ille
1437 499 205 60 eternaliter
1601 499 123 60 visus
1683 499 260 60 participaretur.
1889 499 82 60 nunc

1238 538 75 67 a
1268 538 149 67 lapide
1372 538 119 67 nunc
1447 538 75 67 a
1477 538 134 67 ligno
1566 538 179 67 formalit
1701 538 90 67 et
1745 538 224 67 inherenter.
1909 538 60 67 Si

1238 585 134 61 autem
1328 585 149 61 aliter
1432 585 194 61 transiret
1582 585 134 61 visio
1671 585 194 61 immediate
1821 585 134 61 super
1895 585 75 61 li-

1237 627 108 69 gnum
1304 627 94 69 aut
1358 627 121 69 super
1439 627 162 69 lapidem.
1560 627 202 69 impossibile
1722 627 135 69 esset:
1817 627 108 69 quod
1871 627 94 69 actus

1239 680 109 56 ille
1307 680 122 56 esset
1389 680 163 56 eternus.
1511 680 122 56 Cuius
1592 680 122 56 ratio
1674 680 109 56 est.
1741 680 122 56 actus
1823 680 95 56 non
1863 680 109 56 potest

1234 720 94 63 de
1281 720 110 63 non
1344 720 219 63 transeunte
1516 720 141 63 super
1611 720 157 63 lignum
1720 720 141 63 fieri
1799 720 172 63 transiens

1237 758 116 65 nisi
1310 758 146 65 aliqua
1412 758 189 65 mutatione
1558 758 131 65 facta
1645 758 87 65 in
1689 758 116 65 ipso
1761 758 131 65 actu.
1849 758 87 65 et
1878 758 87 65 tunc

1237 803 97 66 non
1293 803 111 66 erit
1362 803 166 66 eternus.
1487 803 97 66 vel
1542 803 83 66 in
1584 803 111 66 ipso
1653 803 125 66 ligno
1736 803 83 66 et
1778 803 111 66 tunc
1847 803 153 66 aliquid

1248 848 199 59 formaliter
1404 848 114 59 sibi
1475 848 156 59 inheret
1589 848 114 59 quod
1660 848 100 59 non
1717 848 156 59 inhesit
1831 848 128 59 ante.
1902 848 71 59 Sed

1240 891 130 61 actus
1326 891 217 61 dilectionis
1500 891 87 61 et
1543 891 217 61 acceptionis
1716 891 144 61 diuine
1818 891 116 61 quae
1875 891 87 61 immu

1250 936 169 61 tabilis
1373 936 108 61 est
1434 936 92 61 et
1480 936 169 61 eternus
1604 936 123 61 nunc
1681 936 185 61 acceptat
1819 936 123 61 vnum
1881 936 92 61 nunc

1238 980 134 62 alium.
1331 980 107 62 nunc
1399 980 94 62 non
1452 980 148 62 diligit
1560 980 134 62 animam
1653 980 107 62 nunc
1721 980 148 62 diligit
1828 980 94 62 eam
1868 980 94 62 dile-

1242 1022 151 60 ctione
1348 1022 227 60 charitativa
1529 1022 91 60 de
1575 1022 106 60 qua
1635 1022 197 60 loquimur.
1786 1022 121 60 ergo
1847 1022 121 60 neces-

1252 1065 127 58 sario
1337 1065 85 58 ab
1379 1065 127 58 anima
1464 1065 226 58 participatur
1648 1065 198 58 formaliter
1803 1065 85 58 et
1832 1065 141 58 inheren-

1245 1114 106 58 ter
1305 1114 167 58 aliquod
1427 1114 182 58 obiectum
1563 1114 212 58 immutabile
1730 1114 91 58 et
1775 1114 167 58 eternum
1881 1114 91 58 diui

1251 1157 79 56 ne
1290 1157 210 56 dilectionis.
1461 1157 118 56 illud
1540 1157 118 56 autem
1619 1157 92 56 non
1671 1157 131 56 potest
1763 1157 105 56 esse
1829 1157 131 56 diuina
1907 1157 66 56 es-

1244 1200 147 58 sentia.
1351 1200 107 58 quia
1418 1200 121 58 nulli
1498 1200 187 58 formaliter
1645 1200 161 58 inheret.
1766 1200 107 58 ergo
1833 1200 94 58 est
1873 1200 107 58 aliqua

1256 1245 174 57 creatura:
1389 1245 80 57 et
1429 1245 94 57 non
1483 1245 200 57 substantia.
1643 1245 134 57 certum
1737 1245 94 57 est
1790 1245 107 57 ergo
1857 1245 94 57 est
1897 1245 80 57 for-

1250 1288 92 61 ma
1296 1288 261 61 accidentalis.
1511 1288 77 61 ⁋
1542 1288 185 61 Preterea
1680 1288 138 61 sicut
1773 1288 92 61 se
1819 1288 138 61 habet
1911 1288 123 61 esse
1973 1288 138 61 Secunda

1252 1336 135 50 charum
1346 1336 94 50 deo
1400 1336 81 50 ad
1440 1336 189 50 voluntatem
1589 1336 162 50 diuinam.
1710 1336 94 50 sic
1764 1336 81 50 et
1804 1336 108 50 esse
1858 1336 108 50 oditum

1245 1378 68 63 a
1273 1378 109 63 deo.
1341 1378 96 63 sed
1396 1378 123 63 nihil
1477 1378 96 63 est
1532 1378 137 63 oditum
1628 1378 68 63 a
1655 1378 96 63 deo
1710 1378 109 63 quin
1778 1378 137 63 diuina
1860 1378 109 63 volun-

1256 1429 106 49 tas
1316 1429 242 49 reperiaxinto
1513 1429 166 49 aliquid
1634 1429 166 49 odibile
1755 1429 91 49 et
1785 1429 197 49 detestabile

1254 1473 86 51 ex
1297 1473 143 51 natura
1396 1473 100 51 rei
1453 1473 114 51 quod
1525 1473 100 51 dat
1582 1473 200 51 formaliter
1739 1473 114 51 esse
1810 1473 157 51 oditum.
1910 1473 71 51 pec

1265 1509 126 64 catum
1349 1509 112 64 enim
1419 1509 84 64 ex
1460 1509 140 64 natura
1558 1509 181 64 reioditur
1698 1509 70 64 a
1726 1509 112 64 deo:
1796 1509 126 64 iuxta
1879 1509 126 64 illud

1256 1551 234 73 prophentieUideo
1453 1551 135 73 quoniam
1551 1551 86 73 non
1600 1551 98 73 deus
1662 1551 123 73 volens
1748 1551 185 73 iniquitatem
1896 1551 86 73 tum
1933 1551 49 73 es

1256 1600 108 60 ergo
1323 1600 94 60 per
1377 1600 175 60 oppositum
1511 1600 135 60 nullus
1605 1600 188 60 acceptatur
1753 1600 94 60 per
1807 1600 188 60 charitatem
1942 1600 40 60 a

1261 1641 114 54 deo.
1332 1641 114 54 nisi
1403 1641 171 54 quatenus
1531 1641 100 54 est
1588 1641 85 54 in
1631 1641 85 54 eo
1673 1641 156 54 aliquid
1787 1641 114 54 quod
1858 1641 85 54 ex
1886 1641 100 54 natu-

1258 1689 87 55 ra
1301 1689 102 55 rei
1359 1689 145 55 reddit
1461 1689 247 55 acceptabilem.
1664 1689 73 55 ⁋
1693 1689 87 55 Et
1736 1689 232 55 confirmatur.
1925 1689 116 55 quia
1983 1689 131 55 Confiru

1259 1736 143 52 forme
1355 1736 191 52 opposite
1498 1736 159 52 habent
1609 1736 223 52 formaliter
1784 1736 191 52 effectus
1911 1736 80 52 op-

1271 1782 152 47 positos
1382 1782 83 47 ex
1423 1782 138 47 natura
1520 1782 111 47 rei.
1590 1782 125 47 sicut
1673 1782 83 47 si
1714 1782 138 47 albedo
1811 1782 97 47 dat
1866 1782 111 47 esse
1922 1782 69 47 al-

1258 1818 101 53 bum
1315 1818 87 53 ex
1359 1818 145 53 natura
1460 1818 116 53 rei.
1532 1818 159 53 nigredo
1648 1818 87 53 ex
1692 1818 145 53 natura
1793 1818 101 53 rei
1851 1818 101 53 dat
1894 1818 87 53 esse

1261 1859 152 59 nigrum.
1372 1859 110 59 ergo
1440 1859 83 59 si
1482 1859 179 59 iniquitas
1620 1859 83 59 ex
1661 1859 138 59 natura
1758 1859 97 59 rei
1813 1859 97 59 est
1854 1859 138 59 odibilis

1261 1900 91 59 deo
1313 1900 91 59 eat
1365 1900 91 59 dat
1417 1900 104 59 esse
1481 1900 143 59 oditum.
1585 1900 91 59 non
1637 1900 143 59 apparet
1741 1900 91 59 cur
1793 1900 91 59 non
1844 1900 91 59 sit
1883 1900 104 59 possi-

1270 1946 129 58 bilis
1356 1946 143 58 aliqua
1456 1946 129 58 forma
1542 1946 115 58 sibi
1614 1946 172 58 opposita
1742 1946 115 58 quae
1814 1946 100 58 det
1857 1946 129 58 formali

1270 1984 98 65 ter
1326 1984 84 65 ex
1368 1984 141 65 natura
1467 1984 98 65 rei
1523 1984 112 65 esse
1593 1984 169 65 dilectum
1720 1984 98 65 vel
1776 1984 183 65 acceptum.
1916 1984 70 65 ⁋
1944 1984 98 65 Pre
1987 1984 112 65 Tertia

1268 2033 124 63 terea
1351 2033 110 63 deus
1419 2033 288 63 rationabilissimus
1666 2033 165 63 dilector
1790 2033 110 63 est.
1858 2033 110 63 quia
1913 2033 69 63 non

1262 2084 120 49 amat
1337 2084 150 49 absque
1442 2084 225 49 rationabili
1622 2084 210 49 inductiuo.
1787 2084 105 49 sed
1832 2084 150 49 dilectio

1262 2123 88 53 et
1306 2123 117 53 amor
1380 2123 176 53 secundum
1512 2123 147 53 rectam
1614 2123 176 53 rationem
1746 2123 161 53 meretur
1849 2123 132 53 redamam

1268 2162 101 62 tem.
1331 2162 151 62 secundum
1445 2162 113 62 illud
1520 2162 214 62 prouerbiorum.
1696 2162 113 62 viii.
1772 2162 88 62 ego
1822 2162 176 62 diligentes
1948 2162 50 62 me

1279 2210 149 56 diligo.
1388 2210 109 56 ergo
1456 2210 81 56 ex
1497 2210 136 56 natura
1592 2210 95 56 rei
1646 2210 109 56 deus
1714 2210 149 56 diligit
1822 2210 122 56 omnem
1890 2210 95 56 dili-

1282 2251 152 62 gentem
1388 2251 91 62 se
1434 2251 91 62 et
1480 2251 183 62 habentem
1617 2251 91 62 ad
1663 2251 107 62 eum
1724 2251 229 62 charitatem.
1891 2251 107 62 iuxta

1262 2296 122 55 illud
1344 2296 176 55 iohannis.
1479 2296 136 55 xiiii.
1574 2296 95 55 qui
1629 2296 149 55 diligit
1737 2296 81 55 me
1778 2296 176 55 diligitur
1914 2296 68 55 a
1927 2296 68 55 pa-

1258 2336 111 58 tre
1322 2336 127 58 meo.
1401 2336 95 58 et
1448 2336 111 58 ego
1512 2336 174 58 diligam
1639 2336 127 58 eum.
1718 2336 79 58 ⁋
1750 2336 190 58 Preterea
1892 2336 174 58 quicun.
2003 2336 127 58 Quarta

1280 2382 93 66 que
1333 2382 79 66 ex
1372 2382 132 66 natura
1465 2382 93 66 rei
1518 2382 146 66 diligit
1624 2382 172 66 iusticiam
1757 2382 185 66 charitatem
1902 2382 79 66 et
1929 2382 66 66 ce-

1281 2427 129 57 teras
1367 2427 187 57 virtutes.
1511 2427 86 57 ex
1554 2427 144 57 natura
1654 2427 101 57 rei
1712 2427 158 57 diligit
1813 2427 173 57 participam

1276 2483 96 42 tem
1331 2483 123 42 illas
1413 2483 178 42 virtutes.
1550 2483 205 42 impossibile
1714 2483 109 42 enim
1782 2483 96 42 est
1837 2483 109 42 quod
1891 2483 96 42 actus

1268 2524 166 51 feratur
1389 2524 136 51 super
1479 2524 166 51 aliquam
1600 2524 151 51 formam
1706 2524 121 51 quin
1782 2524 166 51 feratur
1887 2524 106 51 super

1277 2564 226 68 participantem
1463 2564 120 68 illam
1543 2564 133 68 formam
1636 2564 133 68 saltem
1730 2564 213 68 materialiter
1903 2564 80 68 et
1929 2564 67 68 per
