2300 3076
308 212 115 64 minus
385 212 192 64 philosophus
539 212 166 64 attribuat
667 212 154 64 praecise
782 212 115 64 illis
859 212 154 64 gradibus
961 212 77 64 qui-

319 259 96 66 bus
374 259 164 66 conuenit
497 259 136 66 habere
592 259 205 66 contrarium.
756 259 96 66 non
811 259 123 66 tamen
879 259 150 66 attribuit

320 310 116 60 magis
397 310 77 60 et
436 310 116 60 minus
513 310 154 60 praecise
628 310 116 60 illis
705 310 167 60 speciebus
834 310 103 60 quai
898 310 128 60 habent
975 310 51 60 co

309 349 137 63 traria.
408 349 100 63 quia
470 349 87 63 lux
520 349 149 63 suscipit
632 349 112 63 magis
707 349 75 63 et
744 349 124 63 minus.
831 349 87 63 non
881 349 112 63 tamen
943 349 75 63 habe

317 393 217 61 contrarium.
490 393 87 61 et
533 393 101 61 sic
591 393 87 61 de
635 393 145 61 multis
736 393 145 61 aliis.
837 393 72 61 ⁋
866 393 87 61 Ad
895 393 130 61 tertium

305 434 107 64 dico
372 434 107 64 quod
439 434 94 64 non
492 434 121 64 debet
573 434 147 64 concedi
680 434 80 64 de
720 434 147 64 virtute
827 434 161 64 sermonis
935 434 80 64 quod

316 478 137 70 estper
412 478 137 70 medium
508 478 192 70 componatur
659 478 82 70 ex
700 478 178 70 extremis.
838 478 96 70 nec
893 478 96 70 hoc
934 478 82 70 vuli

321 526 152 65 phsophus.
439 526 82 65 sed
485 526 94 65 quod
544 526 117 65 medium
626 526 82 65 est
673 526 106 65 minus
744 526 152 65 dissimile
861 526 129 65 vtrique
943 526 82 65 extre

308 576 82 56 mo
349 576 109 56 quam
417 576 109 56 vnum
486 576 164 56 extremum
608 576 150 56 alteri.
717 576 68 56 ⁋
745 576 82 56 Ad
786 576 136 56 primum
881 576 109 56 quod
936 576 95 56 innui

308 619 95 61 tur
363 619 95 61 pro
417 619 149 61 secunda
526 619 177 61 opinione.
661 619 109 61 Dico
729 619 109 61 quod
797 619 109 61 illa
865 619 149 61 additis
960 619 68 61 fit

305 665 82 48 ex
346 665 123 48 parte
428 665 137 48 forme.
524 665 96 48 non
579 665 123 48 tamen
661 665 123 48 talis
743 665 150 48 additio
852 665 137 48 variat
934 665 82 48 spe-

307 707 94 59 cie.
366 707 94 59 nisi
425 707 117 59 quando
507 707 106 59 illud
577 707 129 59 additum
671 707 82 59 est
718 707 141 59 alterius
824 707 141 59 rationis
929 707 70 59 ab
953 707 70 59 illo

300 752 87 61 cui
349 752 150 61 additur.
462 752 75 61 In
499 752 162 61 proposito
624 752 112 61 autem
699 752 112 61 illud
774 752 87 61 cui
823 752 137 61 additur
923 752 75 61 et
948 752 75 61 quod

295 801 135 55 additur
393 801 98 55 sunt
455 801 135 55 eiusdem
553 801 160 55 rationis.
676 801 62 55 ⁋
701 801 74 55 Ad
738 801 148 55 secundum
849 801 98 55 dico
910 801 98 55 quod
959 801 62 55 il-

299 830 88 64 le
343 830 103 64 due
402 830 221 64 caliditates
579 830 147 64 quarum
682 830 103 64 vna
741 830 103 64 est
800 830 147 64 addita
888 830 133 64 alteri.

296 872 91 71 solo
353 872 114 71 numero
433 872 149 71 differunt
547 872 69 71 Et
581 872 114 71 quando
661 872 137 71 dicitur.
764 872 91 71 quod
821 872 160 71 distinctio
935 872 69 71 nume

296 923 126 68 ralis
380 923 98 68 non
436 923 98 68 est
492 923 112 68 nisi
562 923 126 68 penes
646 923 238 68 distinctionem
828 923 182 68 subiectorum

292 961 98 69 Dico
353 961 98 69 quod
414 961 86 69 est
464 961 123 69 falsum
550 961 98 69 quia
611 961 135 69 possunt
709 961 86 69 duo
758 961 172 69 accidentia
893 961 98 69 sine
942 961 74 69 omni

290 1008 171 65 subiecto
418 1008 186 65 distingui
561 1008 229 65 numeraliter.
747 1008 200 65 Ueruntamen
890 1008 114 65 natura

292 1053 123 65 liter
374 1053 137 65 quando
470 1053 137 65 aliqua
566 1053 192 65 accidentia
717 1053 109 65 nata
785 1053 109 65 sunt
853 1053 123 65 fieri
922 1053 82 65 vnum

285 1101 156 59 accidens
402 1101 143 59 numero.
506 1101 78 59 si
545 1101 91 59 sic
597 1101 221 59 distinguuntur
779 1101 104 59 quod
844 1101 104 59 sunt
909 1101 91 59 duo
948 1101 65 59 in-

289 1139 165 70 diuidua
409 1139 105 70 nec
469 1139 194 70 facientia
618 1139 120 70 vnum
693 1139 224 70 indiuiduum.
872 1139 120 70 tume
932 1139 75 70 sem

301 1190 86 64 per
350 1190 208 64 distinguuntur
521 1190 159 64 subiecto.
643 1190 86 64 sed
692 1190 86 64 sic
741 1190 86 64 non
790 1190 86 64 est
839 1190 73 64 in
863 1190 147 64 proposito.

307 1230 69 57 ⁋
335 1230 83 57 Ad
376 1230 138 57 primum
473 1230 193 57 principale
625 1230 110 57 dico
693 1230 110 57 quod
762 1230 193 57 extendendo
900 1230 97 57 compo

283 1276 148 65 sitione
390 1276 80 65 ad
430 1276 228 65 compositionem
618 1276 80 65 ex
658 1276 161 65 pluribus
779 1276 161 65 partibus
886 1276 121 65 eiusdem

287 1319 171 54 rationis.
418 1319 171 54 caliditas
550 1319 145 54 sequens
655 1319 92 54 est
708 1319 197 54 compositior
852 1319 145 54 calidita-

286 1364 64 60 te
318 1364 170 60 praecedente.
456 1364 74 60 Nec
498 1364 74 60 est
541 1364 180 60 vniversaliter
689 1364 95 60 verum
753 1364 85 60 quod
806 1364 106 60 quanto
880 1364 117 60 aliquid
954 1364 53 60 est

289 1405 168 68 simplicius
421 1405 108 68 tanto
493 1405 84 68 est
541 1405 180 68 perfectius.
686 1405 96 68 quia
746 1405 72 68 in
782 1405 120 68 multis
854 1405 144 68 compositio

292 1452 68 60 ra
326 1452 91 60 sunt
383 1452 171 60 simpliciter
519 1452 171 60 perfectiora
656 1452 182 60 simplicibus.
804 1452 102 60 illud
872 1452 114 60 patet.
941 1452 68 60 quia

292 1500 164 63 compositum
421 1500 82 63 est
468 1500 176 63 simpliciter
609 1500 164 63 perfectius
737 1500 129 63 vtraque
831 1500 117 63 parte.
913 1500 70 63 et
936 1500 59 63 ita

278 1541 91 65 est
330 1541 78 65 in
369 1541 181 65 proposito.
511 1541 65 65 ⁋
537 1541 78 65 Ad
576 1541 156 65 secundum
693 1541 181 65 principale
835 1541 117 65 patet
900 1541 91 65 prius

271 1576 293 74 Distinctionis.
515 1576 147 74 xvii.
613 1576 179 74 Questio
727 1576 163 74 septima.

433 1641 257 95 Tem
580 1641 330 95 quero
763 1641 220 95 dtru

452 1720 94 52 in
499 1720 266 52 augmentatione
718 1720 219 52 charitatis
875 1720 109 52 illud

445 1752 96 68 quod
505 1752 133 68 additur
602 1752 84 68 sit
650 1752 133 68 eiusdem
746 1752 133 68 speciei
830 1752 157 68 spalissimen

269 1806 96 56 cum
324 1806 179 56 charitate
462 1806 193 56 precedente
613 1806 165 56 separata
737 1806 83 56 ab
778 1806 96 56 ea.
833 1806 69 56 ⁋
861 1806 110 56 Quod
916 1806 83 56 non.

283 1848 86 52 quia
337 1848 130 52 secundum
434 1848 173 52 philosophum.
575 1848 86 52 vii.
629 1848 108 52 metha.
704 1848 65 52 ex
737 1848 108 52 duobus
812 1848 65 52 in
845 1848 86 52 actu
899 1848 76 52 non
931 1848 54 52 fit

274 1893 142 57 tertium.
381 1893 95 57 ergo
440 1893 130 57 oportet
534 1893 95 57 quod
594 1893 95 57 vnum
653 1893 83 57 sit
700 1893 71 57 in
736 1893 142 57 potentia
842 1893 142 57 respectu
937 1893 47 57 al

276 1939 134 60 terius.
373 1939 85 60 sed
422 1939 110 60 nulla
496 1939 147 60 charitas
605 1939 122 60 potest
691 1939 98 60 esse
752 1939 73 60 in
789 1939 147 60 potentia
886 1939 98 60 respe-

282 1975 88 59 ctu
333 1975 150 59 alterius
445 1975 175 59 charitatis
583 1975 100 59 quia
645 1975 113 59 nulla
720 1975 150 59 charitas
833 1975 125 59 potest
908 1975 75 59 esse

273 2020 163 67 subiectum
399 2020 151 67 alterius
512 2020 188 67 charitatis.
663 2020 100 67 ergo
725 2020 75 67 ex
763 2020 126 67 duabus
851 2020 88 67 non
889 2020 100 67 potest

277 2062 111 62 fieri
351 2062 86 62 per
400 2062 74 62 se
437 2062 111 62 vnum.
511 2062 99 62 ergo
572 2062 99 62 etc.
634 2062 62 62 ⁋
659 2062 148 62 Preterea
770 2062 123 62 diuidi
856 2062 74 62 in
880 2062 99 62 partes

274 2113 119 58 eiusdem
361 2113 130 58 rationis
458 2113 130 58 conuenit
556 2113 87 58 soli
610 2113 108 58 quanto
686 2113 130 58 secundum
783 2113 162 58 philosophum
913 2113 65 58 v.
935 2113 43 58 me

276 2156 102 62 tha.
340 2156 90 62 sed
391 2156 154 62 charitas
507 2156 90 62 non
558 2156 90 62 est
609 2156 141 62 quanta.
711 2156 102 62 ergo
775 2156 90 62 non
827 2156 115 62 habet
891 2156 102 62 partes

275 2202 132 61 eiusdem
371 2202 144 61 rationis
479 2202 120 61 quarum
563 2202 156 61 quaelibet
683 2202 120 61 potest
767 2202 96 61 esse
827 2202 84 61 hoc
863 2202 120 61 aliquid.

273 2243 76 62 ⁋
303 2243 183 62 Preterea
440 2243 107 62 duo
501 2243 213 62 accidentia
668 2243 228 62 differentia
851 2243 122 62 solo
912 2243 76 62 nu-

263 2290 103 56 mero
328 2290 90 56 non
379 2290 142 56 possunt
483 2290 103 56 esse
547 2290 116 56 simul
625 2290 77 56 in
663 2290 116 56 eodem
741 2290 168 56 subiecto.
870 2290 90 56 sed
909 2290 77 56 ille

265 2330 101 68 due
322 2330 202 68 charitates
481 2330 202 68 differrent
639 2330 115 68 solo
712 2330 159 68 numero.
827 2330 115 68 ergo
885 2330 87 68 etc.

271 2376 81 60 ⁋
303 2376 97 60 Ad
352 2376 226 60 oppositum.
529 2376 97 60 in
578 2376 274 60 augmentatione
787 2376 194 60 charitatis

265 2412 133 68 aliquid
361 2412 145 68 additur.
470 2412 84 68 sed
518 2412 84 68 non
567 2412 133 68 additur
663 2412 133 68 aliquid
760 2412 145 68 alterius
856 2412 133 68 rationis.

271 2457 98 65 ergo
332 2457 135 65 additur
431 2457 135 65 aliquid
529 2457 135 65 eiusdem
627 2457 160 65 rationis.
750 2457 123 65 Ihaior
836 2457 135 65 probata
923 2457 61 65 est

265 2512 73 55 in
301 2512 182 55 praecedenti
447 2512 182 55 quaestione.
593 2512 109 55 Minor
666 2512 158 55 probatur.
788 2512 97 55 quia
848 2512 109 55 illud
921 2512 85 55 ad¬

263 2550 111 54 ditum
337 2550 148 54 alterius
448 2550 161 54 rationis.
571 2550 86 54 aut
621 2550 136 54 faceret
720 2550 86 54 per
769 2550 74 54 se
806 2550 99 54 vnum
868 2550 86 54 cum
905 2550 74 54 cha-

257 2595 135 73 ritate
352 2595 149 73 priori.
461 2595 95 73 aut
515 2595 108 73 non.
583 2595 81 73 Si
623 2595 108 73 sic.
691 2595 108 73 ergo
759 2595 190 73 necessario
894 2595 95 73 varia

1124 214 90 66 ret
1176 214 155 66 speciem.
1292 214 103 66 quia
1356 214 129 66 quando
1446 214 129 66 aliqua
1537 214 168 66 indiuidua
1666 214 90 66 sic
1717 214 77 66 se
1743 214 103 66 habent

1125 277 102 59 quod
1189 277 141 59 aliquid
1291 277 89 59 est
1343 277 179 59 essentiale
1483 277 89 59 vni
1534 277 128 59 eorum.
1624 277 77 59 et
1662 277 115 59 nihil
1726 277 115 59 eiusdem

1115 319 157 55 rationis
1233 319 92 55 est
1285 319 184 55 essentiale
1430 319 144 55 alteri.
1534 319 105 55 illa
1600 319 184 55 necessario
1731 319 118 55 distin-

1120 366 142 58 guntur
1219 366 157 58 specie.
1333 366 114 58 ergo
1405 366 171 58 charitas
1533 366 199 58 praecedens
1689 366 85 58 et
1718 366 128 58 sequens

1115 407 143 63 specie
1215 407 286 63 distinguerentur.
1457 407 114 63 quod
1529 407 100 63 est
1586 407 186 63 manifeste
1714 407 129 63 falsum:

1124 448 77 54 Si
1163 448 116 54 autem
1240 448 90 54 non
1291 448 154 54 facerent
1407 448 90 54 per
1458 448 77 54 se
1496 448 103 54 vnum
1561 448 90 54 cum
1612 448 116 54 illo.
1689 448 90 54 non
1727 448 116 54 augmen-

1118 498 129 57 tarent
1208 498 129 57 ipsum.
1298 498 103 57 quia
1362 498 103 57 vnam
1427 498 180 57 indiuiduum
1568 498 154 57 alterius
1684 498 141 57 speciei
1787 498 77 57 ad

1114 530 130 70 ditum
1200 530 101 70 non
1258 530 130 70 poest
1345 530 203 70 augmentare
1504 530 130 70 aliud
1591 530 203 70 indiuiduum
1736 530 101 70 alte-

1115 583 98 58 rius
1176 583 135 58 specei.
1274 583 61 58 ⁋
1298 583 73 58 Si
1335 583 135 58 dicatur
1433 583 98 58 quod
1494 583 135 58 quamuis
1592 583 135 58 additum
1690 583 86 58 sit
1727 583 110 58 eiusdem

1122 622 141 65 rationis
1228 622 82 65 cum
1275 622 152 65 charitate
1392 622 141 65 praeuia.
1497 622 82 65 non
1544 622 105 65 tamen
1614 622 82 65 est
1661 622 70 65 ab
1696 622 70 65 ea
1720 622 117 65 separabi

1120 668 73 55 le
1156 668 61 55 ⁋
1180 668 133 55 Contra.
1277 668 121 55 quando
1362 668 121 55 aliqua
1447 668 97 55 sunt
1507 668 133 55 eiusdem
1604 668 145 55 rationis
1713 668 73 55 et
1749 668 73 55 se
1773 668 61 55 to-

1102 711 97 64 tis
1158 711 194 64 distincta.
1310 711 97 64 non
1366 711 97 64 est
1422 711 125 64 maior
1505 711 125 64 ratio
1588 711 111 64 quod
1658 711 111 64 vnum
1713 711 139 64 illorum.

1097 763 132 45 possit
1189 763 106 45 esse
1256 763 93 45 per
1309 763 79 45 se
1348 763 106 45 quam
1415 763 172 45 reliquum.
1547 763 106 45 ergo
1613 763 79 45 si
1653 763 159 45 charitas
1759 763 66 45 pre

1107 798 129 61 cedens
1197 798 129 61 potest
1288 798 168 61 separari:
1417 798 77 61 et
1456 798 142 61 sequens
1559 798 142 61 poterit
1662 798 168 61 separari.
1791 798 90 61 Cir

1116 842 80 67 ca
1156 842 120 67 istam
1236 842 186 67 questionem
1382 842 93 67 est
1435 842 147 67 opinio.
1542 842 107 67 quod
1609 842 160 67 charitas
1728 842 80 67 et
1755 842 80 67 que-

1102 887 132 54 libet
1190 887 132 54 forma
1279 887 220 54 augmentatur
1455 887 103 54 per
1514 887 162 54 aliquam
1631 887 191 54 realitate
1764 887 73 54 rea

1116 936 119 60 liter
1195 936 185 60 distinctam
1341 936 66 60 a
1367 936 119 60 prima
1447 936 172 60 realitate
1579 936 79 60 et
1619 936 93 60 cum
1672 936 106 60 ipsa
1725 936 106 60 facien

1108 983 71 58 te
1144 983 82 58 per
1191 983 71 58 se
1226 983 106 58 vnum.
1297 983 82 58 Sed
1344 983 129 58 dicitur
1438 983 94 58 quod
1497 983 141 58 realitas
1602 983 94 58 illa
1661 983 141 58 secundum
1755 983 71 58 quam

1097 1025 129 61 minor
1183 1025 172 61 charitas
1312 1025 201 61 perficitur
1470 1025 86 61 et
1513 1025 201 61 intenditur
1671 1025 101 61 non
1728 1025 101 61 est
1772 1025 57 61 in

1106 1069 120 55 tegra
1185 1069 160 55 charitas
1305 1069 80 55 et
1345 1069 173 55 praecisa:
1478 1069 173 55 distincte
1611 1069 199 55 participans
1757 1069 80 55 rea-

1101 1108 150 69 litatem
1210 1108 82 69 et
1251 1108 164 69 rationem
1374 1108 205 69 charitatis.
1538 1108 95 69 sed
1592 1108 95 69 per
1647 1108 150 69 quandam
1743 1108 95 69 redu-

1102 1158 168 57 ctionem.
1228 1158 84 57 vt
1270 1158 126 57 quasi
1354 1158 140 57 posset
1452 1158 112 57 dici
1523 1158 224 57 concharitas.
1705 1158 98 57 est
1747 1158 84 57 enim

1104 1204 156 55 realitas
1221 1204 130 55 omnino
1311 1204 246 55 impraecisibilis
1519 1204 91 55 tam
1571 1204 78 55 re
1610 1204 104 55 quam
1661 1204 156 55 intellecti

1098 1241 104 61 Unde
1163 1241 91 61 non
1215 1241 91 61 est
1267 1241 182 61 factibilis
1410 1241 91 61 per
1462 1241 78 61 se
1501 1241 117 61 etiam
1579 1241 91 61 per
1631 1241 143 61 diuinam
1722 1241 104 61 poten-

1093 1289 123 59 tiam.
1175 1289 96 59 sic
1230 1289 109 59 quod
1298 1289 137 59 capiat
1394 1289 109 59 esse
1463 1289 178 59 praecisum
1599 1289 82 59 et
1627 1289 191 59 determinatum

1099 1333 95 57 nec
1154 1333 95 57 est
1208 1333 176 57 intuitiue
1343 1333 258 57 intelligibilis.
1560 1333 95 57 sed
1601 1333 217 57 communicabilis

1095 1379 144 55 tantum.
1200 1379 92 55 ita
1252 1379 105 55 quod
1317 1379 196 55 intellectus
1474 1379 131 55 angeli
1566 1379 92 55 non
1618 1379 131 55 posset
1696 1379 118 55 charita

1095 1421 105 58 tem
1155 1421 226 58 augmentatam
1336 1421 181 58 diuidere
1471 1421 196 58 intuitiue
1621 1421 90 58 in
1667 1421 120 58 duas
1727 1421 90 58 cha-

1090 1466 179 48 ritates.
1224 1466 104 48 sed
1284 1466 149 48 semper
1388 1466 179 48 charitas
1522 1466 134 48 aucta
1611 1466 179 48 occurrit
1731 1466 89 48 sibi

1102 1508 85 53 vt
1144 1508 114 53 vnum
1215 1508 99 53 cui
1272 1508 156 53 additum
1386 1508 99 53 est
1443 1508 156 53 aliquid
1556 1508 199 53 charitatis
1712 1508 99 53 non
1755 1508 71 53 cha

1090 1553 151 58 ritas.
1196 1553 91 58 Et
1241 1553 106 58 per
1301 1553 151 58 eundem
1407 1553 136 58 modum
1498 1553 106 58 est
1558 1553 257 58 intelligendum
1755 1553 60 58 de

1096 1594 174 63 albedine
1226 1594 87 63 et
1270 1594 145 63 calore
1371 1594 87 63 et
1415 1594 116 63 omni
1487 1594 131 63 forma
1574 1594 102 63 que
1632 1594 160 63 augetur
1748 1594 73 63 ⁋
1763 1594 73 63 hoc

1101 1645 174 51 probatur.
1235 1645 107 51 quia
1302 1645 161 51 tenendum
1422 1645 94 51 est
1476 1645 80 51 de
1516 1645 188 51 intensione
1650 1645 161 51 qualitatum

1090 1686 128 56 nobis
1175 1686 185 56 ignotarum
1317 1686 128 56 sicut
1402 1686 199 56 exprimitur
1558 1686 85 56 in
1601 1686 142 56 formis
1700 1686 85 56 de
1729 1686 85 56 quan

1090 1727 90 60 ta
1135 1727 150 60 specie
1240 1727 209 60 qualitatis
1404 1727 135 60 nobis
1494 1727 150 60 notis.
1599 1727 105 60 sed
1658 1727 135 60 linea
1733 1727 75 60 cui

1090 1775 88 52 ua
1134 1775 176 52 suscipit
1266 1775 132 52 magis
1354 1775 88 52 et
1398 1775 132 52 minus
1486 1775 88 52 vt
1530 1775 117 52 fiat
1603 1775 161 52 curuior
1720 1775 88 52 et
1749 1775 59 52 mi

1080 1812 105 64 nus
1140 1812 150 64 curua.
1245 1812 196 64 Similiter
1396 1812 165 64 raritas
1516 1812 90 64 et
1561 1812 181 64 desitas.
1682 1812 135 64 lenitas

1086 1860 80 53 et
1126 1860 186 53 asperitas.
1272 1860 80 53 et
1312 1860 93 53 sic
1365 1860 80 53 de
1405 1860 120 53 aliis
1485 1860 200 53 intenduntur
1645 1860 93 53 non
1698 1860 93 53 per
1738 1860 67 53 ad-

1091 1901 129 64 uentum
1182 1901 181 64 realitatis
1324 1901 142 64 precise
1427 1901 78 64 ad
1466 1901 116 64 illam
1544 1901 142 64 speciem
1634 1901 181 64 pertinentis.

1084 1946 101 61 non
1141 1946 115 61 enim
1213 1946 158 61 aduenit
1328 1946 115 61 alia
1400 1946 172 61 curuitas
1529 1946 129 61 linee
1615 1946 86 61 vt
1658 1946 115 61 fiat
1716 1946 86 61 cur-

1075 1992 115 50 uior
1147 1992 159 50 ratione
1262 1992 173 50 duplicis
1392 1992 216 50 curuitatis.
1565 1992 101 50 nec
1623 1992 115 50 alia
1680 1992 130 50 raritas

1073 2039 111 42 aeri
1142 2039 97 42 aut
1198 2039 152 42 desitas
1308 2039 138 42 terre.
1405 2039 97 42 sed
1461 2039 125 42 illud
1544 2039 111 42 quod
1613 2039 152 42 aduenit
1710 2039 83 42 part

1077 2077 86 58 net
1126 2077 74 58 ad
1163 2077 147 58 rationem
1273 2077 172 58 specificam
1408 2077 184 58 impraecise.
1556 2077 98 58 ergo
1617 2077 160 58 similiter
1728 2077 61 58 est

1072 2116 66 55 in
1105 2116 99 55 aliis
1171 2116 121 55 formis.
1259 2116 55 55 ⁋
1281 2116 143 55 Preterea.
1391 2116 132 55 secundum
1491 2116 176 55 philosophum.
1634 2116 88 55 iii.
1689 2116 88 55 phi.
1744 2116 66 55 et
1766 2116 55 55 con

1076 2170 113 44 men.
1147 2170 142 44 ibidem
1246 2170 142 44 comen.
1345 2170 170 44 lxxxiii.
1472 2170 142 44 simile
1571 2170 99 44 est
1628 2170 85 44 de
1656 2170 142 44 augmento

1082 2213 200 54 qualitatis
1239 2213 86 54 et
1282 2213 86 54 de
1325 2213 171 54 augmento
1453 2213 214 54 quantitatis
1625 2213 100 54 per
1667 2213 129 54 rarefa-

1071 2247 155 66 ctionem.
1188 2247 91 66 sed
1239 2247 91 66 per
1291 2247 220 66 rarefactionem
1472 2247 142 66 crescit
1576 2247 168 66 quantitas
1692 2247 104 66 absque

1070 2292 91 65 hoc
1122 2292 104 65 quod
1187 2292 156 65 adueniat
1304 2292 104 65 pars
1369 2292 91 65 que
1421 2292 91 65 sit
1473 2292 156 65 praecise
1590 2292 182 65 quantitas.
1720 2292 78 65 quia

1072 2346 92 54 non
1124 2346 132 54 potest
1217 2346 198 54 demonstrari
1375 2346 92 54 nec
1427 2346 79 54 in
1467 2346 184 54 superficie
1612 2346 92 54 nec
1664 2346 79 54 in
1691 2346 105 54 profun

1065 2391 99 47 do.
1121 2391 113 47 quia
1192 2391 142 47 vbique
1291 2391 212 47 reperiuntur
1461 2391 198 47 dimesiones
1617 2391 99 47 que
1660 2391 127 47 fuerans

1067 2430 119 60 ante:
1146 2430 79 60 et
1185 2430 119 60 omnes
1265 2430 105 60 sunt
1331 2430 132 60 aucte.
1423 2430 105 60 ergo
1489 2430 171 60 similiter
1621 2430 92 60 est
1673 2430 79 60 in
1700 2430 92 60 aliis

1066 2474 152 43 formis.
1177 2474 69 43 ⁋
1204 2474 180 43 Preterea.
1342 2474 83 43 si
1384 2474 124 43 esset
1467 2474 110 43 alia
1536 2474 166 43 charitas
1646 2474 166 43 impossibi-

1072 2515 84 51 le
1114 2515 126 51 esset
1198 2515 112 51 quod
1268 2515 168 51 charitas
1394 2515 126 51 aucta
1478 2515 154 51 haberet
1590 2515 182 51 numeralem
1716 2515 70 51 vni

1072 2563 108 51 tatem.
1148 2563 173 51 consequentia
1288 2563 108 51 patet.
1363 2563 86 51 quia
1417 2563 119 51 secunda
1504 2563 76 51 non
1547 2563 108 51 potest
1622 2563 97 51 fieri
1687 2563 97 51 eadem
1741 2563 54 51 cum

1066 2603 97 63 prima
1131 2603 129 63 secundum
1228 2603 65 63 se
1260 2603 108 63 totam.
1335 2603 75 63 nec
1378 2603 108 63 potest
1454 2603 86 63 poni
1507 2603 86 63 quod
1561 2603 118 63 vniatur
1647 2603 86 63 sibi
1690 2603 108 63 secundum
