2270 3067
436 218 145 77 aliquid
542 218 93 77 sui
594 218 119 77 eodem
674 218 106 77 modo
740 218 93 77 quo
793 218 93 77 due
846 218 106 77 aque
912 218 159 77 secundum
1031 218 93 77 sua
1071 218 79 77 vlti

432 271 76 62 ma
470 271 113 62 fiunt
546 271 113 62 idem.
622 271 101 62 quia
685 271 151 62 secundum
798 271 88 62 hoc
848 271 151 62 charitas
962 271 101 62 erit
1025 271 113 62 forma
1088 271 63 62 con

437 318 126 58 tinua
521 318 140 58 habens
619 318 140 58 partem
717 318 84 58 et
759 318 140 58 partem
856 318 98 58 sue
912 318 238 58 continuitatis
1094 318 56 58 in

431 360 103 61 suis
495 360 154 61 vltimis.
611 360 167 61 similiter
740 360 167 61 huiusmodi
869 360 129 61 partes
959 360 116 61 erunt
1023 360 129 61 quantita

442 416 108 48 tiue.
514 416 96 48 quia
575 416 133 48 quantum
671 416 84 48 est
719 416 96 48 quod
779 416 84 48 est
828 416 169 48 diuisibile
960 416 72 48 in
996 416 121 48 partes
1069 416 72 48 quam

449 448 113 68 qalibet
531 448 72 68 est
572 448 72 68 hoc
613 448 113 68 aliquid
695 448 123 68 secundum
787 448 164 68 philosophum.
921 448 62 68 v.
952 448 103 68 metha.
1024 448 62 68 Si
1054 448 82 68 ergo
1095 448 62 68 quae

440 489 118 63 libet
518 489 105 63 pars
584 489 183 63 charitatis
728 489 131 63 auctem
820 489 92 63 est
872 489 170 63 charitas.
1003 489 79 63 et
1042 489 118 63 tamen
1108 489 52 63 cu

435 536 101 61 hoc
492 536 130 61 omnes
579 536 145 61 partes
681 536 203 61 charitatis
840 536 116 61 sunt
912 536 101 61 vna
970 536 174 61 charitas
1086 536 72 61 con

441 590 150 57 tinua.
546 590 179 57 charitas
680 590 135 57 aucta
770 590 120 57 erit
845 590 120 57 vnum
920 590 179 57 quantum.
1054 590 75 57 ⁋
1069 590 90 57 Pre-

440 622 130 62 terea
526 622 87 62 in
570 622 116 62 motu
642 622 217 62 intensionis
815 622 246 62 quantumcumque
1018 622 144 62 modico
1104 622 58 62 ac

450 666 147 71 quiruntur
562 666 135 71 infinite
664 666 113 71 partes
743 666 68 71 in
777 666 147 71 potentia.
889 666 68 71 si
923 666 90 71 ergo
980 666 90 71 iste
1036 666 113 71 partes
1104 666 56 71 non

436 709 204 61 concurrant
597 709 88 61 ad
641 709 161 61 aliquam
757 709 175 61 vnitatem
889 709 190 61 formalem.
1035 709 102 61 non
1078 709 88 61 enim

439 756 161 64 vniuntur
559 756 80 64 se
599 756 134 64 totis.
693 756 94 64 nec
746 756 161 64 secundum
867 756 134 64 vltima
960 756 107 64 sua.
1027 756 134 64 restat
1107 756 54 64 vt

439 799 114 60 sint
510 799 100 60 ibi
567 799 171 60 infinite
696 799 129 60 furme
781 799 143 60 quarum
881 799 171 60 quelibet
1010 799 100 60 est
1053 799 114 60 indiui

447 842 67 67 sa
480 842 67 67 in
514 842 67 67 se
548 842 67 67 et
582 842 112 67 diuisa
660 842 67 67 ab
694 842 101 67 alia.
761 842 67 67 et
795 842 79 67 per
840 842 157 67 consequens
964 842 169 67 naturaliter
1087 842 79 67 infi-

438 881 119 64 nite
513 881 119 64 quod
587 881 104 64 est
647 881 238 64 impossibile.
840 881 74 64 ⁋
870 881 179 64 Preterea
1004 881 119 64 ille
1064 881 104 64 chari

448 931 132 61 tates
537 931 103 61 non
595 931 162 61 faciunt
713 931 118 61 vnum
787 931 162 61 vnitate
904 931 250 61 compositionis
1095 931 74 61 qua

446 972 87 63 si
490 972 102 63 vna
548 972 102 63 sit
607 972 160 63 materia
723 972 87 63 et
767 972 116 63 alia
839 972 146 63 forma.
941 972 102 63 nec
999 972 160 63 vnitate
1101 972 73 63 com

455 1019 206 60 tinuitatis
617 1019 103 60 nec
676 1019 162 60 vnitate
794 1019 177 60 hogenei.
927 1019 118 60 quia
1000 1019 162 60 hogenea
1103 1019 74 60 non

454 1062 166 62 vniuntur
578 1062 110 62 nisi
647 1062 97 62 per
703 1062 262 62 continuationem.
924 1062 124 62 sicut
1006 1062 110 62 aqua
1062 1062 110 62 vnitur

461 1104 109 64 aque.
534 1104 97 64 Unde
594 1104 109 64 anima
667 1104 109 64 anime
740 1104 85 64 non
789 1104 134 64 vnitur:
886 1104 134 64 quamuis
983 1104 121 64 hogena
1068 1104 97 64 sit.
1116 1104 61 64 nec

461 1151 148 61 vnitate
568 1151 202 61 identitatis
730 1151 162 61 omnimode
851 1151 81 61 et
892 1151 189 61 simplicis.
1040 1151 108 61 quia
1094 1151 81 61 tunc

446 1192 208 62 amitteret
606 1192 128 62 suas
686 1192 240 62 realitates.
879 1192 112 62 nec
943 1192 176 62 vnitate
1055 1192 128 62 aggre-

461 1246 163 65 gationis
584 1246 81 65 et
624 1246 163 65 cuiusdam
747 1246 136 65 acerui
842 1246 109 65 quia
909 1246 95 65 hoc
964 1246 95 65 est
1005 1246 177 65 horribilius

468 1281 122 60 esset
549 1281 108 60 enim
616 1281 149 60 aceruus
724 1281 122 60 rerum
805 1281 243 60 innumerabilium
1008 1281 81 60 et
1035 1281 149 60 multitudi

458 1326 89 60 nis
509 1326 166 60 infinite.
637 1326 89 60 Sed
687 1326 178 60 manifestum
828 1326 89 60 est
878 1326 102 60 quod
942 1326 89 60 non
993 1326 127 60 potest
1069 1326 115 60 praeter

463 1371 128 62 istas
548 1371 170 62 vnitates
676 1371 114 62 alia
747 1371 199 62 assignari.
903 1371 114 62 ergo
974 1371 128 62 tales
1045 1371 142 62 charita-

461 1414 89 61 tes
512 1414 89 61 non
563 1414 140 61 faciunt
665 1414 115 61 vnum.
741 1414 76 61 et
780 1414 89 61 per
831 1414 178 61 consequens
971 1414 89 61 non
1021 1414 102 61 sunt
1072 1414 115 61 ponende

520 1460 126 66 qista
604 1460 154 66 opinion
716 1460 126 66 ponit
800 1460 112 66 tres
870 1460 182 66 articulos
1010 1460 112 66 quos
1066 1460 112 66 reputo

460 1501 135 63 fallos
554 1501 135 63 primus
648 1501 94 63 est
702 1501 108 63 quod
769 1501 121 63 illud
850 1501 148 63 additum
958 1501 81 63 in
998 1501 162 63 augmento
1106 1501 81 63 cha-

467 1542 142 64 ritatis
570 1542 90 64 non
622 1542 181 64 participat
764 1542 155 64 rationem
880 1542 181 64 charitatis
1022 1542 77 64 vt
1061 1542 103 64 vere
1113 1542 77 64 pos-

468 1590 86 63 sit
517 1590 98 63 dici
578 1590 160 63 charitas.
701 1590 148 63 Secundus
812 1590 86 63 est
861 1590 98 63 quod
923 1590 86 63 non
972 1590 123 63 potest
1058 1590 86 63 per
1095 1590 86 63 diui-

465 1637 87 57 nam
514 1637 162 57 potentiam
639 1637 112 57 fieri
714 1637 87 57 per
763 1637 75 57 se
801 1637 100 57 sine
863 1637 125 57 priori
950 1637 62 57 ⁋
975 1637 137 57 Tertius
1075 1637 87 57 est
1112 1637 75 57 quod

467 1677 92 64 non
519 1677 131 64 potest
611 1677 170 64 intuitiue
742 1677 170 64 intelligi
873 1677 105 64 sine
938 1677 144 64 priori.
1043 1677 105 64 Ideo
1095 1677 92 64 arguo

480 1721 132 58 contra
572 1721 92 58 eos
625 1721 119 58 primo
704 1721 264 58 conclusioprimum.
928 1721 66 58 ⁋
955 1721 119 58 Primo
1034 1721 106 58 sic.
1086 1721 106 58 Quero.

480 1765 73 63 de
516 1765 98 63 illo
577 1765 134 63 addito.
675 1765 85 63 aut
724 1765 98 63 erit
785 1765 134 63 eiusdem
883 1765 147 63 rationis
993 1765 85 63 cum
1041 1765 134 63 priori.
1127 1765 61 63 aut

479 1809 129 59 alterius.
578 1809 69 59 non
618 1809 119 59 alterius
707 1809 129 59 rationis.
806 1809 79 59 quia
855 1809 119 59 secundum
944 1809 99 59 istum.
1014 1809 59 59 et
1043 1809 89 59 verum
1103 1809 79 59 est.
1142 1809 50 59 num

472 1852 92 67 quam
529 1852 126 67 aliquid
621 1852 172 67 augmentatur
759 1852 80 67 per
805 1852 126 67 aliquod
896 1852 126 67 additum
988 1852 138 67 alterius
1080 1852 115 67 rationis

473 1896 91 65 sed
525 1896 130 65 simile
616 1896 143 65 augetur
719 1896 91 65 suo
771 1896 143 65 simili.
875 1896 78 65 Si
914 1896 91 65 sit
966 1896 143 65 eiusdem
1056 1896 130 65 rationis

477 1940 96 59 tunc
537 1940 119 59 arguo.
620 1940 191 59 quandocumque
776 1940 119 59 aliqua
859 1940 96 59 sunt
919 1940 131 59 eiusdem
1015 1940 143 59 rationis
1110 1940 84 59 quico

475 1982 91 69 quid
531 1982 193 69 essentialiter
690 1982 170 69 praedicatur
826 1982 68 69 de
860 1982 79 69 vno
905 1982 68 69 et
939 1982 68 69 in
973 1982 91 69 quid
1030 1982 68 69 et
1064 1982 79 69 per
1109 1982 68 69 se
1132 1982 68 69 pri-

482 2026 66 61 mo
515 2026 98 61 modo.
581 2026 98 61 eodem
646 2026 88 61 modo
701 2026 164 61 praedicatur
832 2026 66 61 de
865 2026 131 61 reliquo.
963 2026 88 61 ergo
1018 2026 66 61 si
1051 2026 131 61 secundum
1149 2026 66 61 ad

483 2070 108 62 ditum
555 2070 84 62 sit
603 2070 132 62 eiusdem
700 2070 144 62 rationis
808 2070 84 62 cum
856 2070 156 62 charitate
976 2070 84 62 cui
1024 2070 144 62 additur.
1121 2070 84 62 quic-

485 2115 93 71 quid
544 2115 175 71 praedicatur
683 2115 70 71 de
718 2115 93 71 illa
777 2115 151 71 charitate
893 2115 82 71 per
940 2115 70 71 se
975 2115 105 71 primo
1045 2115 93 71 modo
1091 2115 105 71 praedi-

479 2155 145 70 cabitur
584 2155 79 70 de
624 2155 171 70 istogradu
756 2155 145 70 addito.
861 2155 105 70 ergo
927 2155 79 70 si
967 2155 92 70 hec
1019 2155 92 70 sit
1072 2155 119 70 vera.
1138 2155 66 70 hoc

478 2203 170 62 charitas
606 2203 99 62 est
662 2203 185 62 charitas.
804 2203 99 62 hec
861 2203 99 62 est
918 2203 128 62 vera.
1003 2203 99 62 hoc
1060 2203 99 62 est
1103 2203 99 62 chari

491 2246 101 61 tas
548 2246 216 61 demonstrato
721 2246 115 61 illo
793 2246 144 61 addito
894 2246 72 61 ⁋
923 2246 173 61 Preterea
1053 2246 144 61 quando
1139 2246 72 61 in-

489 2290 92 60 ter
541 2290 144 60 aliquas
646 2290 131 60 partes
737 2290 157 60 alicuius
855 2290 131 60 totius
947 2290 92 60 est
999 2290 118 60 tanta
1064 2290 144 60 conuenien

497 2337 92 56 tia
550 2337 92 56 vel
602 2337 119 56 maior
681 2337 132 56 quanta
773 2337 92 56 est
826 2337 119 56 inter
905 2337 132 56 partes
997 2337 158 56 alterius
1103 2337 105 56 totius

487 2374 68 66 si
521 2374 102 66 illud
589 2374 91 66 idem
645 2374 170 66 praedicatum
781 2374 91 66 quod
838 2374 170 66 praedicatur
973 2374 68 66 de
1007 2374 91 66 alio
1064 2374 91 66 toto
1109 2374 102 66 praedi-

501 2421 102 62 catur
569 2421 68 62 de
602 2421 136 62 qualibet
704 2421 102 62 parte
772 2421 90 62 sua.
829 2421 102 62 eadem
897 2421 124 62 ratione
987 2421 68 62 si
1021 2421 124 62 aliquid
1100 2421 102 62 praedi-

498 2464 105 62 catur
568 2464 70 62 de
603 2464 105 62 primo
673 2464 93 62 toto
731 2464 81 62 per
778 2464 70 62 se
813 2464 105 62 primo
882 2464 93 62 modo
941 2464 198 62 praedicabitur
1104 2464 70 62 de
1127 2464 93 62 quali-

502 2512 88 58 bet
553 2512 88 58 sui
603 2512 126 58 parte.
691 2512 88 58 sed
741 2512 113 58 tanta
817 2512 88 58 est
867 2512 201 58 conuenientia
1031 2512 88 58 vel
1081 2512 113 58 maior
1144 2512 63 58 in-

497 2545 101 68 ter
554 2545 116 68 duas
627 2545 145 68 partes
728 2545 130 68 vnius
815 2545 203 68 charitatis
974 2545 145 68 quanta
1076 2545 159 68 ipsarum
1177 2545 58 68 a-

500 2596 123 76 quarum
586 2596 86 76 cum
635 2596 99 76 illa
697 2596 99 76 aqua
759 2596 111 76 tota:
833 2596 74 76 et
870 2596 123 76 quanta
956 2596 86 76 est
1006 2596 111 76 inter
1080 2596 99 76 duas
1129 2596 99 76 partes

1245 195 176 74 albedinis
1381 195 108 74 loco
1448 195 81 74 et
1489 195 108 74 situ
1557 195 203 74 distinctas.
1719 195 81 74 et
1760 195 149 74 illarum
1868 195 95 74 cum
1908 195 68 74 al-

1250 253 129 65 bedine
1341 253 116 65 tota:
1418 253 78 65 et
1457 253 103 65 vere
1522 253 142 65 dicitur
1625 253 103 65 quod
1690 253 90 65 hec
1741 253 103 65 pars
1806 253 103 65 aque
1871 253 90 65 est
1909 253 52 65 ad

1243 296 82 62 et
1284 296 109 62 quod
1353 296 96 62 hec
1407 296 109 62 pars
1476 296 178 62 albedinis
1613 296 96 62 est
1667 296 150 62 albedo.
1777 296 109 62 ergo
1831 296 137 62 equalite

1255 343 95 65 vel
1310 343 123 65 magis
1392 343 150 65 dicetur
1501 343 109 65 quod
1569 343 95 65 hec
1623 343 109 65 pars
1691 343 191 65 charitatis
1841 343 95 65 est
1882 343 82 65 char

1256 395 105 53 tas.
1322 395 66 53 ⁋
1348 395 171 53 Preterea.
1479 395 145 53 quicqud
1585 395 92 53 per
1637 395 79 53 se
1677 395 197 53 praedicatur
1834 395 79 53 de
1861 395 105 53 aliquo

1255 431 153 62 tanquam
1366 431 83 62 de
1408 431 97 62 per
1463 431 83 62 se
1505 431 97 62 suo
1560 431 194 62 indiuiduo.
1713 431 111 62 illo
1783 431 180 62 indiuiduo
1907 431 56 62 ma

1247 471 121 64 nente
1327 471 81 64 et
1368 471 94 64 non
1422 471 189 64 destructo.
1570 471 135 64 semper
1665 471 229 64 praedicabitur
1854 471 81 64 de
1881 471 94 64 eodem

1252 517 97 68 sed
1308 517 111 68 ante
1377 517 250 68 augmentationem
1586 517 97 68 hec
1641 517 97 68 est
1697 517 209 68 simpliciter
1864 517 125 68 vera.
1933 517 42 68 a

1245 566 103 61 est
1304 566 192 61 charitas.
1452 566 207 61 supponendo
1614 566 118 61 quod
1688 566 74 61 a
1717 566 207 61 significet
1865 566 103 61 totam

1248 606 196 67 charitatem
1402 606 238 67 praecedentem.
1598 606 112 67 ergo
1669 606 70 67 a
1697 606 154 67 manente
1809 606 98 67 non
1851 606 126 67 destru-

1257 649 100 66 cto
1314 649 142 66 semper
1413 649 114 66 erit
1484 649 100 66 hec
1541 649 128 66 vera.
1627 649 71 66 a
1655 649 100 66 est
1712 649 185 66 charitas.
1854 649 100 66 sed
1897 649 85 66 post

1262 698 248 64 augmentationem
1469 698 69 64 a
1496 698 124 64 manet
1579 698 83 64 et
1620 698 96 64 non
1675 698 206 64 destruitur.
1840 698 110 64 ergo
1895 698 83 64 tunc

1256 740 93 62 hec
1309 740 93 62 est
1362 740 120 62 vera.
1443 740 67 62 a
1469 740 93 62 est
1523 740 174 62 charitas.
1656 740 107 62 ergo
1723 740 80 62 de
1763 740 120 62 parte
1830 740 160 62 charitatis

1254 785 99 70 vere
1315 785 136 70 dicitur
1414 785 99 70 quod
1476 785 99 70 ipsa
1537 785 86 70 est
1587 785 160 70 charitas.
1710 785 99 70 quia
1771 785 62 70 a
1796 785 99 70 tunc
1858 785 86 70 est
1895 785 86 70 pars.

1258 824 90 67 sed
1310 824 90 67 non
1361 824 90 67 est
1412 824 116 67 maior
1489 824 116 67 ratio
1566 824 103 67 quod
1631 824 90 67 vna
1682 824 103 67 pars
1746 824 180 67 charitatis
1887 824 90 67 sit
1926 824 64 67 cha

1254 872 126 66 ritas
1338 872 112 66 quam
1408 872 126 66 alia.
1492 872 112 66 ergo
1562 872 168 66 quelibet
1688 872 112 66 pars
1758 872 196 66 charitatis
1898 872 84 66 vere

1259 912 78 74 et
1298 912 156 74 realiter
1415 912 91 74 est
1468 912 169 74 charitas.
1598 912 65 74 ⁋
1624 912 78 74 Si
1663 912 143 74 dicatur
1767 912 104 74 quod
1833 912 91 74 non
1885 912 91 74 est
1924 912 65 74 cha

1261 957 123 67 ritas
1343 957 164 67 integra.
1467 957 96 67 hoc
1521 957 96 67 non
1576 957 137 67 valet.
1672 957 110 67 quia
1741 957 82 67 si
1782 957 192 67 intelligat
1919 957 68 67 per

1256 1007 198 59 charitatem
1411 1007 169 59 integram
1538 1007 212 59 charitatem:
1708 1007 99 59 que
1764 1007 99 59 non
1821 1007 99 59 est
1877 1007 113 59 pars
1934 1007 56 59 al

1264 1043 150 71 terius.
1373 1043 95 71 sic
1428 1043 191 71 manifestum
1578 1043 95 71 est
1632 1043 109 71 quod
1700 1043 95 71 non
1755 1043 95 71 est
1809 1043 163 71 charitas
1918 1043 82 71 inte

1260 1089 109 74 gra:
1329 1089 82 74 et
1370 1089 123 74 eodem
1452 1089 109 74 modo
1520 1089 205 74 concedendum
1684 1089 96 74 est
1739 1089 109 74 quod
1807 1089 109 74 pars
1876 1089 109 74 aque
1931 1089 68 74 non

1271 1131 88 70 est
1322 1131 100 70 aqua
1384 1131 150 70 integra.
1497 1131 100 70 quia
1559 1131 100 70 pars
1622 1131 100 70 aque
1684 1131 88 70 est
1734 1131 113 70 pars.
1809 1131 75 70 Et
1847 1131 88 70 sic
1897 1131 88 70 non
1934 1131 63 70 ar-

1267 1180 138 69 gueret
1364 1180 138 69 contra
1461 1180 180 69 opinionem
1599 1180 111 69 quam
1669 1180 152 69 nititur
1779 1180 194 69 improbare.
1918 1180 83 69 quia

1272 1232 135 52 opinio
1366 1232 95 52 non
1420 1232 135 52 negat:
1515 1232 108 52 quin
1582 1232 162 52 charitas
1704 1232 135 52 addita
1798 1232 108 52 vere
1866 1232 95 52 sit
1906 1232 81 52 pars

1274 1269 194 65 charitatis.
1429 1269 168 65 Similiter
1558 1269 181 65 sequeretur
1701 1269 103 65 quod
1765 1269 103 65 pars
1817 1269 168 65 quantitatis

1264 1309 172 63 distincta
1396 1309 106 63 situ
1462 1309 79 63 ab
1502 1309 106 63 alia
1568 1309 119 63 parte
1647 1309 93 63 non
1700 1309 119 63 esset
1779 1309 185 63 quantitas:
1912 1309 79 63 quod

1280 1358 93 59 est
1333 1358 172 59 manifeste
1465 1358 146 59 falsum.
1571 1358 79 59 et
1611 1358 106 59 ipse
1677 1358 146 59 negati⁋
1783 1358 132 59 Contra
1863 1358 132 59 secundum

1271 1398 166 70 articulum
1399 1398 141 70 ostendo
1501 1398 102 70 quod
1565 1398 90 70 per
1616 1398 141 70 diuinam
1719 1398 166 70 potentiam
1847 1398 128 70 potest
1923 1398 77 70 illa

1277 1441 153 64 charitas
1392 1441 127 64 addita
1481 1441 89 64 per
1532 1441 76 64 se
1570 1441 127 64 fieri.
1659 1441 102 64 sic:
1722 1441 102 64 quia
1786 1441 203 64 quandocunque
1938 1441 64 64 ali

1286 1486 90 68 qua
1338 1486 103 68 sunt
1402 1486 141 68 eiusdem
1504 1486 167 68 rationis.
1633 1486 77 68 si
1671 1486 103 68 vnum
1735 1486 141 68 illorum
1838 1486 90 68 per
1889 1486 77 68 se
1915 1486 90 68 fieri

1280 1536 132 61 potest
1372 1536 92 61 per
1425 1536 145 61 diuinam
1531 1536 185 61 potentiam.
1676 1536 158 61 reliquum
1795 1536 145 61 istorum
1887 1536 119 61 poterit

1281 1580 112 56 fieri
1355 1580 87 56 per
1405 1580 75 56 se
1442 1580 87 56 per
1492 1580 137 56 diuinam
1592 1580 174 56 potentiam.
1728 1580 100 56 quia
1791 1580 75 56 si
1828 1580 100 56 ista
1890 1580 100 56 sint
1940 1580 62 56 rea

1276 1617 127 69 liter
1360 1617 197 69 distincta:
1515 1617 99 69 ita
1572 1617 113 69 quod
1642 1617 155 69 neutrum
1755 1617 99 69 est
1811 1617 113 69 pars
1867 1617 141 69 alterius

1276 1663 96 61 nec
1331 1663 205 61 intrinsecum
1495 1663 150 61 alteri.
1604 1663 82 61 si
1645 1663 96 61 non
1700 1663 164 61 includit
1809 1663 191 61 contradictio

1278 1705 83 60 nem
1326 1705 95 60 vnum
1385 1705 131 60 illorum
1480 1705 83 60 per
1528 1705 71 60 se
1563 1705 119 60 fieri.
1647 1705 71 60 si
1682 1705 95 60 sint
1742 1705 131 60 eiusdem
1837 1705 154 60 rationis.
1944 1705 59 60 non

1283 1750 158 61 includit
1401 1750 250 61 contradictionem
1612 1750 145 61 alterum
1717 1750 145 61 illorum
1823 1750 92 61 per
1875 1750 79 61 se
1902 1750 105 61 fieri.

1279 1796 99 59 sed
1335 1796 127 59 illud
1420 1796 113 59 quod
1490 1796 183 59 praecedit
1631 1796 254 59 augmentationem
1829 1796 169 59 charitatie

1283 1839 77 57 et
1322 1839 116 57 illud
1399 1839 103 57 quod
1463 1839 141 57 additur
1566 1839 103 57 sunt
1630 1839 141 57 eiusdem
1733 1839 167 57 rationis.
1862 1839 77 57 et
1887 1839 116 57 neutrum

1293 1884 82 56 est
1340 1884 94 56 pars
1399 1884 152 56 alterius.
1516 1884 70 56 et
1551 1884 105 56 illud
1621 1884 94 56 quod
1679 1884 152 56 praecedit
1796 1884 117 56 potest
1878 1884 117 56 fieri:
1949 1884 59 56 per

1291 1923 95 59 se.
1346 1923 108 59 ergo
1413 1923 95 59 non
1467 1923 162 59 includit
1589 1923 257 59 contradictionem
1806 1923 122 59 illud
1887 1923 108 59 quod
1955 1923 81 59 ad

1288 1966 117 67 ditur
1366 1966 117 67 fieri
1444 1966 91 67 per
1497 1966 91 67 se.
1549 1966 65 67 ⁋
1575 1966 78 67 Si
1614 1966 143 67 dicatur
1718 1966 104 67 quod
1783 1966 117 67 illud
1862 1966 143 67 additum
1953 1966 65 67 in-

1292 2011 126 71 cludit
1380 2011 176 71 precedens.
1519 2011 75 71 et
1556 2011 101 71 ideo
1619 2011 88 71 non
1670 2011 126 71 potest
1758 2011 113 71 fieri
1833 2011 88 71 per
1883 2011 88 71 se:
1934 2011 63 71 ⁋
1946 2011 63 71 Con

1302 2054 99 62 tra.
1364 2054 112 62 illud
1438 2054 137 62 additum
1537 2054 87 62 sed
1587 2054 74 62 se
1624 2054 112 62 totum
1699 2054 87 62 est
1748 2054 137 62 nonuum.
1848 2054 99 62 quia
1897 2054 112 62 accipio

1298 2101 131 59 aliquid
1393 2101 143 59 secundum
1501 2101 71 59 se
1536 2101 107 59 totum
1608 2101 143 59 additum.
1715 2101 119 59 igitur
1799 2101 107 59 illud
1870 2101 131 59 additum
1953 2101 60 59 non

1292 2143 157 67 includit
1409 2143 196 67 praecedens.
1566 2143 78 67 et
1605 2143 104 67 ideo
1671 2143 91 67 non
1723 2143 157 67 includit
1827 2143 183 67 contradictio

1301 2192 90 65 nem
1353 2192 116 65 illud
1430 2192 116 65 fieri
1508 2192 90 65 per
1560 2192 78 65 se
1598 2192 65 65 ⁋
1624 2192 78 65 Si
1663 2192 142 65 dicatur
1766 2192 103 65 quod
1831 2192 116 65 illud
1896 2192 116 65 sequens

1294 2234 194 70 necessario
1447 2234 222 70 praesupponit
1627 2234 194 70 precedens.
1779 2234 152 70 Contra.
1876 2234 139 70 quicquid

1292 2278 132 64 potest
1384 2278 119 64 fieri
1463 2278 66 64 a
1490 2278 92 64 deo
1543 2278 132 64 potest
1635 2278 119 64 fieri
1714 2278 106 64 sine
1780 2278 106 64 alio
1846 2278 158 64 realiter
1952 2278 66 64 di-

1288 2321 168 60 stincto.
1414 2321 140 60 maxime
1511 2321 84 60 si
1553 2321 112 60 illa
1623 2321 112 60 sint
1693 2321 154 60 eiusdem
1805 2321 168 60 rationis
1930 2321 70 60 ⁋
1944 2321 84 60 Con-

1293 2364 161 59 firmatur.
1416 2364 99 59 quia
1478 2364 74 59 in
1515 2364 173 59 indiuiduis
1651 2364 136 59 eiusdem
1750 2364 148 59 rationis
1861 2364 87 59 non
1911 2364 87 59 est
1948 2364 74 59 ordo

1302 2409 194 57 essentialis:
1460 2409 97 57 quin
1520 2409 121 57 quando
1605 2409 146 57 realiter
1715 2409 194 57 distinguitur
1872 2409 97 57 vnum
1921 2409 97 57 possit

1295 2450 118 61 fieri
1374 2450 105 61 sine
1439 2450 118 61 alio.
1518 2450 79 61 si
1557 2450 144 61 neutrum
1662 2450 92 61 sit
1715 2450 105 61 pars
1781 2450 171 61 alterius.
1912 2450 92 61 sed
1951 2450 79 61 deus

1308 2497 125 65 vidit
1391 2497 111 65 ista
1460 2497 194 65 factibilia
1613 2497 83 65 ab
1654 2497 152 65 eterno.
1765 2497 83 65 et
1807 2497 125 65 vidit
1890 2497 111 65 quod
1945 2497 83 65 neu-

1294 2538 104 58 trum
1359 2538 130 58 potest
1450 2538 104 58 esse
1515 2538 104 58 pars
1580 2538 169 58 alterius.
1711 2538 104 58 ergo
1776 2538 130 58 potest
1867 2538 130 58 facere
1945 2538 78 58 quod

1307 2584 121 76 cumque
1391 2584 133 76 istorum
1488 2584 96 76 sine
1548 2584 108 76 alio.
1620 2584 96 76 ergo
1681 2584 84 76 qua
1729 2584 133 76 ratione
1825 2584 108 76 fecit
1885 2584 145 76 praecedens
