2292 3054
398 206 168 95 quelibet
524 206 112 95 pars
594 206 126 95 ignis
678 206 98 95 est
734 206 140 95 ignis.
831 206 84 95 et
873 206 98 95 sic
929 206 84 95 de
971 206 140 95 aliis.
1069 206 70 95 ⁋
1083 206 56 95 Ex

409 270 166 83 praedictis
540 270 119 83 patet.
622 270 95 83 quod
682 270 95 83 vana
741 270 83 83 est
788 270 119 83 opinio
871 270 119 83 ponens
954 270 95 83 quod
1014 270 95 83 isti
1061 270 71 83 gra-

410 319 104 70 dus
470 319 119 70 sunt
544 319 149 70 gradus
648 319 208 70 materiales
811 319 89 70 et
856 319 104 70 non
915 319 193 70 formales.
1049 319 89 70 quia

400 356 111 81 isti
470 356 139 81 gradus
567 356 111 81 sunt
636 356 111 81 vere
706 356 139 81 partes
803 356 209 81 charitatis:
970 356 139 81 quorum
1054 356 83 81 qua-

410 400 125 82 libet
493 400 97 82 est
549 400 111 82 vera
618 400 180 82 charitas.
757 400 83 82 Et
798 400 111 82 ideo
868 400 125 82 sicut
951 400 97 82 non
1006 400 97 82 est
1048 400 97 82 dice-

410 445 104 77 dum
469 445 119 77 quod
544 445 148 77 partes
647 445 119 77 aque
721 445 222 77 integrales:
899 445 148 77 quarum
988 445 148 77 quelibet

406 489 110 75 est
469 489 126 75 vera
548 489 126 75 aqua
626 489 126 75 sunt
705 489 220 75 materiales
878 489 94 75 et
925 489 110 75 non
972 489 173 75 formales.

412 539 91 74 ita
464 539 78 74 et
503 539 78 74 in
542 539 182 74 proposito.
685 539 65 74 ⁋
711 539 104 74 Quod
776 539 117 74 autem
855 539 104 74 isti
920 539 130 74 gradus
1011 539 104 74 sint
1063 539 78 74 vere

419 574 151 83 partes:
529 574 137 83 quarum
625 574 164 83 quelibet
748 574 96 83 est
803 574 110 83 vera
871 574 178 83 charitas.
1008 574 96 83 sic
1049 574 96 83 osten

421 626 90 72 do.
473 626 103 72 quia
537 626 128 72 quaero
627 626 77 72 de
665 626 116 72 istis
742 626 167 72 gradibus.
871 626 90 72 aut
922 626 103 72 sunt
986 626 128 72 omnins
1063 626 90 72 eius-

421 663 96 80 dem
476 663 164 80 rationis
599 663 96 80 cum
653 663 178 80 charitate
790 663 137 80 prima.
886 663 96 80 aut
940 663 96 80 non
995 663 82 80 si
1036 663 109 80 sic.
1090 663 55 80 ha

418 715 89 70 beo
469 715 190 70 propositum.
621 715 101 70 quia
685 715 101 70 tunc
748 715 89 70 ita
799 715 101 70 vere
862 715 165 70 quaelibet
989 715 140 70 illorum
1078 715 76 70 gra-

419 762 118 74 duum
493 762 104 74 est
552 762 118 74 vera
626 762 178 74 charitas
759 762 133 74 sicut
848 762 178 74 charitas
981 762 148 74 prima.
1070 762 74 74 que

422 793 132 87 primo
510 793 117 87 fuit
584 793 161 87 quoddam
701 793 147 87 totum:
804 793 117 87 nunc
877 793 132 87 autem
965 793 103 87 est
1024 793 132 87 pars.
1097 793 59 87 Si

422 838 104 83 non.
487 838 78 83 et
526 838 183 83 manifestum
670 838 91 83 est
722 838 104 83 quod
787 838 131 83 gradus
879 838 144 83 sequens
983 838 117 83 facit
1062 838 91 83 per
1101 838 52 83 se

429 882 114 79 vnum
500 882 100 79 cum
557 882 157 79 priori.
671 882 86 79 et
714 882 214 79 impossibile
885 882 100 79 est
942 882 143 79 aliqua
1042 882 100 79 duo
1085 882 71 79 non

439 936 135 69 eiusdem
537 936 159 69 rationis:
659 936 86 69 sed
709 936 147 69 alterius
819 936 74 69 et
856 936 147 69 alterius
966 936 147 69 rationis
1064 936 86 69 face-

429 969 82 83 re
470 969 95 83 per
525 969 82 83 se
565 969 122 83 vnum:
647 969 109 83 nisi
715 969 109 83 vnum
783 969 95 83 sit
837 969 163 83 potentia
959 969 82 83 et
1000 969 122 83 aliud
1068 969 95 83 actus

441 1008 115 81 ergo
512 1008 100 81 hic
570 1008 129 81 esset
656 1008 115 81 vera
727 1008 201 81 compositio
885 1008 86 81 ex
928 1008 129 81 rebus
1000 1008 172 81 distinctum

437 1067 154 68 realiter.
556 1067 119 68 quarum
639 1067 83 68 vna
686 1067 95 68 vere
745 1067 166 68 informaret
876 1067 119 68 aliam.
959 1067 71 68 et
994 1067 83 68 per
1030 1067 142 68 consequens

433 1104 127 77 maior
518 1104 127 77 esset
603 1104 198 77 compositio
758 1104 85 77 ex
800 1104 170 77 partibus
928 1104 170 77 alterius
1055 1104 85 77 et
1083 1104 85 77 alte

441 1143 102 87 rius
505 1143 153 87 rationis
620 1143 77 87 in
658 1143 166 87 charitate
786 1143 153 87 sequente
900 1143 102 87 quam
964 1143 191 87 precedente.
1104 1143 64 87 in-

450 1189 84 76 mo
492 1189 196 76 sequeretur
646 1189 126 76 vltra
730 1189 112 76 quod
800 1189 168 76 charitas
927 1189 154 76 sequens
1039 1189 98 76 non
1081 1189 98 76 esset

438 1229 152 81 eiusdem
549 1229 166 81 rationis
673 1229 97 81 cum
728 1229 207 81 precedente.
894 1229 152 81 Tertium
991 1229 193 81 inconueniens

441 1281 166 78 sequitur
566 1281 111 78 quod
635 1281 166 78 charitas
760 1281 180 78 indiuidua
899 1281 180 78 precedens
1037 1281 97 78 non
1079 1281 97 78 esset

451 1322 152 75 aliquod
562 1322 194 75 indiuiduum
715 1322 97 75 per
770 1322 83 75 se
812 1322 83 75 in
853 1322 152 75 genere.
964 1322 97 75 vel
1020 1322 83 75 in
1047 1322 125 75 specie.

456 1366 188 80 consequentia
609 1366 117 80 patet.
691 1366 94 80 quia
750 1366 106 80 nihil
820 1366 94 80 quod
879 1366 82 80 est
926 1366 94 80 pars
984 1366 176 80 essentialis
1113 1366 59 80 ali

446 1411 133 71 cuius
535 1411 103 71 per
594 1411 88 71 se
638 1411 88 71 in
682 1411 147 71 genere
785 1411 103 71 vel
844 1411 88 71 in
888 1411 147 71 specie
977 1411 206 71 componibilis

461 1451 86 76 cum
510 1451 98 76 alia
571 1451 110 76 parte
645 1451 147 76 alterius
755 1451 159 76 rationis:
878 1451 123 76 potest
963 1451 98 76 esse
1025 1451 86 76 per
1074 1451 74 76 se
1110 1451 74 76 in
1135 1451 49 76 ge

455 1496 102 80 nere
519 1496 89 80 vel
570 1496 77 80 in
608 1496 140 80 specie.
711 1496 102 80 ideo
774 1496 102 80 enim
838 1496 115 80 anima
915 1496 204 80 intellectiua
1081 1496 89 80 non
1119 1496 64 80 est

456 1541 95 85 per
511 1541 81 85 se
551 1541 81 85 in
592 1541 135 85 genere
686 1541 95 85 vel
740 1541 81 85 in
781 1541 149 85 specie.
889 1541 108 85 quia
956 1541 95 85 est
1010 1541 108 85 pars
1064 1541 122 85 hominis

460 1588 167 75 componens
589 1588 141 75 hominem
691 1588 90 75 cum
743 1588 141 75 corpore
845 1588 103 75 quod
910 1588 90 75 est
961 1588 154 75 alterius
1064 1588 128 75 rationis

474 1627 102 84 quam
538 1627 115 84 anima
614 1627 216 84 intellectiua.
792 1627 102 84 ergo
856 1627 76 84 si
894 1627 115 84 illud
971 1627 140 84 additum
1060 1627 127 84 alterius

468 1672 157 76 rationis
586 1672 118 76 esset
665 1672 197 76 componibile
822 1672 92 76 cum
874 1672 170 76 charitate
1005 1672 157 76 praeuia.
1110 1672 79 76 illa

472 1715 160 80 charitas
592 1715 147 80 praeuia
699 1715 120 80 nullo
779 1715 107 80 modo
846 1715 120 80 esset
926 1715 187 80 indiuiduum
1073 1715 94 80 per
1127 1715 80 80 se
1154 1715 53 80 in

474 1761 137 79 genere
570 1761 96 79 vel
625 1761 82 79 in
666 1761 137 79 specie
761 1761 68 79 ⁋
789 1761 82 79 Si
830 1761 150 79 dicatur
939 1761 109 79 quod
1008 1761 123 79 illud
1076 1761 123 79 additum

478 1805 93 68 non
531 1805 93 68 est
584 1805 106 68 nisi
650 1805 199 68 differentia
809 1805 225 68 indiuidualis.
995 1805 80 68 et
1021 1805 186 68 differentia.

474 1849 222 71 indiuidualis
655 1849 97 71 non
710 1849 125 71 facit
793 1849 153 71 aliquid
905 1849 167 71 alterius
1030 1849 167 71 speciei.
1141 1849 69 71 hoc

491 1884 87 74 non
540 1884 124 74 valet.
627 1884 99 74 quia
689 1884 148 74 secundum
800 1884 148 74 ponentes
911 1884 111 74 tales
985 1884 198 74 differentias
1134 1884 74 74 indi

482 1931 193 76 uiduales:
631 1931 223 76 differentia
809 1931 238 76 indiuidualis
1003 1931 104 76 non
1047 1931 164 76 distingui

487 1975 97 77 tur
543 1975 69 77 a
570 1975 138 77 natura
667 1975 111 77 quam
736 1975 194 77 contrahit.
889 1975 111 77 ergo
958 1975 97 77 non
1013 1975 138 77 potest
1096 1975 125 77 adueni-

484 2024 91 72 re
529 2024 91 72 de
575 2024 121 72 nouo
650 2024 121 72 nisi
726 2024 151 72 natura
832 2024 91 72 de
878 2024 121 72 nouo
953 2024 197 72 adueniat.
1105 2024 91 72 et
1135 2024 76 72 per

499 2062 184 79 consequens
643 2062 105 79 nisi
709 2062 157 79 adueniat
827 2062 79 79 de
866 2062 105 79 nouo
932 2062 144 79 aliquod
1036 2062 184 79 compositum
1168 2062 52 79 ex

493 2106 139 74 natura
590 2106 83 74 et
632 2106 209 74 differentia
799 2106 222 74 indiuiduali.
980 2106 70 74 ⁋
1007 2106 181 74 Preterea.
1133 2106 83 74 tunc

506 2155 167 71 equeretur
635 2155 103 71 quod
699 2155 103 71 vnum
763 2155 180 71 indiuiduum
904 2155 141 71 haberet
1007 2155 103 71 duas
1058 2155 167 71 differentia

493 2193 218 75 indiuiduales.
673 2193 103 75 quia
737 2193 128 75 certum
827 2193 90 75 est
878 2193 103 75 quod
943 2193 116 75 prima
1020 2193 90 75 non
1058 2193 167 75 deparditur.

490 2243 116 69 ergo
562 2243 87 69 si
606 2243 160 69 aduenit
722 2243 102 69 vna
780 2243 116 69 alia
852 2243 131 69 erunt
939 2243 116 69 due.
1012 2243 73 69 ⁋
1041 2243 189 69 Preterea.
1171 2243 58 69 ta

507 2284 96 69 les
562 2284 164 69 differne
685 2284 219 69 indiuiduales
863 2284 96 69 non
918 2284 109 69 sunt
986 2284 151 69 ponende
1096 2284 123 69 sicut
1164 2284 55 69 su

510 2329 150 77 berius
615 2329 105 77 est
675 2329 179 77 probatum
809 2329 75 77 ⁋
839 2329 165 77 Quantum
959 2329 90 77 ad
1004 2329 179 77 secundum
1123 2329 105 77 arti-

501 2370 122 79 culum
583 2370 109 79 dico
651 2370 109 79 quod
719 2370 136 79 nullam
814 2370 163 79 includit
936 2370 258 79 contradictionem
1140 2370 82 79 cha-

506 2415 154 74 ritatem
618 2415 154 74 additam
730 2415 98 74 per
786 2415 84 74 se
828 2415 140 74 fieri:
926 2415 126 74 sicut
1010 2415 140 74 nullam
1094 2415 140 74 includit

517 2456 242 75 contradictionem
721 2456 178 75 charitatem
861 2456 127 75 primam
951 2456 89 75 per
1002 2456 76 75 se
1040 2456 127 75 fieri.
1129 2456 76 75 et
1155 2456 76 75 ideo

514 2511 119 68 sicut
593 2511 106 68 deus
659 2511 132 68 potest
752 2511 185 68 realitatem
898 2511 119 68 illam
977 2511 93 68 cui
1030 2511 93 68 est
1083 2511 106 68 alia
1136 2511 106 68 addita

525 2548 89 70 que
576 2548 89 70 non
627 2548 89 70 est
677 2548 101 70 nisi
741 2548 127 70 quedam
830 2548 165 70 charitas:
956 2548 76 70 et
994 2548 114 70 tamen
1071 2548 165 70 partialis
1185 2548 63 70 per

523 2589 79 94 se
562 2589 131 94 facere
654 2589 105 94 sine
720 2589 105 94 illa
785 2589 170 94 realitate
916 2589 170 94 sequente.
1047 2589 92 94 ita
1100 2589 131 94 potest
1178 2589 66 94 fa

1230 176 116 83 cere
1303 176 102 83 per
1361 176 87 83 se
1405 176 131 83 illam
1492 176 203 83 realitatem
1651 176 189 83 sequentem
1796 176 116 83 sine
1854 176 102 83 prece

1220 231 139 78 dente.
1317 231 125 78 Cuius
1401 231 125 78 ratio
1484 231 111 78 est.
1553 231 111 78 quia
1623 231 153 78 numquam
1734 231 153 78 aliquid
1831 231 111 78 requi-

1216 274 135 75 ritur
1306 274 90 75 ad
1351 274 165 75 aliquid
1470 274 135 75 aliud
1560 274 165 75 eiusdem
1680 274 180 75 rationis
1814 274 120 75 nisi
1874 274 75 75 sit

1235 319 135 71 causa
1325 319 150 71 ipsius
1431 319 211 71 extrinseca
1596 319 105 71 vel
1656 319 211 71 intrinseca
1822 319 120 71 pars
1882 319 75 71 ip-

1229 371 141 71 sius.
1323 371 109 71 sed
1386 371 94 71 in
1432 371 203 71 proposito
1589 371 187 71 realitas
1729 371 203 71 precedens
1870 371 78 71 non

1233 406 109 73 est
1295 406 124 73 pars
1372 406 217 73 intrinseca
1543 406 217 73 realitatis
1713 406 202 73 sequentis
1853 406 109 73 addi-

1230 450 101 72 te:
1287 450 158 72 quamuis
1402 450 101 72 sit
1460 450 115 72 pars
1531 450 201 72 intrinseca
1689 450 144 72 totius
1776 450 172 72 charitatis

1235 498 199 70 composite
1388 498 92 70 ex
1434 498 199 70 realitate
1587 498 214 70 precedente
1755 498 92 70 et
1786 498 168 70 realitate

1242 538 193 73 sequente.
1391 538 104 73 nec
1450 538 104 73 est
1509 538 134 73 causa
1599 538 208 73 extrinseca
1762 538 163 73 ipsius.
1866 538 89 73 quia

1229 579 90 75 in
1274 579 135 75 nullo
1364 579 150 75 genere
1469 579 150 75 cause.
1574 579 135 75 patet
1665 579 210 75 inductiue.
1830 579 90 75 Et
1860 579 105 75 posi-

1245 626 85 70 to
1287 626 113 70 quod
1358 626 127 70 esset
1442 626 127 70 causa
1527 626 197 70 extrinseca
1682 626 155 70 ipsius.
1795 626 141 70 posset
1879 626 85 70 deus

1239 667 163 77 supplere
1362 667 136 77 causam
1457 667 123 77 illam
1539 667 204 77 extrinsecam
1702 667 82 77 se
1743 667 123 77 solo.
1825 667 82 77 et
1866 667 95 77 est
1907 667 54 77 ma

1246 713 104 71 xime
1311 713 117 71 verum
1388 713 129 71 quando
1479 713 117 71 causa
1557 713 78 71 et
1596 713 155 71 causatum
1712 713 104 71 sunt
1777 713 142 71 eiusdem
1867 713 91 71 rati-

1247 758 117 75 onis.
1325 758 130 75 potest
1416 758 104 75 ergo
1481 758 78 75 de
1520 758 156 75 potentia
1638 758 91 75 sua
1690 758 130 75 facere
1781 758 117 75 illam
1846 758 130 75 realita-

1249 798 118 75 tem
1317 798 186 75 additam
1452 798 135 75 sine
1536 798 254 75 precedente.
1739 798 85 75 ⁋
1773 798 186 75 Quantum
1908 798 101 75 ad

1250 846 155 73 tertium
1363 846 184 73 articulum
1504 846 113 73 dico
1575 846 113 73 quod
1645 846 99 73 per
1702 846 184 73 potentiam
1829 846 141 73 creature

1261 892 95 70 vna
1316 892 150 70 illarum
1425 892 191 70 realitatum
1575 892 95 70 non
1629 892 136 70 potest
1725 892 136 70 videri
1806 892 164 70 intuitiue.

1252 934 95 75 ita
1307 934 109 75 quod
1375 934 95 75 sit
1430 934 82 75 in
1471 934 177 75 potestate
1607 934 164 75 creature
1730 934 109 75 quod
1798 934 95 75 vna
1839 934 136 75 videatur

1250 978 119 77 alia
1324 978 104 77 non
1384 978 134 77 visa.
1473 978 163 77 Secundo
1591 978 119 77 dico
1666 978 119 77 quod
1740 978 104 77 per
1799 978 163 77 diuinam
1903 978 74 77 po-

1261 1019 150 84 tentiam
1371 1019 136 84 potest
1466 1019 96 84 vna
1521 1019 150 84 illarum
1630 1019 136 84 videri
1725 1019 82 84 ab
1766 1019 191 84 intellectu
1903 1019 68 84 cre

1258 1063 98 80 ato
1314 1063 112 80 alia
1384 1063 98 80 non
1440 1063 126 80 visa.
1525 1063 70 80 ⁋
1553 1063 140 80 Primum
1651 1063 140 80 patet.
1749 1063 112 80 quia
1820 1063 140 80 quando
1904 1063 84 80 sunt

1249 1111 172 72 aliquem
1375 1111 188 72 potentie
1516 1111 204 72 naturales
1673 1111 204 72 equaliter
1814 1111 172 72 disposite

1264 1150 131 78 eque
1346 1150 263 78 approximate.
1559 1150 148 78 nullo
1658 1150 213 78 existente
1805 1150 181 78 impedimen

1268 1199 103 70 to.
1327 1199 133 70 omnes
1416 1199 118 70 ille
1490 1199 133 70 cause
1578 1199 148 70 agunt.
1681 1199 89 70 et
1726 1199 103 70 ita
1785 1199 162 70 ponetur
1888 1199 103 70 effe-

1260 1245 117 66 ctus
1334 1245 205 66 cuiuslibet
1495 1245 161 66 illarum
1612 1245 190 66 causarum.
1759 1245 103 66 sed
1803 1245 190 66 impossibile

1265 1284 104 79 est
1324 1284 148 79 stante
1428 1284 104 79 vna
1487 1284 192 79 charitate
1635 1284 207 79 constituta
1798 1284 89 79 ex
1842 1284 133 79 illis
1916 1284 74 79 du-

1268 1322 121 80 abus
1344 1322 243 80 realitatibus
1541 1322 121 80 vnam
1617 1322 167 80 illarum
1738 1322 182 80 realiter
1859 1322 137 80 approxi

1274 1371 116 76 mari
1347 1371 218 76 intellectui
1522 1371 87 76 vt
1565 1371 175 76 videatur
1696 1371 189 76 intuitiue
1842 1371 116 76 sine
1900 1371 102 76 alia.

1267 1414 112 84 nec
1331 1414 145 84 intel
1428 1414 161 84 lectus
1540 1414 129 84 esse
1620 1414 225 84 dispositus
1797 1414 96 84 ad
1829 1414 161 84 videndum

1273 1466 131 68 vnam
1355 1466 131 68 nisi
1437 1466 148 68 eodem
1535 1466 131 68 modo
1617 1466 230 68 disponatur
1797 1466 98 68 ad
1830 1466 164 68 videndum

1285 1501 147 77 aliam.
1388 1501 103 77 nec
1447 1501 147 77 potest
1550 1501 118 77 esse
1624 1501 162 77 aliquod
1741 1501 235 77 impedimentum
1918 1501 88 77 natu

1289 1549 121 67 rale
1364 1549 181 67 respectu
1500 1549 136 67 vnius
1591 1549 121 67 quin
1667 1549 106 67 sit
1727 1549 181 67 respectu
1848 1549 151 67 alterius

1282 1592 108 81 ergo
1349 1592 94 81 non
1403 1592 94 81 est
1457 1592 81 81 in
1497 1592 189 81 potenstate
1645 1592 162 81 creature
1767 1592 108 81 quod
1834 1592 94 81 vna
1874 1592 135 81 videatur

1288 1631 110 77 sine
1357 1631 124 77 alia.
1440 1631 69 77 ⁋
1468 1631 83 77 Si
1509 1631 152 77 dicatur
1619 1631 110 77 quod
1689 1631 166 77 voluntas
1813 1631 138 77 potest
1896 1631 110 77 libere

1290 1677 177 74 impedire.
1426 1677 95 74 hoc
1481 1677 95 74 non
1535 1677 136 74 valet.
1630 1677 109 74 quia
1699 1677 150 74 numquam
1807 1677 136 74 potest
1889 1677 136 74 voluntas

1284 1718 174 84 impedire
1415 1718 174 84 notitiam
1546 1718 203 84 intuitiuam
1706 1718 174 84 alicuius
1836 1718 102 84 rei
1894 1718 116 84 nisi
1967 1718 87 84 ad

1286 1776 184 61 uertendo
1424 1776 199 61 potentiam
1577 1776 107 61 vel
1638 1776 184 61 obiectum
1777 1776 107 61 per
1838 1776 138 61 motum
1915 1776 107 61 loca-

1297 1807 109 76 lem
1360 1807 109 76 vel
1422 1807 171 76 aliquid
1546 1807 93 76 de
1592 1807 124 76 nouo
1670 1807 202 76 causando.
1825 1807 109 76 sed
1872 1807 155 76 inducti-

1296 1847 75 82 ue
1333 1847 112 82 patet
1408 1847 100 82 quod
1470 1847 124 82 nullum
1557 1847 137 82 illorum
1656 1847 124 82 potest
1743 1847 87 82 hic
1793 1847 112 82 poni.
1868 1847 62 82 ⁋
1893 1847 100 82 Dico
1942 1847 75 82 ergo

1304 1898 110 81 quod
1373 1898 124 81 sicut
1455 1898 82 81 si
1497 1898 151 81 materia
1607 1898 82 81 et
1648 1898 124 81 forma
1730 1898 206 81 componentia
1895 1898 151 81 aliquod

1294 1948 133 76 totum
1383 1948 148 76 essent
1487 1948 118 76 eque
1560 1948 192 76 intuitiue
1708 1948 266 76 intelligibilia
1930 1948 89 76 ab
1960 1948 59 76 in

1298 1988 198 74 tellectu.
1450 1988 137 74 ipsis
1542 1988 259 74 componentibus
1755 1988 137 74 illud
1831 1988 183 74 compositum

1305 2026 98 78 non
1361 2026 98 78 est
1417 2026 84 78 in
1459 2026 182 78 potestate
1599 2026 154 78 agentis
1710 2026 140 78 creati
1808 2026 112 78 quod
1878 2026 112 78 vnum
1934 2026 84 78 illo

1305 2072 98 76 rum
1361 2072 182 76 intuitiue
1501 2072 168 76 videatur
1627 2072 112 76 sine
1697 2072 126 76 alio.
1781 2072 98 76 sic
1837 2072 98 76 est
1893 2072 84 76 in
1921 2072 112 76 propo-

1304 2122 117 71 sito
1378 2122 88 71 de
1422 2122 132 71 istis
1510 2122 249 71 realitatibus.
1715 2122 88 71 Et
1759 2122 132 71 sicut
1847 2122 88 71 si
1891 2122 103 71 duo
1935 2122 103 71 calo-

1306 2162 112 75 res
1370 2162 272 75 approximentur
1594 2162 144 75 eidem
1690 2162 160 75 passo.
1802 2162 112 75 non
1866 2162 160 75 potest
1962 2162 80 75 na-

1310 2199 189 84 turaliter
1456 2199 116 84 vnus
1528 2199 160 84 illorum
1644 2199 131 84 agere
1731 2199 87 84 in
1775 2199 145 84 passum
1876 2199 116 84 nisi
1934 2199 102 84 alius

1306 2249 104 70 agat
1371 2249 130 70 maxime
1462 2249 78 70 si
1500 2249 104 70 sint
1565 2249 104 70 eque
1630 2249 169 70 perfecti.
1760 2249 91 70 ita
1812 2249 91 70 est
1863 2249 78 70 in
1889 2249 143 70 proposito

1349 2288 80 73 ⁋
1381 2288 192 73 Secundum
1525 2288 192 73 ostendo.
1669 2288 128 73 quia
1749 2288 128 73 ille
1829 2288 224 73 realitates
1989 2288 64 73 si

1322 2330 150 80 essent
1427 2330 180 80 separate
1562 2330 120 80 nate
1637 2330 150 80 essent
1743 2330 210 80 distinctis
1893 2330 150 80 intelle-

1314 2389 176 68 ctionibus
1450 2389 190 68 intuitiuis
1599 2389 190 68 intelligi.
1749 2389 81 68 et
1789 2389 136 68 potest
1871 2389 176 68 indifferen-

1334 2419 89 76 ter
1385 2419 89 76 vna
1436 2419 140 76 illarum
1538 2419 102 76 esse
1602 2419 102 76 sine
1665 2419 115 76 alia.
1742 2419 89 76 sed
1792 2419 191 76 quamncumque
1945 2419 89 76 rem
1983 2419 64 76 pos

1324 2463 144 77 sibilem
1429 2463 105 77 esse
1494 2463 105 77 sine
1560 2463 105 77 alia
1625 2463 131 77 potest
1717 2463 105 77 deus
1783 2463 184 77 conseruare
1927 2463 105 77 sine
1979 2463 66 77 il-

1328 2516 101 70 la.
1385 2516 188 70 quacumque
1530 2516 188 70 mutatione
1674 2516 130 70 facta
1760 2516 130 70 circa
1847 2516 130 70 aliam
1934 2516 101 70 rem
1977 2516 72 70 lo-

1330 2554 79 105 co
1369 2554 79 105 et
1408 2554 157 105 subiecto
1526 2554 196 105 distinctam.
1683 2554 105 105 ergo
1749 2554 131 105 potest
1840 2554 105 105 deus
1906 2554 79 105 de
1932 2554 131 105 potentia
