2292 3073
291 207 77 69 ad
330 207 194 69 probationem
485 207 103 69 quod
549 207 129 69 natura
640 207 77 69 in
678 207 103 69 tali
743 207 116 69 gradu
820 207 90 69 non
859 207 142 69 praedica-

294 270 90 56 tur
346 270 129 56 inquid
436 270 77 56 de
474 270 116 56 illis
551 270 167 56 pluribus.
680 270 64 56 ⁋
705 270 77 56 Et
744 270 77 56 si
783 270 141 56 dicatur
885 270 103 56 quod
937 270 64 56 duo

281 320 183 50 albedines
422 320 112 50 eque
492 320 155 50 intense
604 320 112 50 plus
675 320 197 50 conneniunt
829 320 112 50 quam
900 320 98 50 due
942 320 56 50 al

283 356 167 49 bedines
404 356 151 49 quarum
510 356 106 49 vna
571 356 106 49 est
631 356 167 49 intensa
752 356 91 49 et
798 356 121 49 alia
859 356 151 49 remissa.

289 394 94 55 ergo
348 394 70 55 ab
383 394 82 55 eis
430 394 117 55 potest
512 394 141 55 abstrahi
617 394 129 55 aliquis
711 394 152 55 conceptus
828 394 141 55 communis
922 394 82 55 albe-

284 450 149 47 dinibus
392 450 108 47 eque
459 450 162 47 intensis
581 450 95 47 qui
635 450 95 47 non
689 450 108 47 erit
756 450 162 47 communis
864 450 135 47 albedini

276 490 142 47 intense
379 490 77 47 et
418 490 155 47 remisse.
534 490 64 47 ⁋
559 490 206 47 Confirmatur.
727 490 103 47 quia
791 490 129 47 dictum
881 490 90 47 est
920 490 90 47 prius

285 533 104 53 quod
350 533 169 53 conceptus
480 533 273 53 specieispalissime
715 533 91 53 est
767 533 182 53 simillimus
897 533 104 53 inesse

288 580 175 57 obiectiuo
422 580 108 57 ipsi
489 580 269 57 indiuiduorinessm
718 580 202 57 subiectiuo.
880 580 94 57 ita
920 580 81 57 qua-

275 618 76 57 le
313 618 88 57 est
364 618 114 57 ipsum
440 618 177 57 indiuiduum
579 618 126 57 extra.
667 618 101 57 tale
730 618 152 57 fingitur
844 618 76 57 in
882 618 126 57 anima.
957 618 51 57 et

277 669 112 49 illud
351 669 87 49 sic
401 669 125 49 fictum
489 669 87 49 non
539 669 125 49 potest
626 669 100 49 esse
689 669 175 49 simillimum
826 669 125 49 duobus
914 669 87 49 non
951 669 50 49 si

285 707 175 60 millimis.
419 707 107 60 ergo
486 707 134 60 duobus
580 707 94 60 non
634 707 188 60 simillimis
781 707 94 60 non
835 707 107 60 erit
889 707 107 60 aliqua

291 752 239 52 pesspanlissima
490 752 173 52 communis.
623 752 66 52 ⁋
650 752 80 52 Ad
689 752 120 52 istud
769 752 106 52 dico
836 752 146 52 quamuis
929 752 66 52 ali

282 804 102 51 quo
341 804 116 51 modo
413 804 116 51 plus
486 804 203 51 conueniant
645 804 87 51 et
689 804 116 51 plus
761 804 232 51 assimilentur
935 804 73 51 due

280 846 190 46 albedines
426 846 117 46 eque
499 846 160 46 intense
616 846 117 46 quam
689 846 146 46 albedo
791 846 160 46 intensa
908 846 88 46 et
937 846 58 46 re

278 890 138 43 missa.
375 890 96 43 hoc
430 890 124 43 tamen
513 890 96 43 non
568 890 165 43 sufficit
692 890 83 43 ad
733 890 179 43 conceptum
857 890 138 43 habendum

277 931 127 54 praecise
373 931 127 54 communem
468 931 96 54 illis
532 931 64 54 et
564 931 74 54 non
606 931 106 54 aliis.
681 931 85 54 quia
734 931 106 54 quando
808 931 117 54 habetur
882 931 117 54 conceptus

284 971 130 50 proprius
382 971 141 50 aliquibus
490 971 65 50 et
522 971 76 50 non
565 971 108 50 aliis.
641 971 119 50 oportet
728 971 87 50 quod
782 971 87 50 illa
836 971 87 50 alia
890 971 76 50 sic
933 971 65 50 se
955 971 43 50 ha

272 1021 118 48 beant
350 1021 105 48 quod
416 1021 79 48 in
455 1021 249 48 quolibetillorum
665 1021 92 48 sit
717 1021 144 48 aliquid
822 1021 92 48 cui
874 1021 118 48 nihil
940 1021 52 48 si

273 1066 153 55 millimum
388 1066 179 55 inueniatur
529 1066 77 55 in
567 1066 115 55 alio.
644 1066 115 55 sicut
721 1066 77 55 in
759 1066 115 55 sorte
836 1066 89 55 est
874 1066 115 55 aliquid

275 1106 74 49 et
312 1106 111 49 nihil
385 1106 98 49 sibi
447 1106 172 49 simillimum
582 1106 86 49 est
631 1106 74 49 in
668 1106 160 49 quocumque
791 1106 111 49 alio.
865 1106 86 49 sed
914 1106 74 49 in
939 1106 49 49 al

281 1150 132 52 bedine
373 1150 145 52 remissa
478 1150 119 52 nihil
557 1150 132 52 potest
650 1150 158 52 inueniri
768 1150 105 52 quin
834 1150 92 52 sit
887 1150 92 52 ibi
926 1150 66 52 si-

272 1196 168 55 millimum
398 1196 84 55 in
440 1196 168 55 albedine
566 1196 168 55 intensa.
693 1196 112 55 quia
763 1196 182 55 quocumque
889 1196 112 55 demon-

272 1236 138 58 strato
369 1236 83 58 in
410 1236 166 58 albedine
534 1236 152 58 remissa
645 1236 152 58 aliquid
755 1236 97 58 est
811 1236 97 58 ibi
852 1236 138 58 similli-

270 1279 92 57 mum
323 1279 79 57 in
362 1279 158 57 albedine
481 1279 145 57 intensa
586 1279 79 57 et
626 1279 105 57 ideo
692 1279 92 57 non
744 1279 198 57 continentur
903 1279 92 57 sub
942 1279 53 57 di

261 1327 178 54 stinctis
395 1327 385 54 speciebusspanlissimis.
735 1327 74 54 ⁋
765 1327 89 54 Ad
794 1327 193 54 confirmatio

269 1373 85 55 nem.
322 1373 85 55 quod
375 1373 63 55 si
407 1373 116 55 ponatur
492 1373 138 55 opiniones
597 1373 95 55 prius
661 1373 106 55 posita
735 1373 85 55 quod
788 1373 138 55 conceptus
894 1373 74 55 est
926 1373 63 55 tale

266 1415 89 58 quid
322 1415 112 58 fictum
400 1415 67 58 et
433 1415 78 58 sic
478 1415 134 58 secundum
578 1415 100 58 illam
645 1415 145 58 opinionem
757 1415 78 58 est
801 1415 134 58 dicendum
902 1415 89 58 quod
946 1415 45 58 ta

269 1454 89 64 lis
320 1454 164 64 conceptus
446 1454 152 64 communis
560 1454 139 64 omnibus
661 1454 177 64 indiuiduis
800 1454 152 64 intensis
914 1454 76 64 et
939 1454 51 64 re

265 1498 138 50 missis
362 1498 97 50 est
417 1498 193 50 simillimus
569 1498 110 50 eis.
638 1498 97 50 hoc
693 1498 97 50 est
748 1498 97 50 ita
804 1498 152 50 similis
900 1498 97 50 quan-

262 1551 96 47 tum
317 1551 178 47 possibile
454 1551 96 47 est
508 1551 178 47 conceptum
645 1551 109 47 vnum
713 1551 205 47 naturaliter
863 1551 123 47 abstra-

267 1587 142 49 hibilem
370 1587 77 49 ab
409 1587 90 49 eis
460 1587 103 49 esse
525 1587 142 49 similem
628 1587 90 49 eis
679 1587 77 49 in
718 1587 103 49 esse
782 1587 129 49 ficto.
872 1587 77 49 et
898 1587 90 49 talis

263 1637 79 48 non
308 1637 79 48 est
353 1637 90 48 nisi
409 1637 146 48 conceptus
522 1637 135 48 communis
623 1637 135 48 omnibus.
724 1637 79 48 qui
769 1637 79 48 non
814 1637 79 48 est
848 1637 135 48 simplicier

261 1674 181 61 simillimus
403 1674 104 61 eis.
468 1674 104 61 quia
533 1674 104 61 ipsa
598 1674 117 61 inter
675 1674 78 61 se
714 1674 91 61 non
766 1674 104 61 sunt
831 1674 104 61 sibi
882 1674 104 61 simil-

273 1718 105 59 lima
339 1718 79 59 Et
378 1718 79 59 si
417 1718 144 59 dicatur
522 1718 105 59 quod
588 1718 131 59 possum
680 1718 144 59 fingere
785 1718 105 59 vnum
837 1718 158 59 simillimum

275 1769 153 51 albedini
390 1769 140 51 intense
492 1769 102 51 quam
555 1769 127 51 video.
644 1769 102 51 Dico
708 1769 153 51 secundum
823 1769 115 51 istam
886 1769 102 51 opinio

263 1808 103 58 quod
328 1808 90 58 non
379 1808 90 58 est
431 1808 168 58 possibile
560 1808 103 58 nisi
625 1808 246 58 consignificando
832 1808 90 58 vel
871 1808 116 58 addendo

259 1851 132 48 aliquid
355 1851 96 48 quod
415 1851 84 48 non
463 1851 180 48 praedicatur
607 1851 72 48 in
644 1851 96 48 quid
704 1851 72 48 de
740 1851 96 48 illa
800 1851 156 48 albedine.
908 1851 84 48 sicut

260 1894 112 55 sic
324 1894 191 55 dicendo.
467 1894 160 55 albedo
579 1894 160 55 habens
691 1894 112 55 tot
755 1894 160 55 gradus
866 1894 112 55 vel
914 1894 64 55 al

271 1935 110 52 bedo
340 1935 96 52 ita
395 1935 165 52 intensa.
519 1935 96 52 hic
574 1935 152 52 ponitur
685 1935 152 52 aliquid
795 1935 110 52 quod
864 1935 96 52 non
905 1935 83 52 pri-

276 1979 140 58 dicatur
378 1979 76 58 in
416 1979 102 58 quid
480 1979 76 58 de
518 1979 165 58 albedine.
645 1979 76 58 et
683 1979 102 58 ideo
747 1979 89 58 non
798 1979 89 58 est
836 1979 140 58 conceptus

270 2023 229 55 quidditatiuus.
461 2023 76 55 Si
499 2023 114 55 autem
575 2023 153 55 teneatur
690 2023 102 55 alia
753 2023 140 55 opinioe
855 2023 76 55 de
880 2023 102 55 conce-

262 2074 98 54 ptu
318 2074 112 54 quod
388 2074 98 54 sit
444 2074 168 54 qualitas
570 2074 140 54 mentis
669 2074 112 54 siue
739 2074 154 54 intetio
851 2074 112 54 siue
907 2074 70 54 ali

275 2110 112 54 quid
345 2110 140 54 aliud.
443 2110 140 54 potest
541 2110 308 54 proportionabiliter
792 2110 182 54 responderi.

287 2158 56 59 ⁋
309 2158 67 59 Ad
343 2158 112 59 primum
421 2158 157 59 principale
544 2158 89 59 dico
600 2158 89 59 quod
656 2158 134 59 intentio
756 2158 157 59 philosophi
879 2158 78 59 est
913 2158 67 59 quod

261 2210 77 54 ex
300 2210 128 54 duobus
389 2210 77 54 in
427 2210 102 54 actu
491 2210 153 54 alterius
606 2210 77 54 et
645 2210 153 54 alterius
760 2210 153 54 rationis
875 2210 89 54 non
913 2210 64 54 fit

264 2252 115 52 vnum.
341 2252 77 52 et
379 2252 102 52 ideo
443 2252 128 52 quando
533 2252 102 52 illa
597 2252 205 52 componibilia
763 2252 102 52 sunt
827 2252 154 52 alterius
930 2252 51 52 et

258 2297 143 54 alterius
365 2297 143 54 rationis
473 2297 84 54 non
521 2297 84 54 fit
568 2297 72 54 ex
604 2297 84 54 eis
652 2297 95 54 vnum
712 2297 95 54 nisi
771 2297 95 54 vnum
831 2297 84 54 sit
879 2297 107 54 actus
938 2297 48 54 et

268 2337 103 55 aliud
336 2337 149 55 potentia.
451 2337 115 55 quando
531 2337 103 55 autem
600 2337 92 55 sunt
657 2337 126 55 eiusdem
749 2337 137 55 rationis
852 2337 80 55 non
886 2337 103 55 oportet

251 2383 120 51 patet
331 2383 80 51 de
371 2383 160 51 partibus
490 2383 107 51 aque
557 2383 80 51 et
597 2383 133 51 ignis.
690 2383 93 51 ita
743 2383 93 51 est
797 2383 80 51 in
823 2383 160 51 proposito.

263 2428 70 54 ⁋
291 2428 84 54 Ad
333 2428 167 54 secundum
458 2428 111 54 dico
528 2428 111 54 quod
597 2428 139 54 diuidi
695 2428 84 54 in
736 2428 139 54 partes
834 2428 139 54 quarum
917 2428 70 54 vna

256 2468 98 44 est
312 2468 126 44 extra
396 2468 126 44 aliam
480 2468 84 44 et
522 2468 182 44 distincta
663 2468 84 44 ab
705 2468 84 44 ea
747 2468 112 44 situ
817 2468 168 44 conuenit
929 2468 56 44 so

252 2508 82 63 li
293 2508 150 63 quanto.
402 2508 95 63 sed
457 2508 163 63 charitas
579 2508 95 63 non
634 2508 95 63 est
688 2508 95 63 sic
743 2508 218 63 diuisibilis.
906 2508 82 63 quia

261 2562 133 46 nulla
350 2562 118 46 pars
424 2562 207 46 charitatis
586 2562 148 46 distat
689 2562 118 46 etc.
763 2562 118 46 ideo
822 2562 148 46 charitas

257 2598 93 65 non
310 2598 93 65 est
363 2598 145 65 quanta.
468 2598 79 65 Ad
508 2598 145 65 tertium
614 2598 119 65 patet
693 2598 132 65 prius.
786 2598 159 65 Questio.
891 2598 93 65 viii.

1224 244 391 89 neterea
1509 244 320 89 quero
1687 244 142 89 de

1239 325 203 53 sterminis
1396 325 187 53 augmenti
1536 325 234 53 charitatis.
1708 325 109 53 Utrum

1259 359 113 66 sit
1323 359 145 66 dare.
1420 359 161 66 summam
1532 359 113 66 cui
1597 359 193 66 repugnet
1726 359 80 66 au-

1094 396 149 68 gramentari:
1213 396 50 68 ⁋
1233 396 79 68 Quod
1282 396 79 68 sic.
1332 396 79 68 quia
1381 396 119 68 secundum
1470 396 149 68 philosophum
1589 396 89 68 primo
1649 396 59 68 de
1678 396 99 68 anima.
1738 396 79 68 omnium

1084 457 144 45 natura
1185 457 216 45 constantium
1358 457 216 45 determinata
1531 457 101 45 est
1589 457 130 45 ratio
1661 457 144 45 magnitu-

1084 501 122 43 dinis
1166 501 82 43 et
1207 501 177 43 augmenti.
1343 501 109 43 ergo
1411 501 82 43 in
1452 501 109 43 omni
1520 501 218 43 augmentabili
1697 501 95 43 est
1737 501 82 43 dare

1087 539 144 62 statum
1187 539 130 62 vltra
1274 539 115 62 quem
1346 539 101 62 non
1403 539 130 62 poest
1490 539 216 62 augmentari.
1662 539 72 62 ⁋
1677 539 158 62 Preterea.

1095 577 127 63 ecundum
1188 577 127 63 commen.
1281 577 93 63 iii.
1339 577 93 63 phi.
1397 577 116 63 comen.
1478 577 81 63 lc.
1524 577 81 63 vbi
1571 577 81 63 est
1617 577 151 63 processus
1733 577 70 63 ad
1756 577 58 63 for

1082 629 92 49 mam
1134 629 118 49 tamen
1213 629 170 49 contingit
1343 629 105 49 esse
1409 629 78 49 in
1448 629 105 49 actu
1513 629 144 49 quantum
1618 629 170 49 contingit
1736 629 78 49 esse

1091 671 85 58 in
1133 671 184 58 potentia.
1274 671 113 58 ergo
1345 671 184 58 contingit
1486 671 113 58 dare
1557 671 141 58 summam
1642 671 169 58 charitatem

1091 722 106 52 vltra
1162 722 94 52 quam
1220 722 82 52 non
1267 722 82 52 est
1314 722 94 52 alia
1373 722 152 52 potentia.
1490 722 94 52 quia
1549 722 82 52 ibi
1596 722 82 52 est
1643 722 152 52 processus
1748 722 47 52 ad

1082 757 122 62 formam.
1171 757 89 62 ergo
1226 757 89 62 etc.
1282 757 55 62 ⁋
1304 757 67 62 Ad
1337 757 144 62 oppositum
1448 757 133 62 secundum
1548 757 166 62 philosophum
1681 757 55 62 i
1703 757 67 62 de
1725 757 78 62 anima

1090 801 85 53 si
1132 801 226 53 apponerentur
1316 801 254 53 combustibilia.
1528 801 127 53 ignis
1612 801 184 53 cresceret
1740 801 56 53 in

1081 848 175 53 infinitum.
1218 848 87 53 sed
1268 848 87 53 qua
1318 848 137 53 ratione
1418 848 112 53 ignis
1493 848 125 53 potest
1580 848 150 53 crescere
1693 848 75 53 in
1718 848 87 53 infi-

1088 898 114 53 nitum.
1167 898 137 53 charitas
1270 898 114 53 potest
1350 898 137 53 crescere
1452 898 68 53 in
1486 898 159 53 infinitum.
1611 898 91 53 ergo
1668 898 80 53 non
1714 898 80 53 est
1748 898 57 53 da-

1072 942 91 44 re
1117 942 211 44 charitatem
1283 942 151 44 summam
1389 942 106 44 qua
1449 942 106 44 non
1509 942 151 44 possit
1615 942 136 44 fieri
1690 942 106 44 maior

1089 982 63 51 ⁋
1115 982 88 51 Ad.
1165 982 76 51 q.
1203 982 139 51 dicitur
1304 982 63 51 a
1329 982 126 51 multis
1417 982 189 51 doctoribus:
1569 982 101 51 quod
1632 982 126 51 potest
1708 982 88 51 fieri

1077 1031 189 54 charitas
1219 1031 142 54 sumna
1314 1031 110 54 qua
1377 1031 110 54 non
1440 1031 158 54 potest
1551 1031 126 54 deus
1629 1031 158 54 facere
1724 1031 79 54 ma-

1071 1072 138 56 iorem.
1168 1072 69 56 ⁋
1195 1072 110 56 Ista
1264 1072 179 56 conclusio
1402 1072 165 56 probatur
1525 1072 83 56 ab
1567 1072 179 56 aliquibus
1691 1072 96 56 prime

1076 1113 128 60 sic.
1156 1113 176 60 accepta
1284 1113 160 60 aliqua
1396 1113 160 60 gratia
1508 1113 256 60 determinata.
1700 1113 96 60 puta

1079 1158 82 50 a.
1120 1158 123 50 quero
1202 1158 205 50 ascendendo.
1366 1158 96 50 aut
1421 1158 96 50 est
1476 1158 137 50 status
1572 1158 82 50 ad
1613 1158 150 50 aliquam
1708 1158 96 50 supre

1093 1203 82 52 nam
1140 1203 71 52 et
1176 1203 106 52 haber
1246 1203 176 52 propositum.
1387 1203 82 52 aut
1434 1203 94 52 non.
1493 1203 82 52 sed
1540 1203 129 52 procedi
1634 1203 129 52 poterit
1728 1203 71 52 in
1751 1203 59 52 in-

1080 1240 151 65 finitum.
1194 1240 76 65 et
1232 1240 101 65 tunc
1295 1240 151 65 sequitur
1408 1240 101 65 quod
1471 1240 126 65 quanto
1559 1240 126 65 aliqua
1648 1240 113 65 magis
1711 1240 88 65 exce-

1083 1283 72 64 dit
1124 1283 52 64 a
1145 1283 93 64 tanto
1206 1283 72 64 est
1248 1283 144 64 perfectior
1361 1283 62 64 et
1392 1283 72 64 per
1433 1283 144 64 consequens
1546 1283 103 64 aliqua
1619 1283 82 64 quae
1670 1283 62 64 in
1691 1283 113 64 infinitum

1084 1339 134 52 excedit
1181 1339 85 52 est
1230 1339 73 52 in
1266 1339 158 52 infinitum
1387 1339 182 52 perfectior.
1533 1339 73 52 et
1569 1339 85 52 ita
1618 1339 97 52 erit
1679 1339 73 52 in
1715 1339 73 52 se
1739 1339 61 52 in-

1079 1378 155 48 tensiue
1191 1378 183 48 infinita.
1332 1378 84 48 et
1374 1378 98 48 cum
1430 1378 112 48 ipsa
1501 1378 84 48 ab
1543 1378 197 48 intellectu
1684 1378 112 48 diuino

1083 1416 154 54 videatur
1199 1416 116 54 sicut
1276 1416 103 54 vnum
1340 1416 154 54 creabile
1456 1416 129 54 potest
1546 1416 90 54 vna
1597 1416 167 54 creatione
1713 1416 77 54 crea

1077 1466 90 44 ri.
1129 1466 65 44 ⁋
1155 1466 78 44 Ab
1193 1466 103 44 ista
1258 1466 142 44 ratione
1361 1466 129 44 habent
1452 1466 181 44 euidentiam
1594 1466 90 44 due
1646 1466 103 44 alie
1698 1466 103 44 quarum

1072 1510 76 59 vna
1116 1510 141 59 accipitur
1224 1510 54 59 a
1246 1510 163 59 philosopho.
1377 1510 87 59 iii.
1431 1510 87 59 phi.
1486 1510 65 59 c.
1518 1510 65 59 de
1551 1510 141 59 infinito.
1660 1510 87 59 quod
1703 1510 98 59 quantum

1079 1554 141 56 contingit
1188 1554 87 56 esse
1242 1554 65 56 in
1275 1554 141 56 potentia.
1383 1554 109 56 tantum
1459 1554 141 56 contingit
1568 1554 87 56 esse
1622 1554 65 56 in
1655 1554 98 56 actu.
1720 1554 65 56 et
1742 1554 54 56 ita

1078 1603 109 49 eundo
1150 1603 73 49 ad
1187 1603 121 49 formam
1271 1603 85 49 non
1320 1603 85 49 est
1368 1603 157 49 procedere
1489 1603 73 49 in
1525 1603 169 49 infinitum.
1658 1603 73 49 et
1694 1603 97 49 ideo
1743 1603 48 49 ne

1086 1644 120 51 cesse
1166 1644 107 51 fuit
1232 1644 80 51 in
1272 1644 120 51 forma
1352 1644 173 51 quacunque
1485 1644 160 51 perfecta
1605 1644 133 51 ponere
1685 1644 107 51 termi-

1080 1686 90 57 num
1132 1686 233 57 qualitercunque
1326 1686 194 57 possibilem.
1481 1686 65 57 ⁋
1507 1686 142 57 Secundo
1610 1686 155 57 arguitur
1713 1686 78 57 sic.

1075 1731 210 57 quantamcumque
1248 1731 173 57 realitatem
1383 1731 124 57 potest
1470 1731 99 57 deus
1532 1731 124 57 creare
1618 1731 124 57 tantam
1692 1731 99 57 potest

1081 1775 120 53 creare
1165 1775 156 53 subiectum
1284 1775 144 53 includit
1392 1775 191 53 praedicatum.
1548 1775 132 53 ponatur
1643 1775 96 53 ergo
1703 1775 72 53 in
1727 1775 72 53 esse

1085 1822 92 51 quod
1142 1822 115 51 tantam
1222 1822 103 51 creet
1291 1822 126 51 quantam
1383 1822 115 51 potest
1464 1822 126 51 creare.
1556 1822 92 51 ergo
1613 1822 80 51 non
1659 1822 115 51 potest
1728 1822 69 51 maio

1069 1865 83 54 rem
1117 1865 118 54 creare
1199 1865 107 54 haber
1270 1865 95 54 ergo
1329 1865 166 54 propositum
1460 1865 95 54 quod
1519 1865 107 54 summa
1590 1865 154 54 creabilis
1696 1865 95 54 potest

1067 1906 145 57 creari.
1173 1906 66 57 ⁋
1199 1906 79 57 Ad
1239 1906 132 57 eandem
1331 1906 212 57 conclusionem
1503 1906 145 57 arguunt
1609 1906 106 57 alii
1675 1906 93 57 sic
1715 1906 66 57 pri

1077 1951 61 51 mo
1107 1951 123 51 secundum
1199 1951 164 51 philosophum.
1332 1951 72 51 iii
1373 1951 61 51 de
1404 1951 102 51 anima.
1475 1951 102 51 omnium
1547 1951 102 51 natura
1618 1951 153 51 constantium
1731 1951 51 51 etc

1074 1994 61 57 ⁋
1098 1994 134 57 Secundo
1196 1994 98 57 sic.
1257 1994 195 57 quantacumque
1415 1994 159 57 perfectio
1537 1994 122 57 potest
1622 1994 110 57 fieri
1683 1994 98 57 succer

1068 2034 104 57 siue
1133 2034 78 57 in
1172 2034 117 57 eadem
1250 2034 169 57 charitate
1381 2034 117 57 tanta
1459 2034 130 57 potest
1550 2034 117 57 fieri
1629 2034 130 57 simul.
1720 2034 91 57 sed

1074 2077 88 63 non
1125 2077 88 63 est
1175 2077 163 63 possibile
1300 2077 113 63 simul
1375 2077 100 63 esse
1438 2077 138 63 aliquam
1538 2077 175 63 charitatem
1663 2077 125 63 perfecti

1066 2125 95 61 onis
1126 2125 155 61 infinite.
1245 2125 95 61 ergo
1304 2125 83 61 nec
1352 2125 179 61 successiue.
1495 2125 107 61 maior
1567 2125 119 61 patet.
1650 2125 95 61 quia
1710 2125 71 61 si
1733 2125 48 61 no

1069 2176 86 52 aut
1118 2176 86 52 hoc
1167 2176 86 52 est
1215 2176 73 52 ex
1252 2176 110 52 parte
1325 2176 196 52 recipientis.
1484 2176 86 52 aut
1533 2176 73 52 ex
1570 2176 110 52 parte
1643 2176 98 52 dei.
1704 2176 86 52 aut
1741 2176 49 52 ex

1064 2211 111 61 parte
1137 2211 184 61 charitatis.
1285 2211 86 61 Non
1334 2211 74 61 ex
1371 2211 111 61 parte
1445 2211 98 61 dei.
1506 2211 98 61 quia
1568 2211 98 61 deus
1629 2211 111 61 simul
1691 2211 86 61 totam

1071 2256 140 62 virtutem
1176 2256 93 62 suam
1234 2256 116 62 habet.
1316 2256 81 62 nec
1362 2256 70 62 ex
1397 2256 105 62 parte
1467 2256 186 62 recipientis.
1618 2256 93 62 quia
1676 2256 93 62 tota
1723 2256 58 62 cha

1069 2303 127 60 ritas
1154 2303 99 60 que
1210 2303 197 60 necessaria
1365 2303 99 60 est
1421 2303 169 60 respectu
1548 2303 99 60 dei
1605 2303 85 60 ex
1647 2303 127 60 parte
1718 2303 71 60 dei

1069 2346 138 54 potest
1166 2346 110 54 esse
1234 2346 124 54 simul
1317 2346 83 54 in
1358 2346 179 54 quacumque
1496 2346 165 54 creatura
1606 2346 179 54 spirituali.

1070 2389 123 47 licet
1153 2389 82 47 ea
1194 2389 96 47 que
1248 2389 96 47 est
1303 2389 96 47 per
1358 2389 206 47 cognitionem
1523 2389 82 47 et
1564 2389 151 47 meritum
1673 2389 96 47 non
1714 2389 69 47 si-

1063 2436 103 50 mul
1122 2436 103 50 sit
1181 2436 103 50 que
1240 2436 177 50 respectu
1373 2436 148 50 deinon
1477 2436 103 50 est
1536 2436 207 50 necessaria
1684 2436 103 50 licet

1073 2484 174 50 quandoque
1206 2484 94 50 sit
1260 2484 147 50 congrua
1367 2484 67 50 ⁋
1393 2484 94 50 Nec
1447 2484 94 50 est
1500 2484 80 50 ex
1540 2484 120 50 parte
1621 2484 134 50 ipsius
1701 2484 80 50 cha-

1069 2523 148 45 ritatis.
1180 2523 99 45 quia
1241 2523 74 45 ei
1278 2523 99 45 quod
1340 2523 148 45 importat
1450 2523 185 45 infinitatem
1598 2523 135 45 graduum
1697 2523 74 45 in
1721 2523 62 45 sua

1056 2568 123 45 natura
1142 2568 86 45 non
1191 2568 148 45 repugnat
1302 2568 111 45 posse
1376 2568 99 45 esse
1438 2568 148 45 secundum
1549 2568 111 45 talem
1611 2568 160 45 infinitatem

1040 2609 77 69 in
1079 2609 115 69 actu.
1155 2609 89 69 sed
1206 2609 153 69 charitas
1321 2609 77 69 si
1359 2609 89 69 est
1410 2609 230 69 augmentabilis:
1602 2609 77 69 in
1627 2609 166 69 infinitum
