2277 3072
466 222 197 74 importat
614 222 247 74 infinitatem
811 222 181 74 graduum
942 222 99 74 in
992 222 115 74 sua
1041 222 148 74 natura.

466 280 111 52 ergo
536 280 83 52 ex
577 280 125 52 nulla
660 280 167 52 repugnat
785 280 111 52 quin
855 280 111 52 deus
924 280 139 52 tantam
1022 280 125 52 simul
1091 280 111 52 possit

472 316 138 68 facere
569 316 235 68 quantamcunque
762 316 138 68 potest
859 316 97 68 eam
914 316 138 68 facere
997 316 193 68 successiuam.

490 357 71 76 ⁋
518 357 141 76 Tertio
617 357 113 76 sic.
687 357 113 76 quia
758 357 113 76 deus
828 357 99 76 per
885 357 127 76 ydeas
969 357 127 76 rerum
1040 357 155 76 cognoscet

473 405 89 61 res
524 405 153 61 secundum
639 405 102 61 esse
702 405 114 61 illud
778 405 102 61 quod
842 405 153 61 absolute
956 405 178 61 important.
1096 405 102 61 puta
1147 405 51 61 al

470 446 138 58 bedinem
571 446 163 58 cognoscit
696 446 88 58 per
746 446 100 58 suam
809 446 113 58 ydeam
884 446 88 58 non
935 446 151 58 secundum
1047 446 100 58 vnum
1098 446 100 58 gradum

481 490 125 65 intensi
571 490 68 65 et
605 490 136 65 remissi.
707 490 79 65 sed
753 490 136 65 secundum
855 490 102 65 totum
923 490 91 65 quod
980 490 113 65 potest
1059 490 113 65 natura
1127 490 68 65 albe

475 539 121 59 dinis
555 539 189 59 importare.
704 539 94 59 sed
758 539 81 59 si
798 539 162 59 charitas
919 539 135 59 potest
1014 539 135 59 augeri
1108 539 81 59 in
1135 539 54 59 in

476 582 156 55 finitum.
593 582 130 55 natura
683 582 104 55 eius
748 582 156 55 secundum
865 582 104 55 esse
930 582 78 55 et
969 582 156 55 absolute
1072 582 117 55 accepta

478 627 157 68 importat
596 627 170 68 infinitam
727 627 209 68 perfectionem
897 627 157 68 graduum.
1015 627 105 68 ergo
1080 627 105 68 deus
1133 627 65 68 per

487 668 134 68 ydeam
577 668 209 68 charitatis
741 668 194 68 cognoscit
890 668 164 68 quandam
1010 668 164 68 naturam
1114 668 90 68 cre-

474 715 101 59 atam
538 715 152 59 infinite
652 715 215 59 perfectionis.
829 715 101 59 quod
892 715 89 59 est
943 715 215 59 inconueniens.
1120 715 63 59 ⁋
1133 715 63 59 Pre

477 759 98 61 terea
542 759 98 61 illud
608 759 87 61 quod
662 759 76 61 est
706 759 131 61 proprium
803 759 65 61 ei
836 759 87 61 quod
890 759 76 61 est
934 759 141 61 perfectum
1043 759 76 61 per
1075 759 120 61 essentiam

483 799 77 64 non
527 799 133 64 conuenit
627 799 66 64 ei
660 799 88 64 quod
715 799 77 64 est
759 799 144 64 perfectum
870 799 77 64 per
914 799 221 64 participationem.
1102 799 77 64 sed
1135 799 66 64 esse

478 844 139 63 infinitum
585 844 128 63 secundum
682 844 107 63 formam
756 844 64 63 et
789 844 171 63 perfectionem
928 844 75 63 est
970 844 128 63 proprium
1067 844 64 63 ei
1099 844 86 63 quod
1142 844 53 63 est

496 890 146 70 perfectum
608 890 79 70 per
653 890 146 70 essentiam
766 890 135 70 scilicet
867 890 90 70 deo.
923 890 90 70 ergo
979 890 112 70 habere
1047 890 146 70 infinitatem

488 935 150 62 secundum
601 935 200 62 perfectionem
764 935 88 62 non
814 935 150 62 conuenit
927 935 163 62 charitati
1052 935 88 62 vel
1089 935 113 62 alteri-

488 984 185 54 creature.
630 984 71 54 ⁋
658 984 142 54 Quinto
758 984 199 54 sequeretur
914 984 114 54 quod
985 984 128 54 esset
1070 984 114 54 dare
1127 984 71 54 ma-

485 1020 110 70 iorem
558 1020 171 70 charitatem
693 1020 159 70 charitate
815 1020 147 70 christi.
925 1020 98 70 quod
987 1020 86 70 est
1023 1020 184 70 inconueniens.

492 1063 61 65 ⁋
516 1063 122 65 Sexto.
602 1063 98 65 quia
663 1063 110 65 sicut
736 1063 146 65 qualibet
845 1063 146 65 creatura
955 1063 73 65 in
992 1063 98 65 esse
1040 1063 159 65 substantia-

497 1111 62 58 li
528 1111 72 58 est
569 1111 134 58 limitata.
672 1111 72 58 ita
713 1111 83 58 quod
765 1111 124 58 secundum
858 1111 93 58 illam
920 1111 113 58 speciem
1002 1111 72 58 non
1043 1111 103 58 potest
1115 1111 83 58 esse
1157 1111 41 58 ma

483 1157 99 62 ior.
545 1157 87 62 ita
594 1157 74 62 in
631 1157 149 62 quolibet
743 1157 99 62 esse
805 1157 87 62 est
855 1157 149 62 limitata
966 1157 87 62 ita
1016 1157 99 62 quod
1078 1157 87 62 non
1115 1157 99 62 conti-

493 1196 101 69 git
550 1196 86 69 in
593 1196 130 69 eadem
680 1196 144 69 specie
781 1196 245 69 transcendere.
982 1196 72 69 ⁋
1011 1196 144 69 Contra
1097 1196 101 69 istam

489 1240 165 64 opinionem
617 1240 127 64 potest
706 1240 115 64 argui
782 1240 102 64 sic.
846 1240 102 64 quia
909 1240 89 64 non
960 1240 89 64 est
1011 1240 153 64 negandus
1113 1240 89 64 talis

496 1288 172 66 processus
628 1288 79 66 in
668 1288 172 66 infinitum
800 1288 106 66 nisi
867 1288 79 66 ad
906 1288 93 66 eum
959 1288 159 66 sequitur
1065 1288 146 66 infinitas

496 1337 108 50 aliqua
572 1337 65 50 in
604 1337 140 50 creatura.
711 1337 75 50 nam
754 1337 129 50 secundum
851 1337 97 50 omnes
916 1337 140 50 opinantes
1023 1337 129 50 secundum
1109 1337 97 50 praedi-

488 1381 118 57 ctam
562 1381 191 57 opinionem
709 1381 162 57 propter
827 1381 132 57 istam
915 1381 147 57 causam
1018 1381 147 57 negant
1106 1381 103 57 talem

495 1424 146 67 processum
607 1424 67 67 in
641 1424 157 67 infinitum.
764 1424 79 67 sed
809 1424 123 67 propter
899 1424 101 67 istam
966 1424 112 67 causam
1045 1424 79 67 non
1090 1424 123 67 oportet
1168 1424 45 67 ne

495 1462 111 68 gare.
568 1462 98 68 ergo
630 1462 98 68 etc.
691 1462 160 68 Assumptum
814 1462 160 68 probatur.
937 1462 98 68 quia
999 1462 111 68 vltra
1072 1462 111 68 omnem
1134 1462 86 68 ignem

495 1503 107 65 datum
566 1503 119 65 potest
650 1503 95 65 deus
709 1503 119 65 facere
792 1503 107 65 ignem
863 1503 143 65 maiorem.
970 1503 71 65 et
1006 1503 107 65 tamen
1077 1503 83 65 non
1113 1503 95 65 potest

497 1547 122 67 facere
582 1547 110 67 ignem
655 1547 171 67 infinitum.
790 1547 98 67 ergo
851 1547 110 67 eodem
924 1547 98 67 modo
985 1547 134 67 quamuis
1083 1547 122 67 possit
1156 1547 61 67 sem

492 1600 97 66 per
548 1600 139 66 facere
645 1600 152 66 maiorem
756 1600 194 66 charitatem
908 1600 83 66 in
950 1600 194 66 infinitum.
1102 1600 97 66 non
1144 1600 69 66 se-

500 1643 135 58 quitur
594 1643 94 58 eum
648 1643 121 58 posse
729 1643 135 58 facere
823 1643 189 58 charitatem
971 1643 189 58 infinitam.
1120 1643 94 58 Qui
1160 1643 54 58 au

492 1681 97 67 tem
547 1681 110 67 deus
616 1681 138 67 possit
713 1681 138 67 facere
809 1681 110 67 omni
878 1681 110 67 igni
947 1681 124 67 ignem
1030 1681 152 67 maiorem
1126 1681 97 67 vide-

500 1732 91 56 tur
552 1732 196 56 manifestum.
709 1732 104 56 quia
774 1732 170 56 quocumque
905 1732 104 56 dato
970 1732 131 56 potest
1061 1732 104 56 deus
1114 1732 104 56 facere

493 1769 103 66 vnum
557 1769 116 66 alium
634 1769 128 66 ignem.
724 1769 77 66 et
763 1769 128 66 potest
853 1769 77 66 ex
891 1769 116 66 illis
968 1769 128 66 duobus
1058 1769 141 66 ignibus
1148 1769 77 66 face

500 1811 70 62 re
535 1811 93 62 vnum
593 1811 58 62 ⁋
617 1811 93 62 Quod
675 1811 70 62 si
710 1811 128 62 dicatur
803 1811 93 62 quod
861 1811 93 62 deus
919 1811 116 62 potest
1001 1811 116 62 facere
1082 1811 105 62 ignem
1141 1811 81 62 infi-

503 1855 126 65 nitum.
592 1855 114 65 eadem
668 1855 139 65 ratione
769 1855 126 65 potest
857 1855 126 65 facere
946 1855 177 65 charitatem
1072 1855 152 65 infinitam.

505 1899 70 62 ⁋
533 1899 168 62 Preterea
659 1899 210 62 impossibile
827 1899 98 62 est
884 1899 112 62 deum
954 1899 140 62 facere
1052 1899 98 62 tot
1094 1899 126 62 indiui-

506 1943 82 71 dua
553 1943 129 71 eiusdem
647 1943 141 71 rationis
753 1943 94 71 quin
812 1943 118 71 possit
894 1943 118 71 facere
977 1943 118 71 plura.
1059 1943 71 71 et
1094 1943 106 71 tamen
1153 1943 59 71 non

508 1985 126 68 potest
597 1985 126 68 facere
685 1985 151 68 infinita
798 1985 164 68 indiuidua
924 1985 126 68 simul.
1012 1985 101 68 ergo
1075 1985 113 68 eadem
1138 1985 88 68 ratio

507 2036 75 62 ne
544 2036 137 62 quamuis
644 2036 100 62 deus
706 2036 87 62 non
756 2036 125 62 posset
844 2036 125 62 facere
931 2036 125 62 tantam
1018 2036 175 62 charitatem
1143 2036 75 62 quin

508 2075 134 68 posset
602 2075 134 68 facere
696 2075 161 68 maiorem.
816 2075 94 68 non
870 2075 161 68 sequitur
991 2075 94 68 eam
1045 2075 121 68 posse
1112 2075 107 68 facere

512 2119 176 60 infinitam.
651 2119 163 60 Assumptum
776 2119 126 60 patet.
864 2119 100 60 quia
927 2119 201 60 quibuscumque
1077 2119 151 60 indiuiduis

505 2164 82 59 in
546 2164 123 59 certo
628 2164 137 59 numero
724 2164 137 59 datis.
820 2164 123 59 adhuc
902 2164 137 59 potest
997 2164 109 59 deus
1066 2164 109 59 vnum
1120 2164 96 59 aliud

506 2208 178 67 indiuiduum
646 2208 139 67 eiusdem
747 2208 152 67 rationis
861 2208 89 67 cum
912 2208 114 67 illis
988 2208 139 67 facere:
1090 2208 101 67 quod
1140 2208 89 67 probo

511 2253 100 67 qui
568 2253 158 67 accipio
683 2253 143 67 certum
783 2253 158 67 numerum
897 2253 186 67 aliquorum
1026 2253 201 67 indiuiduorum

519 2290 132 73 eiusdem
615 2290 156 73 rationis.
734 2290 96 73 tunc
794 2290 72 73 si
830 2290 84 73 sit
878 2290 191 73 contradictio
1034 2290 96 73 deum
1093 2290 120 73 facere
1165 2290 72 73 ali-

515 2338 107 62 quod
581 2338 120 62 aliud
661 2338 187 62 indiuiduum
808 2338 147 62 eiusdem
915 2338 174 62 rationis.
1049 2338 93 62 aut
1102 2338 93 62 hoc
1142 2338 80 62 est.

509 2380 93 63 qui
562 2380 93 63 non
615 2380 93 63 est
669 2380 120 63 aliud
748 2380 186 63 indiuiduum
895 2380 186 63 factibile.
1042 2380 93 63 aut
1095 2380 107 63 quia
1148 2380 80 63 deus

519 2427 85 63 non
568 2427 122 63 potest
653 2427 122 63 facere
738 2427 110 63 alia.
811 2427 85 63 aut
860 2427 97 63 quia
921 2427 158 63 prioribus
1042 2427 170 63 indiuiduis
1164 2427 61 63 re-

523 2470 133 62 pugnat
616 2470 146 62 aliquod
722 2470 120 62 aliud
802 2470 186 62 indiuiduum
949 2470 146 62 eiusdem
1055 2470 173 62 rationis.
1175 2470 53 62 et

523 2516 92 61 ideo
580 2516 80 61 non
626 2516 115 61 potest
706 2516 103 61 fieri
775 2516 103 61 simul
844 2516 80 61 cum
890 2516 115 61 illis.
970 2516 115 61 Primum
1050 2516 80 61 non
1096 2516 115 61 potest
1165 2516 69 61 dari

507 2558 109 59 quia
576 2558 191 59 cuiuslibet
726 2558 150 59 speciei
835 2558 109 59 sunt
904 2558 164 59 infinita
1027 2558 178 59 indiuidua
1150 2558 82 59 pos-

514 2599 125 69 sibilia
604 2599 102 69 fieri
673 2599 170 69 successiue.
809 2599 91 69 quia
865 2599 102 69 etiam
934 2599 136 69 secundum
1036 2599 148 69 philophos
1138 2599 102 69 cuiusli

1273 190 93 79 bet
1326 190 147 79 speciei
1433 190 80 79 de
1472 190 120 79 istis
1552 190 226 79 generabilibus
1739 190 80 79 et
1766 190 226 79 corruptibilibus

1269 253 114 59 sunt
1340 253 171 59 infinita
1469 253 186 59 indiuidua
1611 253 157 59 futura.
1726 253 114 59 ergo
1797 253 186 59 quocumque
1926 253 71 59 cer

1271 295 90 65 to
1316 295 151 65 numero
1422 295 241 65 indiuiduorum
1617 295 121 65 dato
1693 295 136 65 adhuc
1783 295 105 65 est
1843 295 166 65 aliquod
1949 295 60 65 in

1276 339 152 66 diuiduum
1390 339 139 66 eiusdem
1491 339 152 66 rationis
1605 339 177 66 factibile.
1744 339 89 66 Nec
1795 339 152 66 secundum
1896 339 101 66 potest

1278 382 104 68 dari.
1348 382 93 68 quia
1406 382 81 68 cum
1452 382 81 68 sit
1499 382 104 68 causa
1568 382 116 68 prima.
1649 382 104 68 nihil
1719 382 81 68 est
1765 382 151 68 factibile
1881 382 93 68 quin
1927 382 70 68 pos-

1273 431 94 57 sit
1326 431 121 57 fieri
1407 431 67 57 a
1434 431 108 57 deo.
1502 431 121 57 multa
1583 431 121 57 etiam
1664 431 108 57 sunt
1731 431 94 57 que
1785 431 67 57 a
1812 431 108 57 solo
1880 431 94 57 deo
1920 431 81 57 sunt

1282 473 201 63 factibilia.
1443 473 81 63 et
1483 473 121 63 tamen
1563 473 81 63 in
1604 473 175 63 infinitum
1738 473 148 63 possunt
1832 473 161 63 multiplica

1268 521 91 60 ri.
1320 521 91 60 Nec
1372 521 142 60 tertium
1475 521 155 60 impedit.
1592 521 104 60 quia
1656 521 207 60 quibuscumque
1825 521 117 60 datis
1902 521 91 60 non
1941 521 65 60 re-

1286 572 132 57 pugnat
1378 572 92 57 eis
1431 572 145 57 aliquod
1536 572 132 57 aliud.
1629 572 92 57 cum
1681 572 92 57 sit
1734 572 145 57 eiusdem
1840 572 158 57 rationis
1945 572 66 57 cum

1281 610 97 57 eis.
1341 610 73 57 et
1378 610 85 57 per
1426 610 169 57 consequens
1559 610 85 57 non
1607 610 85 57 est
1656 610 193 57 contradictio
1813 610 133 57 priora:
1897 610 109 57 indiui-

1285 650 99 63 dua
1341 650 85 63 et
1384 650 127 63 illud
1468 650 127 63 aliud
1553 650 184 63 factibile
1694 650 113 63 esse
1765 650 141 63 simul.
1850 650 155 63 Similiter

1295 695 147 59 maior
1393 695 115 59 est
1458 695 246 59 repugnantia
1655 695 213 59 albedinis
1819 695 98 59 ad
1851 695 164 59 nigredi-

1282 737 101 67 nem
1339 737 115 67 quam
1411 737 130 67 vnius
1498 737 187 67 indiuidui
1642 737 86 67 ad
1685 737 202 67 quodcunque
1829 737 173 67 indiuiduum

1286 789 157 56 eiusdem
1400 789 186 56 rationis.
1543 789 100 56 sed
1600 789 143 56 posita
1700 789 171 56 albedine
1828 789 100 56 non
1871 789 143 56 repugnat

1281 826 187 59 quamcumque
1428 826 187 59 nigredinem
1574 826 107 59 esse
1641 826 80 59 in
1681 826 120 59 rerum
1761 826 147 59 natura.
1868 826 147 59 quamuis
1962 826 53 59 si

1291 867 87 71 bi
1334 867 174 71 repugnet
1464 867 203 71 nigredinem
1624 867 116 71 esse
1696 867 87 71 in
1740 867 130 71 eodem
1827 867 174 71 subiecto
1943 867 72 71 cum

1293 923 93 57 ea.
1346 923 107 57 ergo
1413 923 147 57 positis
1519 923 213 57 quibuscumque
1692 923 186 57 indiuiduis
1839 923 80 57 in
1879 923 120 57 certo
1945 923 67 57 nu-

1289 956 122 69 mero
1365 956 107 69 non
1426 956 183 69 repugnat
1563 956 107 69 eis
1624 956 137 69 aliud
1716 956 214 69 indiuiduum
1869 956 137 69 eiusdem

1280 1005 152 56 rationis
1394 1005 101 56 esse
1458 1005 76 56 in
1496 1005 114 56 rerum
1572 1005 127 56 natura
1660 1005 114 56 illis
1736 1005 89 56 non
1787 1005 190 56 destructis.
1926 1005 76 56 ergo

1283 1044 224 67 inpossibile
1462 1044 104 67 est
1522 1044 119 67 dare
1596 1044 164 67 aliquem
1716 1044 149 67 certum
1820 1044 164 67 numerum
1925 1044 90 67 indi

1284 1090 175 63 uiduorum
1416 1090 175 63 alicuius
1547 1090 175 63 speciei:
1679 1090 117 63 quin
1752 1090 146 63 posset
1854 1090 117 63 deus
1913 1090 102 63 face-

1284 1134 90 74 re
1329 1134 135 74 plura
1419 1134 211 74 indiuidua.
1585 1134 120 74 ergo
1660 1134 135 74 eodem
1750 1134 120 74 modo
1810 1134 196 74 impossibile

1297 1181 104 55 est
1356 1181 148 55 facere
1460 1181 104 55 tam
1519 1181 148 55 magnam
1623 1181 207 55 charitatem
1785 1181 118 55 quin
1859 1181 118 55 deus
1918 1181 89 55 pos-

1291 1223 94 64 sit
1344 1223 135 64 facere
1439 1223 148 64 maiore.
1546 1223 67 64 ⁋
1573 1223 81 64 Si
1614 1223 148 64 dicatur
1721 1223 108 64 quod
1789 1223 94 64 non
1843 1223 94 64 est
1896 1223 135 64 simile
1977 1223 54 64 de

1282 1268 144 64 multis
1382 1268 115 64 quae
1454 1268 201 64 distinctis
1612 1268 215 64 factionibus
1784 1268 115 64 sunt
1842 1268 172 64 factibilia

1297 1322 87 52 et
1340 1322 87 52 de
1383 1322 101 52 vno
1441 1322 115 52 quod
1513 1322 101 52 est
1571 1322 130 52 vnica
1657 1322 173 52 factione
1787 1322 202 52 factibile.
1945 1322 72 52 ⁋
1960 1322 72 52 hoc

1291 1358 100 55 non
1348 1358 186 55 sufficit.
1491 1358 115 55 quia
1563 1358 129 55 sicut
1649 1358 129 55 ponis
1735 1358 129 55 multa
1821 1358 86 55 ex
1863 1358 100 55 vna
1906 1358 115 55 parte:

1282 1403 97 61 ita
1338 1403 111 61 pono
1407 1403 125 61 multa
1490 1403 83 61 ex
1532 1403 111 61 alia
1601 1403 125 61 parte
1684 1403 83 61 et
1726 1403 125 61 sicut
1809 1403 125 61 dicis
1892 1403 111 61 quod
1948 1403 69 61 non

1291 1446 158 64 possit
1402 1446 158 64 accipi
1513 1446 174 64 maximus
1640 1446 174 64 numerus
1766 1446 111 64 sed
1830 1446 127 64 omni
1893 1446 127 64 numero

1295 1490 129 62 potest
1385 1490 116 62 fieri
1463 1490 116 62 maior
1540 1490 77 62 et
1579 1490 142 62 possunt
1682 1490 116 62 fieri
1759 1490 116 62 alia.
1837 1490 90 62 ita
1888 1490 103 62 dico
1940 1490 77 62 quod

1292 1543 94 56 non
1345 1543 94 56 est
1399 1543 107 56 dare
1466 1543 148 56 maximam
1574 1543 202 56 charitatem.
1735 1543 94 56 sed
1789 1543 175 56 quacumque
1910 1543 107 56 chari-

1304 1574 106 64 tate
1370 1574 119 64 facta
1449 1574 132 64 potest
1542 1574 119 64 fieri
1622 1574 93 64 vna
1675 1574 106 64 alia
1741 1574 132 64 maior.
1834 1574 79 64 et
1860 1574 159 64 quantacum-

1300 1628 92 51 que
1352 1628 105 51 fiat
1418 1628 131 51 semper
1509 1628 105 51 erit
1574 1628 131 51 finita
1666 1628 118 51 sicut
1744 1628 183 51 quotcumque
1888 1628 118 51 fiant
1954 1628 65 51 sem

1296 1666 99 63 per
1352 1666 113 63 sunt
1423 1666 156 63 finita.
1536 1666 71 63 ⁋
1565 1666 170 63 Preterea
1692 1666 127 63 tanta
1777 1666 99 63 est
1833 1666 184 63 perfectio
1960 1666 57 63 in

1303 1707 126 62 duobus
1392 1707 126 62 quando
1480 1707 101 62 sunt
1543 1707 152 62 separata
1657 1707 76 62 et
1695 1707 88 62 non
1745 1707 114 62 vnita
1821 1707 126 62 quanta
1909 1707 114 62 esset
1973 1707 51 62 si

1306 1750 128 56 essent
1396 1750 128 56 vnita.
1486 1750 115 56 sicut
1563 1750 115 56 tanta
1639 1750 90 56 est
1691 1750 167 56 perfectio
1819 1750 77 56 in
1857 1750 128 56 duabus
1934 1750 90 56 aquis

1305 1794 119 58 quando
1388 1794 83 58 non
1436 1794 95 58 sunt
1496 1794 107 58 vnite
1567 1794 107 58 sicut
1639 1794 119 58 quando
1722 1794 131 58 faciunt
1817 1794 107 58 vnam.
1889 1794 83 58 vel
1925 1794 95 58 saltem

1307 1843 114 60 tanta
1384 1843 165 60 perfectio
1511 1843 89 60 est
1561 1843 76 60 in
1600 1843 127 60 duobus
1689 1843 127 60 quanta
1778 1843 89 60 est
1828 1843 76 60 in
1866 1843 89 60 vno
1905 1843 114 60 illorum

1305 1894 79 46 et
1344 1894 172 46 medietate
1477 1894 159 46 alterius
1596 1894 79 46 si
1636 1894 159 46 facerent
1755 1894 119 46 vnum.
1835 1894 79 46 et
1874 1894 93 46 hoc
1914 1894 106 46 tantum

1314 1926 122 64 valet
1396 1926 81 64 ad
1437 1926 190 64 propositum
1586 1926 109 64 meum
1654 1926 122 64 sicut
1735 1926 149 64 primum.
1844 1926 95 64 Sed
1898 1926 109 64 deus
1952 1926 68 64 non

1311 1968 135 68 potest
1406 1968 135 68 facere
1501 1968 95 68 tot
1555 1968 190 68 charitates
1704 1968 108 68 quin
1772 1968 135 68 posset
1867 1968 135 68 facere
1948 1968 81 68 plu-

1307 2012 103 62 res.
1372 2012 116 62 sicut
1449 2012 90 62 non
1501 2012 129 62 posset
1591 2012 129 62 facere
1681 2012 90 62 tot
1733 2012 129 62 animas
1823 2012 103 62 quin
1888 2012 129 62 posset
1978 2012 77 62 ad

1316 2058 94 62 huc
1369 2058 134 62 facere
1463 2058 107 62 vnam
1530 2058 120 62 aliam
1610 2058 147 62 animam:
1717 2058 94 62 non
1771 2058 187 62 destruendo
1905 2058 120 62 aliquam

1297 2103 126 61 aliam
1381 2103 168 61 animarum
1506 2103 126 61 prius
1590 2103 195 61 creatarum.
1744 2103 98 61 sed
1800 2103 168 61 faciendo
1911 2103 112 61 semper

1313 2144 146 70 plures
1416 2144 204 70 charitates
1576 2144 88 70 in
1620 2144 190 70 infinitum
1766 2144 102 70 vel
1825 2144 102 70 non
1883 2144 131 70 posse
1956 2144 73 70 fa-

1310 2187 114 62 cere
1381 2187 100 62 tot
1438 2187 200 62 charitates
1595 2187 114 62 quin
1667 2187 143 62 possit
1767 2187 143 62 facere
1867 2187 143 62 plures
1953 2187 71 62 non

1306 2228 135 61 infert
1401 2228 216 61 perfectionem
1577 2228 176 61 infinitam
1712 2228 122 61 posse
1793 2228 122 61 fieri
1875 2228 68 61 a
1902 2228 95 61 deo
1942 2228 95 61 simul

1304 2280 128 61 ergo
1384 2280 112 61 non
1448 2280 144 61 posse
1544 2280 160 61 facere
1656 2280 224 61 charitatem
1833 2280 160 61 tantam
1929 2280 96 61 quin

1304 2321 122 61 deus
1380 2321 152 61 possit
1486 2321 152 61 facere
1592 2321 167 61 maiorem
1714 2321 106 61 non
1775 2321 152 61 infert
1881 2321 122 61 deum
1942 2321 91 61 pos-

1311 2367 88 68 se
1355 2367 147 68 facere
1459 2367 191 68 infinitam
1606 2367 221 68 charitatem.
1783 2367 74 68 ⁋
1812 2367 118 68 Ideo
1886 2367 118 68 dico
1945 2367 88 68 quod

1307 2412 176 65 propter
1435 2412 239 65 infinitatem
1626 2412 191 65 vitandam
1770 2412 112 65 non
1834 2412 176 65 oportet
1945 2412 96 65 nega

1324 2455 85 53 re
1366 2455 127 53 talem
1451 2455 184 53 processum
1592 2455 85 53 in
1635 2455 198 53 infinitum.
1790 2455 127 53 sicut
1875 2455 155 53 propter
1973 2455 71 53 in-

1306 2494 183 72 finitatem
1447 2494 169 72 vnitatum
1573 2494 99 72 non
1630 2494 155 72 oportet
1742 2494 141 72 negare
1841 2494 113 72 quod
1911 2494 113 72 deus
1968 2494 70 72 non

1318 2538 143 68 possit
1418 2538 143 68 facere
1517 2538 100 68 tot
1574 2538 185 68 indiuidua
1717 2538 171 68 alicuius
1845 2538 114 68 spei
1917 2538 114 68 quin
1974 2538 71 68 pos

1318 2586 100 62 sit
1375 2586 143 62 facere
1475 2586 143 62 plura.
1575 2586 129 62 Cuius
1661 2586 129 62 ratio
1747 2586 114 62 est.
1818 2586 114 62 quia
1890 2586 86 62 si
1918 2586 129 62 ponatur
