2292 3082
288 206 118 54 batum
367 206 92 54 vel
419 206 118 54 dari.
498 206 131 54 potest
589 206 105 54 dici
655 206 105 54 quod
720 206 157 54 spiritus
838 206 144 54 sanctus
930 206 92 54 datur

287 263 114 43 patri
364 263 64 43 a
389 263 127 43 filio.
478 263 76 43 et
516 263 165 43 econuerso
643 263 114 43 filio
719 263 64 43 a
745 263 127 43 patre.
833 263 102 43 quia
897 263 114 43 sicut
960 263 64 43 ta-

280 303 117 53 ctum
354 303 103 53 est
412 303 132 53 supra
500 303 132 53 dist.
588 303 132 53 xiii.
677 303 132 53 sicut
765 303 161 53 videmus
882 303 88 53 in
911 303 103 53 nobis

298 350 103 47 per
357 350 207 47 intellecto
520 350 148 47 aliquo
623 350 162 47 obiecto
741 350 221 47 intellectus
903 350 118 47 format

278 388 215 53 similitudinem
456 388 127 53 illius
544 388 152 53 obiecti.
658 388 101 53 quod
722 388 89 53 est
772 388 114 53 quasi
836 388 177 53 declaratiuum

287 429 92 59 non
339 429 144 59 notitie
444 429 92 59 sed
497 429 144 59 obiecti
602 429 210 59 praecogniti.
773 429 79 59 et
812 429 158 59 voluntas
917 429 105 59 creata

281 478 183 61 diligens
418 478 168 61 aliquod
540 478 183 61 obiectum
678 478 137 61 amato
770 478 153 61 gratum
877 478 92 61 et
907 478 107 61 acce-

286 523 99 56 ptum
348 523 87 56 dat
397 523 74 56 si
434 523 136 56 potest.
533 523 74 56 et
570 523 74 56 si
608 523 87 56 non
657 523 111 56 habet
732 523 149 56 producit
843 523 136 56 aliquid
930 523 74 56 tale

277 566 75 57 si
314 566 137 57 potest.
414 566 87 57 ita
464 566 87 57 est
514 566 125 57 aliquo
601 566 100 57 modo
664 566 75 57 in
701 566 150 57 diuinis.
814 566 137 57 quamuis
901 566 100 57 multum

272 608 180 48 disimiliter.
418 608 90 48 quia
474 608 101 48 pater
541 608 112 48 habens
620 608 124 48 diuinam
710 608 135 48 esentiam
811 608 79 48 que
856 608 157 48 formaliter
968 608 45 48 ex

282 657 103 51 omni
346 657 103 51 modo
410 657 90 51 est
462 657 103 51 ipsa
526 657 192 51 intellectio
680 657 167 51 absoluta.
808 657 77 51 et
846 657 154 51 realiter
949 657 64 51 est

280 697 97 54 ipse
341 697 122 54 pater.
426 697 97 54 quae
487 697 110 54 pater
560 697 170 54 intelligit
694 697 85 54 tam
742 697 73 54 se
779 697 97 54 quam
840 697 158 54 essentiam
949 697 61 54 pro

269 744 127 48 ducit
354 744 156 48 aliquid
467 744 127 48 vtute
552 744 141 48 illius
651 744 226 48 intellectois
834 744 156 48 tanquam
933 744 71 48 yma

263 792 116 52 ginem
340 792 77 52 et
379 792 219 52 similitudinem
559 792 167 52 suipsius.
688 792 90 52 que
740 792 116 52 ymago
817 792 129 52 verbum
894 792 116 52 dicitur

283 836 74 59 et
320 836 87 59 est
369 836 149 59 realiter
481 836 124 59 verbum
567 836 136 59 tanquam
667 836 111 59 ymago
741 836 74 59 et
778 836 173 59 similitudo
902 836 99 59 patris

269 878 231 47 declaratiuum.
460 878 95 47 Sic
514 878 109 47 quia
582 878 109 47 ipsa
650 878 136 47 divina
746 878 163 47 essentia
868 878 95 47 est
909 878 95 47 forma

259 922 122 53 liter
341 922 81 53 et
381 922 163 53 realiter
503 922 108 53 amor
571 922 81 53 et
612 922 163 53 dilectio
734 922 163 53 absoluta
856 922 108 53 quae
910 922 95 53 pater

271 965 132 47 diligit
367 965 72 47 se
403 965 72 47 et
439 965 156 47 essentiam
559 965 72 47 et
595 965 132 47 filium.
692 965 72 47 et
728 965 156 47 econuerso
848 965 120 47 filius
920 965 84 47 dili-

257 1002 93 65 git
310 1002 93 65 eam
363 1002 173 65 essentiam
497 1002 80 65 et
537 1002 80 65 se
577 1002 80 65 et
617 1002 133 65 patrem
710 1002 147 65 virtute
817 1002 133 65 illius
897 1002 107 65 amoris

268 1056 102 45 quo
327 1056 131 45 pater
414 1056 160 45 diligit
530 1056 160 45 filium.
646 1056 203 45 producendo
791 1056 203 45 spiumsanctum

254 1097 96 58 dat
309 1097 96 58 eum
364 1097 123 58 filio
446 1097 150 58 tanquam
555 1097 123 58 donum
637 1097 109 58 sibi
705 1097 205 58 gratissimum
869 1097 82 58 et
896 1097 96 58 acce-

265 1143 139 57 ptum.
357 1143 92 57 et
403 1143 200 57 econuerso
557 1143 154 57 filius
665 1143 216 57 producendo
835 1143 123 57 idem
896 1143 108 57 donum

257 1181 92 60 dat
309 1181 118 60 ipsum
388 1181 131 60 patri.
480 1181 79 60 et
519 1181 92 60 ita
572 1181 118 60 datur
651 1181 92 60 tam
703 1181 118 60 patri
782 1181 105 60 quam
848 1181 118 60 filio
939 1181 53 60 Et

261 1229 109 52 hoc
324 1229 187 52 intendit
464 1229 202 52 richardus
619 1229 93 52 de
666 1229 218 52 impensione
837 1229 155 52 amoris
930 1229 62 52 et

265 1272 184 57 repensione.
412 1272 74 57 Et
449 1272 98 57 isto
510 1272 98 57 modo
572 1272 123 57 potest
658 1272 98 57 dici
719 1272 98 57 quod
780 1272 147 57 spiritus
879 1272 110 57 sancuns

266 1315 96 55 est
321 1315 124 55 nexus
404 1315 138 55 patris
500 1315 83 55 et
541 1315 124 55 filii
624 1315 96 55 per
679 1315 124 55 modum
761 1315 110 55 doni
830 1315 165 55 dilectum
940 1315 55 55 et

258 1364 186 55 redilectum
404 1364 173 55 vnientis.
536 1364 93 55 Sic
590 1364 119 55 etiam
669 1364 133 55 potest
762 1364 106 55 dici
828 1364 106 55 quod
895 1364 93 55 est
935 1364 66 55 com

257 1411 130 49 munio
343 1411 187 49 vtriusque
487 1411 158 49 tamquam
602 1411 130 49 donum
689 1411 158 49 vtrique
804 1411 130 49 datum
876 1411 115 49 mutuo.

261 1448 93 54 sic
314 1448 120 54 etiam
394 1448 93 54 est
447 1448 159 54 spiritus
566 1448 186 54 vtriusque.
712 1448 146 54 Secundo
818 1448 106 54 modo
872 1448 120 54 accipi-

264 1497 99 55 endo
326 1497 112 55 dari.
400 1497 149 55 spiritus
512 1497 136 55 sanctus
611 1497 87 55 non
660 1497 112 55 datur
735 1497 112 55 patri
809 1497 74 55 et
846 1497 124 55 filio.
921 1497 74 55 quia

253 1536 150 55 spiritus
365 1536 137 55 sanctus
465 1536 87 55 non
515 1536 125 55 libere
602 1536 87 55 sed
652 1536 100 55 mere
714 1536 187 55 naturaliter
852 1536 137 55 communica

253 1583 83 50 tur
300 1583 83 50 vel
348 1583 154 50 confertur
466 1583 106 50 patri
537 1583 71 50 et
572 1583 118 50 filio.
655 1583 83 50 ita
702 1583 95 50 enim
762 1583 177 50 naturaliter
892 1583 106 50 secundu

255 1626 95 55 quod
314 1626 177 55 naturaliter
456 1626 154 55 opponitur
574 1626 154 55 libertati
693 1626 165 55 producitur
823 1626 142 55 spiritus
917 1626 71 55 san-

255 1672 105 45 ctus
321 1672 118 45 sicut
399 1672 145 45 filius.
505 1672 92 45 non
557 1672 118 45 tamen
636 1672 171 45 violenter
768 1672 92 45 vel
820 1672 131 45 coacte
899 1672 92 45 produ

261 1714 116 46 citur
338 1714 116 46 sicut
415 1714 90 46 nec
467 1714 129 46 filius
583 1714 116 46 Circa
660 1714 154 46 secundum
775 1714 154 46 spiritus
878 1714 116 46 sanctus

261 1756 86 48 non
310 1756 111 48 datur
384 1756 99 48 nisi
446 1756 123 48 tantum
532 1756 148 48 creature
643 1756 173 48 rationali.
778 1756 99 48 quia
840 1756 123 48 aliquo
914 1756 74 48 modo

253 1799 141 52 spiritus
359 1799 129 52 sanctus
453 1799 153 52 improprie
571 1799 141 52 loquendo
677 1799 177 52 tranffertur
818 1799 71 52 in
842 1799 141 52 domfernium

245 1851 161 50 creature
365 1851 161 50 ratoalis
486 1851 134 50 quando
580 1851 121 50 datur
661 1851 107 50 sibi
728 1851 107 50 illo
795 1851 107 50 modo
849 1851 134 50 loquendo

247 1890 308 50 proportionabiliter
513 1890 98 50 quo
569 1890 168 50 loquitur
696 1890 182 50 scriptura
836 1890 140 50 facra.
920 1890 56 50 Io

244 1938 113 51 sue.
314 1938 113 51 x.c.
385 1938 141 51 Stetit
483 1938 99 51 sol
540 1938 84 51 in
582 1938 127 51 medio
666 1938 113 51 celi
737 1938 84 51 et
779 1938 99 51 non
821 1938 155 51 festiauit

255 1986 178 45 occumbere
392 1986 137 45 spacio
487 1986 123 45 vnius
569 1986 109 45 dici
638 1986 96 45 non
692 1986 109 45 fuit
761 1986 109 45 ante
829 1986 96 45 nec
870 1986 109 45 postea

239 2023 92 54 tam
291 2023 118 54 longa
370 2023 105 54 dies
436 2023 170 54 obediente
567 2023 131 54 domino
658 2023 105 54 voci
724 2023 157 54 hominis.
829 2023 144 54 Similiter

248 2066 137 47 Exodi.
344 2066 123 47 xxxv.
426 2066 123 47 caua.
508 2066 123 47 dixit
590 2066 137 47 domins
686 2066 137 47 moysi.
782 2066 150 47 dimitte
891 2066 82 47 me
918 2066 55 47 vt

250 2109 183 51 irascatur
391 2109 127 51 furor
475 2109 113 51 meus
546 2109 141 51 contra
644 2109 99 51 eos
700 2109 84 51 et
743 2109 141 51 deleam
841 2109 113 51 eos.
898 2109 84 51 Ecce

249 2156 103 49 quod
314 2156 90 49 cum
365 2156 181 49 obedientia
507 2156 155 49 debeatur
624 2156 142 49 habenti
727 2156 142 49 ptantem
830 2156 77 49 et
856 2156 129 49 domfinum

251 2199 101 48 sic
308 2199 158 48 ptantem
423 2199 86 48 et
466 2199 172 48 dominium
595 2199 144 48 aliquo
696 2199 115 48 modo
768 2199 115 48 isti
839 2199 144 48 sancti
926 2199 57 48 su

242 2243 91 61 per
294 2243 142 61 dominum
397 2243 181 61 habuerunt.
540 2243 104 61 quia
605 2243 155 61 scilicet
721 2243 104 61 deus
786 2243 78 61 ex
812 2243 155 61 bneplacito

242 2287 93 48 suo
295 2287 145 48 paratus
400 2287 106 48 erat
466 2287 132 48 facere
559 2287 159 48 quicquid
678 2287 106 48 isti
744 2287 238 48 rationabiliter
929 2287 53 48 vo

245 2330 168 54 luerunt.
371 2330 84 54 Et
413 2330 112 54 isto
482 2330 112 54 modo
552 2330 112 54 quia
622 2330 112 54 sola
692 2330 168 54 creatura
803 2330 168 54 rationalis

248 2378 118 49 dominari
336 2378 157 49 potespiritus
464 2378 108 49 sanctus
542 2378 59 49 et
571 2378 88 49 quand
630 2378 108 49 ilibere
709 2378 69 49 vti
748 2378 118 49 dominio.
836 2378 78 49 soli
875 2378 98 49 creature

244 2426 146 48 rationali
356 2426 90 48 dari
412 2426 101 48 potes
479 2426 112 48 iritus
558 2426 123 48 sanctus
648 2426 67 48 Et
681 2426 90 48 isto
737 2426 90 48 modo
794 2426 157 48 accipiendo
906 2426 67 48 dari

250 2461 169 65 loquitur
377 2461 183 65 scriptura
518 2461 127 65 sacra
602 2461 85 65 et
645 2461 197 65 frequenter
800 2461 141 65 beatus
884 2461 99 65 augu.

249 2504 82 64 sic
296 2504 128 64 accipit
389 2504 105 64 dari.
459 2504 70 64 et
494 2504 93 64 raro
552 2504 105 64 primo
622 2504 105 64 modo.
716 2504 70 64 Si
751 2504 128 64 dicatur
844 2504 105 64 contr
902 2504 70 64 prie

248 2552 116 55 dicta
325 2552 116 55 primo
402 2552 103 55 quia
466 2552 154 55 secundum
582 2552 103 55 omns
646 2552 116 55 pater
723 2552 116 55 nihil
800 2552 141 55 recipit
903 2552 64 55 a
916 2552 64 55 fi-

242 2590 88 83 lio.
297 2590 88 83 ergo
352 2590 99 83 nihil
418 2590 99 83 datur
485 2590 99 83 patri
551 2590 55 83 a
573 2590 99 83 filio
639 2590 88 83 ergo
694 2590 132 83 spiritus
793 2590 121 83 sanctus
882 2590 77 83 non
915 2590 77 83 datur

1116 208 106 58 patri
1187 208 59 58 a
1211 208 118 58 filio.
1317 208 153 58 Preterea.
1435 208 118 58 dictum
1517 208 83 58 est
1564 208 118 58 prius.
1647 208 94 58 quod
1706 208 71 58 si
1729 208 130 58 spiritus-

1114 260 154 60 sanctus
1226 260 98 60 non
1282 260 196 60 procederet
1436 260 70 60 a
1464 260 126 60 filio
1548 260 126 60 adhuc
1618 260 224 60 distingueretur

1106 312 84 52 ab
1148 312 98 52 eo.
1204 312 98 52 sed
1260 312 84 52 si
1302 312 98 52 non
1358 312 196 52 procederet
1511 312 84 52 ab
1553 312 84 52 eo
1595 312 98 52 non
1651 312 126 52 esset
1721 312 112 52 donum.

1112 354 66 54 et
1145 354 78 54 per
1189 354 155 54 consequens
1311 354 78 54 non
1356 354 100 54 esset
1422 354 133 54 persona.
1522 354 89 54 quia
1577 354 78 54 non
1622 354 133 54 essentia
1721 354 78 54 nec
1754 354 78 54 pater

1115 400 84 55 nec
1163 400 132 55 filius.
1283 400 156 55 Preterea.
1403 400 144 55 secundum
1511 400 108 55 dicta
1583 400 144 55 spiritus
1691 400 132 55 sanctus
1775 400 60 55 non

1102 440 124 51 esset
1185 440 124 51 amor.
1268 440 97 51 sed
1323 440 124 51 esset
1406 440 152 51 aliquod
1517 440 180 51 productum
1655 440 152 51 virtute
1752 440 83 51 amo-

1108 478 97 62 ris.
1169 478 97 62 quod
1230 478 134 62 videtur
1327 478 97 62 esse
1388 478 122 62 contra
1473 478 110 62 sctos
1547 478 146 62 dicentes
1656 478 122 62 spicum
1729 478 110 62 scantum

1106 527 107 60 esse
1172 527 133 60 amorem
1266 527 133 60 patris
1359 527 80 60 et
1399 527 133 60 filii.
1519 527 80 60 Ad
1559 527 133 60 primum
1653 527 147 60 istorum
1746 527 80 60 dico

1106 575 108 48 quod
1173 575 162 48 recipere
1294 575 94 48 per
1348 575 121 48 modum
1429 575 229 48 informationis
1618 575 94 48 vel
1672 575 189 48 productio

1091 620 113 46 nis.
1161 620 99 46 vel
1218 620 99 46 per
1274 620 127 46 modum
1358 620 197 46 indigentie
1513 620 127 46 nullo
1598 620 113 46 modo
1668 620 169 46 competit
1781 620 56 46 pa

1099 662 112 50 tri.
1169 662 84 50 et
1211 662 112 50 ideo
1281 662 154 50 proprie
1392 662 168 50 loquendo
1518 662 126 50 pater
1602 662 126 50 nihil
1685 662 154 50 recipit
1783 662 42 50 a

1089 697 119 69 filio
1168 697 93 69 nec
1221 697 145 69 aliquid
1327 697 119 69 habet
1406 697 66 69 a
1432 697 132 69 filio.
1525 697 145 69 Uocando
1631 697 119 69 tamen
1697 697 132 69 recipere

1101 749 94 51 pro
1154 749 148 51 aliquid
1262 749 108 51 sibi
1330 749 121 51 dari.
1410 749 94 51 sic
1464 749 94 51 non
1518 749 94 51 est
1572 749 216 51 inconueniens
1734 749 94 51 patre

1095 798 149 51 aliquid
1204 798 176 51 recipere.
1340 798 95 51 sed
1394 798 95 51 sic
1448 798 95 51 non
1502 798 149 51 vtuntur
1611 798 136 51 sancti
1706 798 109 51 isto
1760 798 68 51 ver

1085 835 77 60 bo
1124 835 154 60 recipere
1264 835 77 60 Ad
1303 835 154 60 secundum
1418 835 102 60 dico
1482 835 102 60 quod
1546 835 128 60 dictum
1636 835 90 60 est
1687 835 115 60 prius
1751 835 77 60 quod

1085 879 103 61 isto
1149 879 103 61 modo
1213 879 77 61 si
1252 879 154 61 spiritus
1367 879 141 61 sanctus
1470 879 90 61 non
1521 879 180 61 procederet
1662 879 64 61 a
1688 879 115 61 filio
1765 879 77 61 ad-

1094 926 78 54 huc
1138 926 201 54 distingueretur
1306 926 67 54 ab
1339 926 78 54 eo.
1384 926 89 54 quia
1439 926 134 54 scilicet
1539 926 111 54 filius
1617 926 78 54 non
1662 926 111 54 tantum
1729 926 89 54 distin

1096 975 115 58 guitur
1177 975 58 58 a
1200 975 127 58 spiritu
1293 975 115 58 sancto
1373 975 81 58 per
1419 975 173 58 spirationem
1558 975 138 58 actiuam.
1662 975 81 58 sed
1708 975 104 58 etiam
1765 975 58 58 per

1088 1019 184 47 filiationem.
1237 1019 138 47 sequitur
1340 1019 103 47 tamen
1409 1019 138 47 spiritus
1513 1019 126 47 sanctus
1605 1019 80 47 non
1651 1019 138 47 procedit
1754 1019 57 47 a
1766 1019 57 47 fi-

1087 1059 89 63 lio.
1142 1059 89 63 ergo
1198 1059 133 63 spiritus
1297 1059 122 63 sanctus
1386 1059 78 63 non
1430 1059 177 63 distinguitur
1574 1059 55 63 a
1596 1059 111 63 filio.
1674 1059 122 63 quamuis
1752 1059 66 63 ista

1094 1103 199 63 osequentia
1250 1103 99 63 non
1307 1103 99 63 sit
1364 1103 156 63 omnibus
1477 1103 128 63 nota.
1591 1103 85 63 Ad
1633 1103 156 63 tertium
1733 1103 85 63 dico

1096 1148 99 56 quod
1157 1148 136 56 propter
1256 1148 197 56 auctoritates
1416 1148 136 56 oportet
1515 1148 123 56 tenere
1601 1148 99 56 quod
1663 1148 148 56 spiritus
1761 1148 62 56 san

1077 1199 119 55 ctus
1151 1199 104 55 sit
1211 1199 133 55 amor.
1299 1199 89 55 et
1344 1199 104 55 ibi
1403 1199 193 55 accipitur
1551 1199 119 55 amor
1611 1199 207 55 notionaliter

1095 1239 81 58 oro
1142 1239 127 58 ipsomet
1234 1239 127 58 spiritu
1326 1239 127 58 sancto.
1418 1239 81 58 cum
1464 1239 81 58 hoc
1510 1239 104 58 tamen
1579 1239 92 58 stat
1637 1239 92 58 quod
1694 1239 81 58 sit
1729 1239 92 58 veraci

1078 1288 114 52 ter
1143 1288 147 52 donum
1241 1288 180 52 donatum
1372 1288 147 52 amato
1470 1288 98 52 ab
1519 1288 180 52 amante.
1650 1288 147 52 Circa
1732 1288 98 52 ter-

1077 1323 122 61 tium
1153 1323 122 61 dico
1230 1323 122 61 quod
1306 1323 214 61 accipiendo
1474 1323 138 61 donum
1566 1323 138 61 primo
1658 1323 122 61 modo
1719 1323 107 61 magis

1080 1370 138 60 proprie
1180 1370 113 60 debet
1255 1370 100 60 dici
1317 1370 100 60 quod
1380 1370 113 60 donum
1455 1370 88 60 est
1505 1370 138 60 ipsemet
1605 1370 150 60 spiritus
1705 1370 113 60 sanctus

1091 1413 78 49 quam
1140 1413 78 49 quod
1189 1413 68 49 sit
1228 1413 137 49 proprietas
1335 1413 117 49 spiritus
1423 1413 107 49 sancti.
1501 1413 88 49 Cuius
1560 1413 88 49 ratio
1619 1413 78 49 est.
1667 1413 78 49 quia
1716 1413 88 49 sicut
1765 1413 49 49 ver

1086 1459 85 45 bum
1134 1459 73 45 ad
1171 1459 133 45 filium.
1268 1459 85 45 ita
1316 1459 109 45 donum
1389 1459 97 45 illo
1450 1459 97 45 modo
1511 1459 121 45 dictum
1595 1459 73 45 ad
1620 1459 206 45 spritumsctantum

1087 1500 85 61 sed
1136 1500 122 61 verbum
1221 1500 85 61 est
1269 1500 134 61 filius.
1367 1500 73 61 et
1403 1500 85 61 non
1452 1500 134 61 proprie
1549 1500 170 61 proprietas
1683 1500 110 61 fili.
1744 1500 73 61 ergo

1074 1545 146 58 similiter
1186 1545 101 58 donum
1254 1545 79 58 est
1299 1545 135 58 spiritus
1400 1545 135 58 sanctus.
1502 1545 68 58 et
1535 1545 79 58 non
1581 1545 158 58 proprietas
1693 1545 124 58 spiritus-

1076 1589 138 55 sancti.
1202 1589 75 55 Si
1239 1589 138 55 dicatur
1340 1589 100 55 quod
1402 1589 138 55 quamuis
1503 1589 113 55 donum
1578 1589 88 55 non
1628 1589 88 55 est
1666 1589 150 55 proprietas

1089 1632 124 53 spiritus
1181 1632 113 53 sancti.
1264 1632 93 53 tamen
1326 1632 82 53 esse
1377 1632 93 53 donum
1439 1632 72 53 est
1480 1632 144 53 proprietas
1593 1632 124 53 spiritus
1686 1632 113 53 sancti.
1758 1632 62 53 Dico

1089 1684 82 58 quod
1140 1684 82 58 non.
1191 1684 92 58 sicut
1253 1684 82 58 esse
1304 1684 174 58 spitunsscntum
1448 1684 72 58 non
1489 1684 72 58 est
1530 1684 144 58 proprietas
1643 1684 123 58 spiritus
1725 1684 92 58 sancti.

1075 1725 68 55 et
1109 1725 102 55 sicut
1177 1725 91 55 esse
1234 1725 114 55 filium
1314 1725 80 55 non
1359 1725 80 55 est
1405 1725 159 55 proprietas
1530 1725 114 55 filii.
1609 1725 102 55 tamen
1678 1725 91 55 dari
1734 1725 80 55 vel
1769 1725 46 55 do

1069 1768 91 46 nari
1126 1768 80 46 est
1171 1768 160 46 proprietas
1297 1768 137 46 spiritus
1399 1768 125 46 sancti.
1491 1768 91 46 quia
1548 1768 103 46 sicut
1616 1768 103 46 donum
1685 1768 103 46 nullo
1742 1768 68 46 modo

1078 1809 198 51 distinguitur
1238 1809 62 51 a
1263 1809 136 51 spiritu
1362 1809 136 51 sancto.
1461 1809 87 51 ita
1510 1809 99 51 dari
1572 1809 111 51 nullo
1646 1809 99 51 modo
1696 1809 111 51 distin-

1082 1857 111 55 guitur
1160 1857 56 55 a
1182 1857 133 55 spirari.
1282 1857 67 55 et
1315 1857 89 55 ideo
1371 1857 100 55 sicut
1437 1857 122 55 spirari
1526 1857 78 55 est
1571 1857 156 55 proprietas
1693 1857 133 55 spiritus
1782 1857 33 55 s

1075 1891 116 65 ancti.
1156 1891 81 65 ita
1203 1891 93 65 dari
1261 1891 81 65 est
1307 1891 162 65 proprietas
1434 1891 139 65 spiritus
1539 1891 127 65 sancti.
1631 1891 81 65 Sed
1666 1891 139 65 accipiendo

1078 1944 103 58 bonum
1146 1944 69 58 et
1181 1944 103 58 dari.
1250 1944 126 58 secundo
1342 1944 103 58 modo:
1411 1944 80 58 sic
1456 1944 92 58 dico
1514 1944 92 58 quod
1571 1944 103 58 donum
1640 1944 80 58 est
1675 1944 126 58 spiritus-

1072 1982 127 57 sancti.
1165 1982 93 57 quia
1223 1982 104 57 illud
1292 1982 93 57 idem
1350 1982 81 57 est
1396 1982 93 57 quod
1454 1982 81 57 est
1501 1982 104 57 datum
1570 1982 81 57 pri
1616 1982 58 57 a
1639 1982 104 57 filio
1709 1982 69 57 et
1732 1982 81 57 ecom-

1062 2030 147 56 uerso.
1165 2030 88 56 et
1209 2030 147 56 postea
1312 2030 147 56 libere
1415 2030 162 56 donatum
1533 2030 103 56 vel
1592 2030 132 56 datum
1666 2030 132 56 creatur

1068 2079 66 55 re
1101 2079 154 55 rationali.
1244 2079 77 55 Sed
1289 2079 66 55 si
1322 2079 143 55 quaeritur
1432 2079 99 55 vtrum
1498 2079 88 55 dari
1553 2079 88 55 illo
1608 2079 88 55 modo
1664 2079 77 55 sit
1697 2079 110 55 proprie-

1067 2117 77 51 tas
1111 2117 175 51 constitutiva
1253 2117 121 51 spirius
1341 2117 121 51 sancti.
1450 2117 153 51 Respondeo.
1571 2117 88 51 dico
1626 2117 88 51 quod
1670 2117 131 51 proprietas

1071 2165 158 56 alicuius
1189 2165 184 56 dupliciter
1334 2165 184 56 accipitur.
1479 2165 92 56 Uno
1532 2165 105 56 modo
1597 2165 92 56 pro
1650 2165 132 56 aliquo
1729 2165 79 56 rea-

1075 2204 70 61 li
1110 2204 94 61 sibi
1169 2204 94 61 soli
1227 2204 140 61 realiter
1332 2204 175 61 competenti.
1473 2204 105 61 sicut
1543 2204 129 61 prnitas
1636 2204 94 61 illa
1695 2204 94 61 quae
1742 2204 58 61 est

1071 2250 96 59 deus
1131 2250 84 59 est
1179 2250 168 59 proprietas
1311 2250 132 59 patris.
1407 2250 96 59 quia
1468 2250 96 59 soli
1528 2250 84 59 pri
1576 2250 144 59 realiter
1672 2250 132 59 conuenit.

1077 2289 98 61 Alio
1138 2289 98 61 modo
1199 2289 85 61 pro
1247 2289 122 61 aliquo
1333 2289 195 61 praedicabili
1491 2289 98 61 vere
1552 2289 73 61 de
1589 2289 98 61 illo
1650 2289 110 61 solo.
1711 2289 85 61 sicut

1076 2338 115 65 risibile
1163 2338 67 65 est
1201 2338 134 65 proprietas
1306 2338 115 65 hominis.
1392 2338 77 65 quia
1440 2338 57 65 de
1469 2338 77 65 solo
1517 2338 96 65 homine
1584 2338 57 65 et
1612 2338 163 65 vniversaliter
1737 2338 57 65 prae

1061 2381 153 56 dicatur.
1176 2381 115 56 Primo
1253 2381 102 56 modo
1317 2381 102 56 dico
1381 2381 102 56 quod
1445 2381 102 56 dari
1509 2381 153 56 creature
1624 2381 166 56 rationali
1739 2381 51 56 no

1066 2424 79 49 est
1111 2424 158 49 proprietas
1235 2424 135 49 spiritus
1336 2424 124 49 sancti.
1427 2424 90 49 quia
1483 2424 79 49 non
1528 2424 79 49 est
1573 2424 113 49 aliqua
1652 2424 79 49 res
1697 2424 79 49 vna
1731 2424 68 49 vere

1068 2470 162 55 conueniens
1196 2470 185 55 spirituisco.
1346 2470 127 55 Secundo
1439 2470 93 55 modo
1497 2470 93 55 dico
1555 2470 93 55 quod
1613 2470 93 55 dari
1659 2470 139 55 dupliciter

1058 2518 169 57 accipitur.
1191 2518 85 57 Uno
1239 2518 97 57 modo
1300 2518 121 57 large.
1385 2518 97 57 alio
1445 2518 97 57 modo
1506 2518 145 57 stricte.
1615 2518 145 57 secundum
1711 2518 73 57 quod

1063 2555 117 61 dicitur
1148 2555 117 61 aliquid
1233 2555 85 61 dari
1287 2555 85 61 quod
1340 2555 74 61 est
1382 2555 159 61 neccessario
1510 2555 96 61 datum
1573 2555 96 61 primo
1637 2555 96 61 modo.
1701 2555 64 61 et
1722 2555 64 61 isto

1063 2599 123 70 secundo
1152 2599 90 70 modo
1208 2599 90 70 dari
1264 2599 78 70 est
1309 2599 157 70 proprietas
1432 2599 134 70 spiritus
1533 2599 123 70 sancti.
1623 2599 90 70 quia
1679 2599 101 70 nihil
1735 2599 67 70 illo
