2257 3066
416 214 78 70 dico
465 214 78 70 quod
513 214 146 70 philosophus
630 214 78 70 male
679 214 136 70 allegatur.
785 214 78 70 quia
834 214 146 70 philosophus
950 214 107 70 numquam
1028 214 87 70 dicit
1077 214 58 70 quod

414 263 207 62 similitudo.
579 263 193 62 equalitas.
731 263 165 62 idetitas
855 263 179 62 fundantur
993 263 83 62 in
1020 263 124 62 vnitate

421 306 86 65 nec
470 306 99 65 quod
532 306 123 65 vnitas
618 306 86 65 sit
667 306 135 65 proxima
766 306 111 65 ratio
839 306 160 65 fundandi.
963 306 99 65 Unde
1012 306 123 65 postquam

432 356 185 58 philosophus
580 356 222 58 exemplificauit
765 356 74 58 de
802 356 148 58 diuersis
913 356 160 58 contentis
1036 356 86 58 sub
1073 356 62 58 pri

427 392 75 66 mo
465 392 100 66 modo
528 392 188 66 relatiuorum
678 392 113 66 dicit
753 392 100 66 sic.
816 392 88 66 hec
866 392 100 66 ergo
929 392 75 66 ad
967 392 138 66 aliquid
1054 392 88 66 omnia

418 446 168 60 secundum
544 446 154 60 numerum
655 446 237 60 distinguuntur
851 446 84 60 et
893 446 140 60 numeri
976 446 168 60 passiones.

430 481 61 69 Et
460 481 112 69 amplius
542 481 102 69 equale
613 481 61 69 et
644 481 102 69 simile
715 481 61 69 et
746 481 82 69 idem
797 481 122 69 secundum
889 481 92 69 alium
950 481 102 69 modum.
1021 481 122 69 secundum
1103 481 51 69 est

428 524 95 67 vnum
488 524 143 67 dicuntur
595 524 119 67 omnia.
678 524 107 67 Eadem
749 524 119 67 namque
833 524 119 67 quorum
916 524 83 67 vna
964 524 83 67 est
999 524 155 67 substantia.

420 572 155 69 similia
533 572 113 69 vero
603 572 141 69 quorum
702 572 169 69 qualitas
828 572 99 69 est
885 572 113 69 vna.
955 572 155 69 Equalia
1054 572 84 69 vero

418 612 166 66 quorum
535 612 216 66 quantitas
701 612 116 66 est
768 612 133 66 vna.
851 612 133 66 Unum
934 612 150 66 autem
1017 612 133 66 numeri

438 655 170 66 principium
572 655 73 66 et
608 655 134 66 metrum.
706 655 110 66 quare
779 655 85 66 hoc
827 655 110 66 omnia
900 655 73 66 ad
937 655 134 66 aliquid
1022 655 122 66 dicuntur

426 705 136 70 secundum
528 705 125 70 numerum
619 705 125 70 quidem.
710 705 79 70 non
755 705 102 70 eodem
823 705 102 70 autem
891 705 125 70 accidit
982 705 102 70 modo.
1050 705 68 70 Ex
1073 705 68 70 ista

426 755 159 57 auctoritate
554 755 74 57 non
596 755 106 57 habter
670 755 85 57 quod
723 755 106 57 vnitas
797 755 74 57 est
840 755 159 57 fundamentum
967 755 95 57 talis
1020 755 127 57 relationis

437 793 62 68 et
468 793 72 68 non
509 793 82 68 ipsa
560 793 82 68 res.
611 793 72 68 sed
652 793 92 68 haber
714 793 82 68 quod
765 793 92 68 illud
826 793 82 68 quod
878 793 72 68 est
919 793 103 68 equale
990 793 72 68 vel
1031 793 103 68 simile
1093 793 51 68 est

423 836 118 70 vnum
497 836 89 70 et
541 836 103 70 non
600 836 133 70 multa
689 836 103 70 nec
748 836 177 70 numerus.
881 836 103 70 Per
940 836 192 70 oppositum
1088 836 89 70 ad

434 880 102 64 alia
498 880 153 64 contenta
612 880 89 64 sub
663 880 114 64 primo
739 880 102 64 modo
803 880 191 64 relatiuorum
956 880 64 64 â‹
981 880 76 64 Et
1019 880 76 64 si
1045 880 114 64 dicatur

436 935 84 60 quod
488 935 84 60 haec
540 935 136 60 expositio
645 935 126 60 concedit
739 935 157 60 propositum.
865 935 84 60 quia
917 935 94 60 sicut
980 935 115 60 numerus
1064 935 63 60 se
1085 935 73 60 habet

424 970 79 63 ad
463 970 119 63 alias
542 970 198 63 relationes.
700 970 92 63 ita
753 970 105 63 pars
819 970 132 63 numeri
911 970 79 63 se
951 970 119 63 habet
1030 970 79 63 ad
1056 970 92 63 istas

428 1014 171 66 relationes.
565 1014 80 66 sed
610 1014 114 66 vnitas
690 1014 80 66 est
736 1014 91 66 pars
793 1014 126 66 numeri.
884 1014 91 66 ergo
941 1014 103 66 sicut
1010 1014 126 66 numerus
1090 1014 57 66 est

437 1059 185 69 fundamentum
585 1059 136 69 aliarum
684 1059 185 69 relationum.
832 1059 148 69 scilicet
943 1059 198 69 dupleitatis.
1091 1059 62 69 di-

427 1109 210 66 mideitatis.
595 1109 84 66 et
637 1109 98 66 sic
693 1109 84 66 de
735 1109 140 66 aliis.
833 1109 98 66 ita
889 1109 140 66 vnitas
987 1109 112 66 erit
1043 1109 112 66 funda-

432 1143 110 71 mentum
509 1143 188 71 similitudinis
664 1143 66 71 et
697 1143 177 71 equalitatis.
841 1143 55 71 â‹
863 1143 133 71 Preterea
962 1143 99 71 dicit
1017 1143 144 71 philosophus

435 1189 94 68 quod
494 1189 94 68 illa
552 1189 94 68 sunt
611 1189 129 68 similia
704 1189 117 68 quorum
786 1189 140 68 qualitas
891 1189 70 68 et
926 1189 94 68 vna.
985 1189 94 68 ergo
1043 1189 117 68 vnitas
1113 1189 47 68 il

432 1236 73 65 la
468 1236 220 65 praesupponitur
652 1236 208 65 similitudini.
823 1236 61 65 â‹
847 1236 73 65 Ad
884 1236 122 65 primum
970 1236 98 65 dico
1031 1236 98 65 quod
1080 1236 73 65 nume

443 1278 91 65 tus
495 1278 91 65 non
547 1278 91 65 est
599 1278 91 65 res
651 1278 104 65 alia
716 1278 195 65 superaddita
871 1278 117 65 rebus
949 1278 156 65 numerat.
1066 1278 91 65 sed
1105 1278 52 65 im

447 1322 125 64 portat
534 1322 113 64 ipsas
609 1322 88 64 res
659 1322 175 64 numeratas.
797 1322 75 64 et
834 1322 88 64 ita
884 1322 113 64 sicut
959 1322 88 64 non
1009 1322 125 64 potest
1084 1322 75 64 esse

429 1368 161 63 numerus
547 1368 220 63 fundamentum
723 1368 88 63 et
767 1368 103 63 non
826 1368 117 63 ipse
899 1368 117 63 res.
972 1368 103 63 ita
1031 1368 103 63 nec
1075 1368 88 63 vni-

434 1415 89 61 tas
485 1415 128 61 potest
575 1415 102 61 esse
639 1415 192 61 fundamentum
792 1415 179 61 relationis
933 1415 77 61 et
971 1415 89 61 non
1022 1415 102 61 ipsa
1073 1415 77 61 res.

441 1458 96 61 sed
496 1458 82 61 de
537 1458 96 61 hoc
592 1458 137 61 postea
689 1458 151 61 patebit
799 1458 137 61 magis.
895 1458 69 61 â‹
922 1458 82 61 Ad
964 1458 165 61 secundum
1074 1458 82 61 dico

440 1500 73 66 quod
485 1500 127 66 dupliciter
586 1500 91 66 potest
649 1500 118 66 intelligi
740 1500 91 66 dictum
804 1500 137 66 philosophi.
913 1500 91 66 quando
977 1500 82 66 dicit
1032 1500 73 66 quod
1068 1500 82 66 similia

442 1543 110 62 sunt
511 1543 110 62 illa
579 1543 137 62 quorum
675 1543 165 62 qualitas
799 1543 96 62 est
854 1543 110 62 vna.
922 1543 96 62 Uno
977 1543 110 62 modo
1046 1543 110 62 quod
1100 1543 69 62 vni

433 1591 93 59 tas
486 1591 93 59 sit
539 1591 145 59 quoddam
644 1591 145 59 commune
750 1591 79 59 ad
790 1591 238 59 similitudinem.
975 1591 185 59 equalitatem.

445 1631 74 68 et
482 1631 197 68 identitatem.
642 1631 86 68 ita
691 1631 99 68 quod
753 1631 123 68 vnitas
839 1631 172 68 qualitatis
974 1631 86 68 sit
1011 1631 148 68 similitudo

444 1672 138 74 vnitas
541 1672 207 74 quantitatis
706 1672 96 74 sit
761 1672 193 74 equalitas.
913 1672 83 74 et
954 1672 96 74 sic
1009 1672 138 74 vnitas
1092 1672 69 74 non

442 1732 102 52 est
501 1732 218 52 fundamentum
675 1732 160 52 illarum
791 1732 218 52 relationum.
966 1732 102 52 sed
1024 1732 116 52 erit
1082 1732 87 52 vnum

451 1766 124 60 commune.
544 1766 62 60 et
575 1766 83 60 ideo
627 1766 93 60 dicit
689 1766 156 60 philosophus
814 1766 83 60 quod
865 1766 114 60 similia
948 1766 83 60 sunt
1000 1766 104 60 quorum
1062 1766 104 60 qualitas

438 1817 91 51 est
490 1817 103 51 vna.
554 1817 91 51 hoc
606 1817 91 51 est
658 1817 129 51 quorum
748 1817 181 51 qualitates
891 1817 103 51 sunt
955 1817 142 51 eiusdem
1046 1817 129 51 speciei.

445 1851 86 66 aut
494 1851 122 66 potest
579 1851 86 66 sic
628 1851 171 66 intelligi.
763 1851 134 66 Similia
860 1851 98 66 sunt
922 1851 122 66 quorum
1007 1851 147 66 qualitas
1105 1851 61 66 est

450 1901 95 59 vna.
509 1901 83 59 hoc
557 1901 83 59 est
604 1901 95 59 illa
663 1901 95 59 sunt
722 1901 142 59 similia.
828 1901 118 59 quando
911 1901 201 59 vniuscuiusque
1065 1901 106 59 illorum

444 1948 84 52 est
492 1948 84 52 vna
540 1948 157 52 qualitas.
661 1948 84 52 ita
709 1948 145 52 scilicet
818 1948 97 52 quod
878 1948 133 52 propter
975 1948 97 52 vnam
1023 1948 145 52 qualitatem

454 1982 70 61 et
489 1982 82 61 non
536 1982 128 61 propter
629 1982 117 61 multas
711 1982 163 61 qualitates
839 1982 128 61 dicitur
932 1982 128 61 aliquid
1025 1982 117 61 simile
1095 1982 70 61 alte

439 2027 83 62 ri.
487 2027 71 62 et
522 2027 107 62 eodem
593 2027 95 62 modo
652 2027 71 62 de
688 2027 119 62 aliis.
771 2027 71 62 et
807 2027 83 62 hoc
854 2027 83 62 per
901 2027 154 62 oppositum
1020 2027 71 62 ad
1044 2027 119 62 contenta

453 2072 93 67 alia
511 2072 81 67 sub
558 2072 105 67 primo
628 2072 93 67 modo
686 2072 186 67 relatiuorum.
837 2072 93 67 quia
895 2072 70 67 in
930 2072 105 67 illis
999 2072 81 67 non
1046 2072 116 67 potest
1116 2072 46 67 in

455 2124 139 55 ueniri
552 2124 111 55 tale
621 2124 194 55 relatiuum.
774 2124 111 55 nisi
843 2124 152 55 propter
954 2124 125 55 multa
1037 2124 139 55 saltem
1120 2124 42 55 a

455 2163 118 61 parte
534 2163 158 61 alicuius
652 2163 158 61 extremi.
770 2163 118 61 sicut
849 2163 92 61 non
902 2163 145 61 dicitur
1007 2163 158 61 binarius
1112 2163 66 61 du-

447 2208 119 65 plus
522 2208 89 65 ad
566 2208 179 65 vnitatem
700 2208 104 65 vel
760 2208 89 65 ad
805 2208 119 65 vnum
879 2208 119 65 nisi
954 2208 164 65 propter
1058 2208 119 65 multa.

446 2251 96 58 qui
501 2251 164 58 binarius
624 2251 164 58 importat
747 2251 137 58 multa.
843 2251 96 58 non
898 2251 96 58 sic
952 2251 82 58 de
980 2251 191 58 similitudine

452 2304 93 49 qui
505 2304 93 49 ibi
558 2304 66 49 a
584 2304 119 49 parte
663 2304 172 49 vtriusque
796 2304 145 49 extremi
901 2304 119 49 debet
981 2304 106 49 esse
1047 2304 93 49 vna
1087 2304 79 49 qua-

452 2339 128 56 litas.
542 2339 77 56 et
580 2339 89 56 non
631 2339 115 56 multe
708 2339 64 56 a
733 2339 115 56 parte
810 2339 115 56 vnius
886 2339 153 56 extremi.
1001 2339 77 56 et
1039 2339 89 56 ita
1078 2339 89 56 magis

444 2381 161 57 habetur
561 2381 117 57 quod
634 2381 175 57 qualitas
766 2381 102 57 que
824 2381 102 57 est
883 2381 102 57 vna
941 2381 102 57 est
985 2381 190 57 sundamentum

455 2417 209 71 similitudinis.
630 2417 93 71 quam
688 2417 93 71 quod
746 2417 116 71 vnitas
828 2417 70 71 si
863 2417 186 71 distinguatur
1014 2417 58 71 a
1037 2417 70 71 re
1072 2417 81 71 sit
1107 2417 58 71 fum

455 2469 174 59 damentum
585 2469 261 59 similitudinis.
802 2469 72 59 â‹
831 2469 87 59 Ad
875 2469 145 59 primum
976 2469 203 59 principale
1121 2469 58 59 di

461 2511 77 69 co
500 2511 102 69 quod
563 2511 153 69 opposita
679 2511 153 69 positiue
794 2511 166 69 contraria
921 2511 102 69 nata
985 2511 102 69 sunt
1049 2511 115 69 fieri
1113 2511 64 69 cir

447 2553 150 67 caidem.
556 2553 82 67 et
597 2553 95 67 hoc
652 2553 163 67 opposita
774 2553 177 67 absoluta.
910 2553 109 67 Alia
978 2553 123 67 autem
1060 2553 95 67 non
1101 2553 68 67 or-

445 2590 113 81 posse
521 2590 113 81 fieri
596 2590 113 81 circa
671 2590 113 81 idem.
746 2590 88 81 Nam
796 2590 88 81 non
846 2590 100 81 omne
908 2590 100 81 quod
971 2590 125 81 potest
1058 2590 100 81 esse
1108 2590 63 81 non

1227 208 116 64 homo
1299 208 145 64 potest
1400 208 116 64 esse
1472 208 130 64 homo.
1559 208 101 64 nec
1617 208 116 64 omne
1689 208 116 64 quod
1762 208 145 64 potest
1848 208 116 64 creare

1246 265 138 48 potest
1343 265 152 48 creari.
1453 265 111 48 Nunc
1523 265 124 48 autem
1606 265 180 48 equalitas
1744 265 83 48 et
1771 265 180 48 inequalitas

1228 305 88 52 non
1279 305 100 52 sunt
1341 305 163 52 contraria
1466 305 163 52 absoluta.
1591 305 63 52 â‹
1617 305 75 52 Ad
1654 305 150 52 secundum
1767 305 100 52 dico
1829 305 100 52 quod
1879 305 88 52 acci-

1238 344 149 64 piendo
1343 344 239 64 magnitudinem
1537 344 105 64 pro
1597 344 149 64 aliquo
1701 344 179 64 absoluto
1836 344 105 64 sic
1880 344 75 64 non

1239 395 97 48 est
1295 395 139 48 aliqua
1392 395 180 48 magnitudo
1530 395 83 48 in
1572 395 97 48 vna
1627 395 152 48 persona
1738 395 111 48 quae
1808 395 97 48 non
1863 395 97 48 sit
1905 395 55 48 in

1240 432 114 59 alia.
1316 432 164 59 similiter
1442 432 177 59 accipiendo
1581 432 202 59 magnitudinem
1745 432 88 59 pro
1796 432 164 59 quacumque
1910 432 51 59 re

1230 481 151 50 alitate
1340 481 179 50 positiua.
1477 481 165 50 quameuis
1601 481 137 50 aliqua
1697 481 124 50 talis
1780 481 179 50 magnitudo
1903 481 55 50 re

1245 521 116 61 atiua
1322 521 90 61 sit
1374 521 77 61 in
1412 521 90 61 vna
1464 521 142 61 persona
1567 521 103 61 quae
1631 521 90 61 non
1683 521 90 61 sit
1734 521 77 61 in
1773 521 103 61 alia
1837 521 116 61 nihil
1902 521 64 61 mi-

1243 565 97 58 nus
1299 565 97 58 vna
1354 565 153 58 persona
1466 565 153 58 equalis
1577 565 97 58 est
1633 565 153 58 alteri.
1744 565 111 58 quia
1814 565 97 58 vna
1856 565 111 58 magni-

1243 609 113 59 tudo
1314 609 170 59 relatiua
1441 609 128 59 vnius
1526 609 156 59 persone
1640 609 99 59 est
1697 609 99 59 ita
1753 609 170 59 perfecta
1867 609 99 59 sicut

1238 653 124 59 alia
1315 653 108 59 nec
1377 653 217 59 distinctio
1547 653 248 59 magnitudinum
1748 653 186 59 repugnat
1872 653 93 59 equa

1245 699 126 62 litati.
1336 699 80 62 Sed
1382 699 115 62 quando
1463 699 126 62 dicitur
1555 699 92 62 quod
1612 699 115 62 plures
1693 699 161 62 relationes
1819 699 92 62 sint
1877 699 69 62 in
1900 699 57 62 vna

1241 740 127 70 persona
1334 740 92 70 quam
1392 740 69 70 in
1426 740 104 70 alia.
1496 740 92 70 Dico
1553 740 92 70 quod
1611 740 92 70 non.
1669 740 92 70 quia
1726 740 139 70 spiratio
1830 740 69 70 et
1854 740 115 70 paterni-

1243 787 92 61 tas
1295 787 92 61 non
1348 787 105 61 sunt
1413 787 131 61 plures
1505 787 197 61 relationes.
1663 787 144 61 quamuis
1767 787 92 61 non
1820 787 105 61 sunt
1885 787 92 61 ide

1249 830 199 59 formaliter
1405 830 71 59 â‹
1434 830 85 59 Ad
1476 830 128 59 aliud
1562 830 156 59 concedo
1676 830 114 59 quod
1747 830 185 59 magnitudo
1875 830 85 59 abso

1238 876 103 63 luta
1302 876 90 63 per
1354 876 77 63 se
1392 876 115 63 nullo
1469 876 103 63 modo
1533 876 205 63 distinguitur
1700 876 77 63 ab
1738 876 167 63 essentia.
1866 876 77 63 et
1892 876 77 63 ideo

1250 920 102 58 dico
1314 920 102 58 quod
1377 920 178 58 similitudo
1517 920 76 58 et
1555 920 165 58 identitas
1682 920 89 58 non
1733 920 102 58 sunt
1796 920 127 58 aliqua
1872 920 102 58 disti-

1240 964 90 65 cta
1292 964 78 65 in
1331 964 103 65 deo.
1395 964 90 65 nec
1447 964 116 65 tamen
1524 964 103 65 sunt
1589 964 129 65 nomina
1680 964 168 65 svnonima.
1809 964 90 65 non
1848 964 116 65 propter

1243 1006 228 61 distinctionem
1430 1006 80 61 in
1470 1006 107 61 deo.
1537 1006 94 61 sed
1591 1006 147 61 propter
1698 1006 228 61 distinctionem
1872 1006 94 61 crea-

1241 1061 108 52 ture
1308 1061 94 52 cui
1362 1061 108 52 sunt
1429 1061 135 52 aliquo
1524 1061 108 52 modo
1591 1061 175 52 communia.
1726 1061 67 52 â‹
1753 1061 81 52 Ad
1793 1061 121 52 aliud
1874 1061 108 52 quod
1928 1061 54 52 ma

1254 1097 131 67 gnitudo
1349 1097 95 67 quae
1408 1097 83 67 est
1456 1097 131 67 species
1551 1097 178 67 quantitatis
1693 1097 95 67 quae
1753 1097 83 67 est
1788 1097 190 67 praedicamentum

1246 1140 149 64 nullo
1346 1140 132 64 modo
1428 1140 231 64 predicatur
1610 1140 99 64 de
1659 1140 132 64 deo.
1742 1140 116 64 sed
1791 1140 182 64 magnitudo

1250 1182 137 68 primo
1341 1182 122 68 modo
1418 1182 137 68 dicta
1509 1182 107 68 non
1570 1182 107 68 est
1631 1182 168 68 species
1738 1182 244 68 cuiuscuscumque

1229 1233 401 77 predicamenti.
1559 1233 259 77 Questio
1724 1233 118 77 ii.

1426 1273 387 99 cundo
1641 1273 344 99 quero.

1447 1350 116 65 Utrum
1525 1350 168 65 quaelibet
1654 1350 142 65 persona
1757 1350 90 65 sit
1809 1350 78 65 in
1848 1350 103 65 alia
1899 1350 65 65 per

1448 1400 258 58 circuminsessionem.
1671 1400 59 58 â‹
1695 1400 94 58 Quod
1754 1400 94 58 non.
1812 1400 94 58 quia
1859 1400 106 58 quamuis

1446 1440 208 61 principiatum
1615 1440 91 61 sit
1667 1440 78 61 in
1706 1440 91 61 suo
1757 1440 182 61 principio.
1887 1440 91 61 tamen

1246 1494 174 61 principium
1382 1494 87 61 non
1432 1494 87 61 est
1482 1494 75 61 in
1519 1494 87 61 suo
1569 1494 199 61 principiato.
1731 1494 100 61 quia
1793 1494 75 61 si
1818 1494 149 61 principium

1253 1530 121 58 esset
1333 1530 80 58 in
1373 1530 214 58 principiato.
1547 1530 107 58 tunc
1614 1530 188 58 principium
1762 1530 147 58 haberet
1855 1530 121 58 aliquod

1260 1576 108 54 esse
1327 1576 94 54 per
1381 1576 216 54 productionem
1556 1576 216 54 principiati.
1731 1576 108 54 quod
1798 1576 94 54 est
1839 1576 148 54 manifeste

1265 1620 106 53 alsum.
1340 1620 74 53 sed
1382 1620 96 53 pater
1446 1620 74 53 est
1489 1620 149 53 principium
1606 1620 96 53 fili.
1670 1620 85 53 ergo
1723 1620 96 53 pater
1787 1620 74 53 non
1829 1620 74 53 est
1872 1620 64 53 in
1893 1620 85 53 filio.

1254 1674 64 61 â‹
1280 1674 153 61 Preterea
1394 1674 76 61 in
1433 1674 166 61 quocumque
1560 1674 89 61 est
1611 1674 115 61 pater
1687 1674 76 61 in
1726 1674 115 61 eodem
1802 1674 89 61 est
1840 1674 153 61 paternitas

1268 1705 87 66 ergo
1323 1705 66 66 si
1355 1705 66 66 in
1388 1705 98 66 filio
1454 1705 76 66 est
1497 1705 109 66 pater.
1574 1705 66 66 in
1607 1705 98 66 filio
1672 1705 87 66 erit
1727 1705 164 66 paternitas.
1858 1705 76 66 sed
1902 1705 66 66 in
1923 1705 55 66 quo

1266 1749 75 63 est
1309 1749 149 63 paternitas
1426 1749 96 63 ipsum
1490 1749 75 63 est
1533 1749 107 63 pater.
1608 1749 85 63 ergo
1661 1749 107 63 filius
1736 1749 75 63 est
1778 1749 107 63 pater.
1853 1749 85 63 quod
1906 1749 75 63 est
1938 1749 43 63 ma

1261 1797 156 56 nifeste
1374 1797 156 56 falsum.
1487 1797 71 56 â‹
1516 1797 170 56 Preterea
1643 1797 184 56 sequitur.
1785 1797 71 56 a
1813 1797 99 56 est
1870 1797 85 56 in
1912 1797 85 56 b.
1940 1797 57 56 et

1251 1839 90 52 best
1307 1839 68 52 in
1341 1839 68 52 c.
1375 1839 90 52 ergo
1432 1839 57 52 a
1454 1839 79 52 est
1499 1839 68 52 in
1533 1839 68 52 c.
1567 1839 90 52 ergo
1624 1839 102 52 eodem
1691 1839 90 52 modo
1748 1839 147 52 sequitur.
1861 1839 102 52 pater
1917 1839 57 52 est

1261 1880 59 59 in
1291 1880 98 59 filio.
1359 1880 59 59 et
1388 1880 98 59 filius
1457 1880 68 59 est
1496 1880 59 59 in
1525 1880 98 59 patre.
1593 1880 78 59 ergo
1642 1880 88 59 pater
1701 1880 68 59 est
1740 1880 59 59 in
1769 1880 98 59 patre.
1837 1880 68 59 sed
1867 1880 117 59 consequens

1265 1920 84 62 est
1313 1920 132 62 falsum.
1409 1920 96 62 ergo
1469 1920 120 62 aliqua
1553 1920 192 62 praemissarum
1710 1920 84 62 est
1758 1920 120 62 falsa.
1842 1920 60 62 â‹
1866 1920 72 62 Ad
1890 1920 84 62 oppo-

1255 1974 117 55 situm
1333 1974 104 55 Ioh.
1398 1974 130 55 xiiii.
1489 1974 91 55 ego
1541 1974 78 55 in
1580 1974 130 55 patre.
1672 1974 78 55 et
1711 1974 117 55 pater
1789 1974 78 55 in
1828 1974 78 55 me
1867 1974 104 55 est.
1919 1974 65 55 di-

1258 2014 95 62 cit
1313 2014 176 62 saluator.
1448 2014 68 62 â‹
1475 2014 81 62 In
1516 2014 109 62 ista
1584 2014 176 62 questione
1720 2014 95 62 est
1774 2014 176 62 conclusio
1896 2014 95 62 certa

1262 2056 76 58 ex
1300 2056 190 58 auctoritate
1452 2056 177 58 scripture.
1592 2056 89 58 sed
1642 2056 89 58 per
1693 2056 101 58 quem
1756 2056 114 58 modum
1832 2056 89 58 vna
1870 2056 114 58 persona

1267 2099 92 61 sit
1319 2099 79 61 in
1359 2099 105 61 alia
1424 2099 79 61 et
1464 2099 184 61 econuerso.
1608 2099 92 61 est
1660 2099 184 61 difficile:
1804 2099 131 61 videre
1896 2099 66 61 â‹
1909 2099 79 61 Ideo

1277 2142 112 65 primo
1351 2142 149 65 videndum
1463 2142 87 65 est
1512 2142 124 65 qualis
1599 2142 87 65 sit
1649 2142 99 65 illa
1711 2142 211 65 inexistentia.
1872 2142 112 65 Secundo

1266 2191 86 60 que
1315 2191 86 60 sit
1364 2191 111 60 ratio
1438 2191 135 60 istius.
1536 2191 61 60 â‹
1561 2191 111 60 Circa
1634 2191 123 60 primum
1720 2191 98 60 dico
1782 2191 98 60 quod
1843 2191 123 60 potest
1917 2191 86 60 intel

1273 2236 101 64 ligi
1336 2236 139 64 triplex
1437 2236 215 64 inexistentia.
1614 2236 126 64 quedam
1702 2236 88 64 est
1753 2236 88 64 per
1791 2236 189 64 continentiam.

1277 2278 122 65 quedam
1362 2278 85 65 est
1411 2278 85 65 per
1460 2278 171 65 paesentiam
1594 2278 85 65 cum
1643 2278 146 65 carentia
1753 2278 183 65 cuiuscumque
1887 2278 110 65 distan-

1271 2322 97 66 tie.
1331 2322 73 66 et
1368 2322 121 66 quedam
1452 2322 85 66 est
1501 2322 85 66 per
1549 2322 182 66 praesentiam
1695 2322 133 66 intimam
1791 2322 85 66 cum
1828 2322 157 66 consubstan-

1263 2367 197 63 tialitate.
1417 2367 168 63 Exemplum
1544 2367 126 63 primi
1628 2367 126 63 sicut
1712 2367 154 63 aliquid
1825 2367 98 63 est
1881 2367 84 63 in
1909 2367 84 63 loco

1265 2409 154 62 Exemplum
1381 2409 154 62 secundi.
1496 2409 77 62 de
1535 2409 128 62 angelo
1625 2409 167 62 existente
1753 2409 77 62 in
1792 2409 116 62 loco.
1869 2409 90 62 vel
1920 2409 77 62 si
1946 2409 51 62 an

1277 2450 120 76 gelus
1357 2450 120 76 esset
1437 2450 80 76 in
1477 2450 174 76 superiori
1611 2450 120 76 parte
1691 2450 161 76 corporis
1812 2450 174 76 celestis.
1932 2450 67 76 vel

1267 2506 91 51 si
1312 2506 166 51 angelus
1433 2506 136 51 esset
1524 2506 91 51 in
1569 2506 151 51 aliquo
1675 2506 166 51 corpore
1796 2506 121 51 omni
1872 2506 121 51 loco
1932 2506 76 51 de-

1267 2548 137 53 structo.
1369 2548 91 53 tunc
1426 2548 91 53 enim
1483 2548 80 53 non
1529 2548 103 53 esset
1598 2548 68 53 in
1632 2548 91 53 illo
1689 2548 91 53 nisi
1746 2548 80 53 per
1792 2548 183 53 praesentiam.
1929 2548 68 53 quia

1262 2588 120 67 esset
1342 2588 160 67 praesens
1461 2588 120 67 sibi.
1541 2588 133 67 Tertio
1634 2588 106 67 modo
1701 2588 93 67 est
1754 2588 93 67 vna
1807 2588 146 67 persona
1901 2588 106 67 diuina
