2286 3074
430 198 93 85 est
483 198 133 85 falsum
576 198 107 85 quod
643 198 187 85 indiuiduum
790 198 80 85 et
830 198 187 85 suppositum
976 198 133 85 dicunt
1056 198 107 85 tantum

444 259 86 71 rem
493 259 136 71 secunde
592 259 198 71 intentionis.
752 259 99 71 immo
814 259 99 71 stat
876 259 99 71 quod
938 259 99 71 sunt
999 259 124 71 nomina
1074 259 86 71 prime

446 304 195 71 intentionis.
604 304 98 71 quia
665 304 122 71 quando
751 304 158 71 supponunt
872 304 207 71 personaliter.
1031 304 134 71 supponunt

439 347 115 73 tantum
519 347 80 73 pro
565 347 115 73 rebus.
645 347 69 73 et
679 347 183 73 verificantur
828 347 69 73 de
863 347 149 73 nominibus
977 347 103 73 rerum
1046 347 115 73 quando
1115 347 57 73 il-

439 390 89 78 la:
490 390 127 78 nomina
579 390 165 78 supponunt
705 390 89 78 pro
756 390 101 78 suis
819 390 203 78 significatis
984 390 76 78 et
1022 390 89 78 non
1073 390 89 78 pro
1111 390 63 78 se-

447 434 140 86 ipsis.
545 434 98 86 nec
601 434 98 86 pro
657 434 126 86 aliis
741 434 70 86 a
769 434 112 86 suis
839 434 238 86 significatis.
1035 434 112 86 Unde
1091 434 84 86 ista

441 480 97 77 non
496 480 97 77 est
552 480 124 77 vera.
634 480 110 77 homo
703 480 97 77 est
758 480 193 77 singularis
910 480 110 77 nisi
979 480 97 77 pro
1034 480 83 77 re
1075 480 83 77 et
1103 480 69 77 non

452 523 79 83 pro
497 523 113 83 aliqua
576 523 159 83 intentione
701 523 136 83 secunda.
803 523 57 83 ⁋
826 523 79 83 Sed
872 523 148 83 conclusio
985 523 148 83 praedicta
1087 523 91 83 potest

439 576 118 68 obiici
522 576 118 68 primo.
604 576 94 68 quia
663 576 165 68 sequeretur
793 576 94 68 quod
852 576 130 68 persona
946 576 83 68 non
993 576 106 68 esset
1064 576 94 68 vnum
1111 576 59 68 per

444 612 99 75 se.
500 612 113 75 quia
571 612 198 75 includeret
727 612 212 75 negationes.
896 612 99 75 sed
953 612 156 75 negatio
1066 612 99 75 non
1108 612 71 75 fac

441 654 94 88 per
494 654 80 88 se
534 654 107 88 vnum
601 654 94 88 cum
655 654 160 88 positiuo
775 654 67 88 ⁋
802 654 160 88 Preterea
922 654 134 88 nullum
1016 654 120 88 nomen
1082 654 94 88 prime

447 704 207 71 intentionis
613 704 97 71 est
668 704 152 71 commune
779 704 111 71 omni
848 704 111 71 enti
917 704 111 71 nisi
986 704 97 71 ens
1042 704 97 71 vel
1083 704 97 71 svno-

447 743 132 80 nimum
535 743 117 80 enti
609 743 103 80 vel
667 743 147 80 passio
770 743 147 80 entis.
873 743 103 80 sed
932 743 117 80 vnum
1005 743 103 80 vel
1049 743 132 80 singula

444 802 73 63 re
480 802 85 63 non
529 802 85 63 est
578 802 134 63 aliquod
675 802 171 63 huiusmodi.
809 802 97 63 ergo
870 802 85 63 non
919 802 85 63 est
968 802 110 63 nomen
1041 802 110 63 prime
1102 802 85 63 inten

453 839 152 69 tionis.
564 839 83 69 et
605 839 97 69 per
661 839 194 69 consequens
813 839 97 69 nec
868 839 194 69 suppositum
1020 839 97 69 nec
1062 839 124 69 persona

457 883 75 78 ⁋
487 883 180 78 Preterea
622 883 135 78 sicut
711 883 165 78 species
831 883 90 78 ad
876 883 150 78 genus.
981 883 105 78 ita
1025 883 165 78 singulare

456 922 70 78 ad
491 922 139 78 speciem.
596 922 93 78 ergo
654 922 104 78 sicut
723 922 139 78 intentio
827 922 128 78 speciei
920 922 81 78 est
967 922 139 78 inferius
1071 922 70 78 ad
1094 922 93 78 inten-

451 974 148 71 tionem
555 974 177 71 generis.
688 974 103 71 ita
747 974 207 71 indiuiduum
909 974 103 71 vel
968 974 192 71 singulare
1101 974 89 71 erit

454 1020 162 68 intentio
576 1020 162 68 inferior
698 1020 81 68 ad
738 1020 203 68 intentionem
900 1020 162 68 speciei.
1022 1020 68 68 ⁋
1049 1020 162 68 Preterea

464 1064 119 67 illud
543 1064 119 67 nomen
622 1064 79 67 in
662 1064 119 67 cuius
741 1064 211 67 diffinitione
912 1064 145 67 ponitur
1018 1064 158 67 intentio
1123 1064 66 67 se-

454 1098 117 75 cunda
532 1098 91 75 est
584 1098 117 75 nomen
661 1098 143 75 secunde
765 1098 207 75 intentionis.
934 1098 91 75 sed
986 1098 78 75 in
1012 1098 182 75 diffinitione

458 1144 155 77 indiuidui
578 1144 131 77 ponitur
673 1144 143 77 intentio
781 1144 143 77 secunda.
888 1144 96 77 quia
948 1144 84 77 sic
996 1144 179 77 diffinitur.
1127 1144 60 77 in-

457 1195 156 70 diuiduum
574 1195 91 70 est
626 1195 104 70 quod
691 1195 78 70 de
730 1195 91 70 vno
782 1195 104 70 solo
848 1195 208 70 praedicatur.
1017 1195 78 70 et
1043 1195 143 70 praedica-

459 1235 65 72 ri
492 1235 76 72 est
535 1235 130 72 intentio
633 1235 130 72 secunda.
731 1235 87 72 ergo
785 1235 87 72 etc.
839 1235 54 72 ⁋
861 1235 130 72 Preterea
959 1235 196 72 conclusiodicta
1111 1235 76 72 prius

458 1284 184 84 praedicari
603 1284 105 84 vere
668 1284 158 84 competit
787 1284 105 84 rei.
853 1284 105 84 quia
919 1284 92 84 res
971 1284 105 84 vere
1024 1284 171 84 predicatur.

463 1323 102 83 ergo
527 1323 89 83 non
578 1323 153 83 sequitur
692 1323 102 83 tale
756 1323 115 83 nomen
833 1323 191 83 verificatur
985 1323 76 83 de
1023 1323 89 83 re.
1074 1323 102 83 ergo
1125 1323 64 83 est

459 1366 130 86 nomen
545 1366 158 86 secunde
660 1366 230 86 intentionis.
847 1366 72 86 ⁋
876 1366 173 86 Preterea
1006 1366 130 86 album
1078 1366 115 86 nigrum

462 1409 65 79 et
495 1409 141 79 huiusmodi
603 1409 87 79 sunt
657 1409 119 79 termini
744 1409 173 79 accidentales
885 1409 65 79 id
917 1409 206 79 estaccidentium.
1091 1409 65 79 et
1112 1409 76 79 tamen

467 1456 158 72 smpponunt
588 1456 85 72 pro
637 1456 109 72 ipsis
710 1456 194 72 substantiis.
868 1456 97 72 ergo
929 1456 109 72 eadem
1002 1456 134 72 ratione
1087 1456 109 72 quamuis

460 1507 188 74 suppositum
607 1507 148 74 persona
715 1507 81 74 et
755 1507 175 74 huiusmodi
889 1507 175 74 supponunt
1023 1507 94 74 pro
1077 1507 121 74 rebus
1144 1507 54 74 po

472 1540 137 76 terunt
568 1540 110 76 esse
637 1540 151 76 termini
747 1540 151 76 secunde
856 1540 219 76 intentionis.
1034 1540 69 76 ⁋
1062 1540 82 76 Ad
1089 1540 110 76 primum

460 1577 131 86 istorum
555 1577 95 86 dico
614 1577 95 86 quod
674 1577 131 86 persona
769 1577 83 86 est
816 1577 95 86 vnum
876 1577 83 86 per
923 1577 83 86 se.
970 1577 107 86 sicut
1042 1577 107 86 album
1113 1577 83 86 per
1149 1577 47 86 se

470 1637 93 68 est
523 1637 119 68 homo.
602 1637 186 68 Ueruntamen
748 1637 186 68 diffinitio
894 1637 172 68 exprimens
1027 1637 106 68 quid
1080 1637 119 68 nominis

473 1675 135 82 ipsius
568 1675 149 82 persone
676 1675 95 82 non
731 1675 189 82 significat
879 1675 162 82 praecise
1001 1675 149 82 aliquod
1109 1675 95 82 per
1150 1675 54 82 se

472 1718 121 87 vnum.
552 1718 108 87 quia
620 1718 148 87 praeter
728 1718 148 87 naturam
836 1718 243 87 intellectualem
1038 1718 162 87 ponuntur
1146 1718 67 87 ibi

472 1770 196 66 negationes
626 1770 98 66 que
682 1770 98 66 non
738 1770 210 66 significant
906 1770 140 66 aliqua
1004 1770 182 66 facientia
1130 1770 70 66 per

470 1810 78 71 se
509 1810 104 71 vnum
574 1810 91 71 cum
625 1810 129 71 natura
716 1810 233 71 intelligibili.
910 1810 78 71 et
949 1810 104 71 ideo
1014 1810 91 71 non
1066 1810 91 71 est
1104 1810 104 71 diffi-

480 1849 112 73 nitio
554 1849 161 73 exprimens
678 1849 99 73 quid
740 1849 99 73 rei.
802 1849 87 73 sed
852 1849 124 73 tantum
939 1849 99 73 quid
1001 1849 149 73 nominis.
1113 1849 74 73 Ex
1138 1849 74 73 isto

477 1891 145 82 sequitur
586 1891 97 82 quod
646 1891 169 82 diffinitio
779 1891 157 82 exprimens
899 1891 97 82 quid
960 1891 133 82 nominis
1056 1891 145 82 persone.
1153 1891 60 82 non

480 1949 96 64 est
535 1949 178 64 exprimens
672 1949 150 64 aliquid
781 1949 96 64 per
835 1949 82 64 se
876 1949 109 64 vnum
945 1949 82 64 in
986 1949 164 64 quocuque
1095 1949 109 64 genere

474 1985 63 79 ⁋
500 1985 76 79 Ad
538 1985 152 79 secundum
651 1985 101 79 dico
715 1985 101 79 quod
778 1985 114 79 vnum.
854 1985 164 79 singulare
980 1985 76 79 et
1018 1985 164 79 huiusmodi
1132 1985 76 79 sunt

485 2026 168 79 passiones
614 2026 129 79 entis.
705 2026 103 79 quia
769 2026 103 79 sunt
834 2026 78 79 de
873 2026 103 79 ente
938 2026 220 79 praedicabilia
1106 2026 103 79 tantum

484 2080 146 71 secundo
590 2080 106 71 modo
656 2080 146 71 dicendi
762 2080 93 71 per
815 2080 93 71 se.
868 2080 93 71 sed
921 2080 186 71 suppositum
1067 2080 93 71 vel
1107 2080 106 71 potens

489 2118 94 71 esse
548 2118 165 71 suppositum
678 2118 82 71 est
725 2118 118 71 passio
807 2118 177 71 substantia.
949 2118 94 71 quia
1008 2118 106 71 omnis
1067 2118 141 71 substantia

483 2160 85 73 vel
531 2160 85 73 est
580 2160 170 73 suppositum
714 2160 85 73 vel
762 2160 122 73 potest
847 2160 97 73 esse
908 2160 182 73 suppositum.
1054 2160 73 73 et
1090 2160 85 73 hoc
1127 2160 85 73 prout

479 2207 177 77 substantia
618 2207 151 77 praecise
732 2207 151 77 supponit
845 2207 88 77 pro
896 2207 114 77 illis
972 2207 101 77 quae
1035 2207 101 77 sunt
1098 2207 88 77 per
1148 2207 76 77 se
1174 2207 50 77 in

483 2248 136 81 genere
579 2248 204 81 substantie.
742 2248 95 81 Sed
797 2248 150 81 persona
906 2248 95 81 est
960 2248 136 81 passio
1056 2248 136 81 illius
1137 2248 82 81 quod

488 2298 94 72 est
541 2298 201 72 suppositum.
702 2298 80 72 et
742 2298 134 72 natura
836 2298 241 72 intelligibilis
1037 2298 94 72 ita
1090 2298 107 72 quod
1144 2298 80 72 ista

484 2342 133 71 aliqua
577 2342 93 71 res
630 2342 93 71 est
683 2342 146 71 persona
789 2342 80 71 si
828 2342 93 71 sit
882 2342 93 71 per
935 2342 80 71 se
974 2342 133 71 aliquo
1067 2342 106 71 modo
1120 2342 93 71 dicen

489 2384 68 72 di
523 2384 79 72 per
568 2384 79 72 se.
613 2384 90 72 erit
670 2384 79 72 per
715 2384 68 72 se
749 2384 124 72 secundo
839 2384 90 72 modo
896 2384 124 72 dicendi
986 2384 79 72 per
1031 2384 68 72 se
1065 2384 68 72 et
1099 2384 79 72 non
1133 2384 79 72 primo

497 2429 116 67 modo.
574 2429 103 67 quia
639 2429 142 67 nunquam
742 2429 142 67 aliquod
845 2429 180 67 negatiuum.
986 2429 90 67 nec
1038 2429 142 67 aliquid
1141 2429 77 67 in
1167 2429 51 67 cu

499 2472 89 74 ius
550 2472 204 74 diffinitione
716 2472 179 74 exprimente
857 2472 102 74 quid
921 2472 140 74 nominis
1023 2472 140 74 ponitur
1112 2472 115 74 aliquid

492 2521 176 67 negatiuum
628 2521 203 67 praedicatur
790 2521 95 67 per
845 2521 81 67 se
885 2521 122 67 primo
967 2521 108 67 modo
1034 2521 81 67 de
1075 2521 135 67 aliquo
1156 2521 68 67 pre

500 2562 102 78 cise
564 2562 178 78 importante
704 2562 89 78 rem
755 2562 102 78 sine
819 2562 102 78 tali
882 2562 178 78 negatione.
1022 2562 89 78 sed
1073 2562 89 78 vel
1111 2562 115 78 praedi-

498 2606 152 91 cabitur
609 2606 97 91 per
664 2606 166 91 accidens
788 2606 97 91 vel
843 2606 152 91 secundo
954 2606 110 91 modo
1023 2606 152 91 dicendi
1133 2606 97 91 per
1175 2606 55 91 se

1253 194 90 70 Sed
1305 194 90 70 est
1356 194 193 70 aduertendum
1510 194 103 70 quod
1575 194 103 70 nolo
1639 194 129 70 dicere
1729 194 103 70 quod
1793 194 116 70 illud
1870 194 103 70 quod
1922 194 64 70 est

1265 246 180 57 suppositum
1406 246 90 57 vel
1458 246 141 57 persona
1560 246 180 57 predicatur
1701 246 90 57 sic
1752 246 141 57 secundo
1855 246 103 57 modo
1906 246 90 57 dicen

1253 296 78 51 di
1292 296 91 51 per
1344 296 91 51 se.
1395 296 91 51 sed
1447 296 103 51 quod
1512 296 103 51 isti
1576 296 142 51 termini
1680 296 103 51 quae
1744 296 103 51 sunt
1809 296 116 51 voces
1887 296 91 51 vel
1925 296 78 51 con-

1269 334 131 67 ceptus
1360 334 196 67 predicantur
1517 334 91 67 per
1569 334 78 67 se
1608 334 144 67 secundo
1713 334 117 67 modo.
1791 334 65 67 ⁋
1817 334 78 67 Ad
1856 334 144 67 tertium
1948 334 65 67 di-

1265 377 75 63 co
1303 377 100 63 quod
1366 377 88 63 non
1416 377 88 63 est
1466 377 126 63 omnino
1554 377 138 63 simile.
1655 377 100 63 quod
1717 377 113 63 sicut
1793 377 75 63 se
1830 377 113 63 habet
1893 377 113 63 species

1261 424 78 60 ad
1300 424 130 60 genus.
1391 424 91 60 ita
1443 424 78 60 se
1482 424 117 60 habet
1560 424 169 60 singulare
1689 424 78 60 ad
1728 424 156 60 speciem.
1845 424 104 60 quia
1910 424 117 60 illud

1269 470 116 61 quod
1342 470 102 61 est
1400 470 189 61 singulare
1546 470 102 61 est
1604 470 102 61 vna
1662 470 102 61 res
1721 470 131 61 extra
1808 470 160 61 animam.
1924 470 102 61 sed

1260 521 127 50 illud
1344 521 112 50 quod
1415 521 98 50 est
1471 521 155 50 species
1583 521 98 50 vel
1640 521 127 50 genus
1724 521 98 50 non
1780 521 141 50 potest
1878 521 112 50 esse
1935 521 70 50 res

1264 562 118 59 extra
1343 562 144 59 animam.
1448 562 144 59 quamuis
1553 562 158 59 secundum
1671 562 92 59 vna
1723 562 158 59 opinione
1841 562 79 59 de
1868 562 131 59 conceptu

1271 611 126 56 possit
1360 611 101 56 esse
1423 611 177 56 subiectiue
1561 611 88 56 res
1612 611 151 56 existens
1725 611 76 56 in
1763 611 113 56 anima
1839 611 88 56 seu
1877 611 113 56 intelle

1265 645 97 59 ctu.
1325 645 133 59 quantum
1422 645 73 59 ad
1458 645 85 59 hoc
1507 645 85 59 est
1555 645 121 59 simile
1640 645 97 59 quod
1700 645 73 59 de
1736 645 157 59 quocumque
1845 645 157 59 praedicatur

1270 688 101 61 illud
1337 688 90 61 quod
1393 688 78 61 est
1438 688 123 61 species
1527 688 112 61 quando
1606 688 90 61 stat
1662 688 78 61 pro
1707 688 101 61 rebus
1774 688 67 61 de
1807 688 101 61 eodem
1863 688 146 61 praedicatur

1273 733 128 65 illud
1358 733 114 65 quod
1430 733 100 65 est
1487 733 186 65 singulare
1630 733 86 65 et
1672 733 100 65 non
1730 733 186 65 ecouerso.
1872 733 128 65 sicut
1944 733 71 65 est

1270 784 79 52 de
1309 784 106 52 illo
1375 784 106 52 quod
1441 784 92 52 est
1494 784 145 52 species
1600 784 158 52 respectu
1719 784 132 52 illius
1811 784 106 52 quod
1877 784 92 52 est
1917 784 92 52 genus

1277 825 79 57 Si
1316 825 144 57 dicatur
1421 825 79 57 si
1461 825 105 57 vnum
1526 825 197 57 oppositorum
1684 825 92 57 sit
1736 825 118 57 nomen
1815 825 144 57 secunde
1907 825 105 57 inten-

1265 875 132 49 tionis.
1361 875 144 49 reliquum
1469 875 84 49 est
1517 875 108 49 nomen
1589 875 132 49 secunde
1684 875 192 49 intentionis.
1840 875 84 49 sed
1876 875 144 49 vniversale

1282 919 80 58 et
1322 919 174 58 singulare
1455 919 107 58 sunt
1522 919 160 58 opposita
1643 919 80 58 et
1683 919 187 58 vniversale
1830 919 94 58 est
1883 919 120 58 nomen
1950 919 67 58 se-

1277 956 115 64 cunde
1354 956 205 64 intentionis.
1521 956 103 64 ergo
1585 956 77 64 et
1623 956 180 64 singulare.
1765 956 103 64 Dico
1829 956 103 64 quod
1880 956 141 64 assumptum

1283 1006 78 54 de
1322 1006 220 54 quaibuscumque
1503 1006 168 54 oppositis
1633 1006 91 54 non
1684 1006 91 54 est
1736 1006 129 54 verum.
1827 1006 142 54 quamuis
1917 1006 91 54 esset

1280 1045 118 64 verum
1358 1045 78 64 de
1398 1045 170 64 oppositis
1528 1045 196 64 contrariis.
1685 1045 65 64 a
1711 1045 131 64 quorum
1803 1045 92 64 vno
1855 1045 131 64 possit
1934 1045 78 64 ali-

1282 1088 113 68 quid
1353 1088 212 68 transmutari
1522 1088 85 68 ad
1565 1088 184 68 reliquum.
1706 1088 85 68 si
1748 1088 127 68 talia
1833 1088 156 68 possunt
1932 1088 85 68 esse

1285 1138 138 63 quorum
1382 1138 110 63 vnum
1450 1138 124 63 esset
1533 1138 165 63 intentio
1657 1138 165 63 secunda.
1780 1138 69 63 ⁋
1808 1138 83 63 Ad
1849 1138 151 63 quartum
1945 1138 83 63 dico

1296 1177 86 70 per
1345 1177 74 70 in
1382 1177 197 70 diffinitione
1542 1177 173 70 exprimente
1678 1177 99 70 quid
1740 1177 136 70 nominis
1838 1177 160 70 indiuidui
1949 1177 62 70 non

1294 1229 142 50 ponitur
1397 1229 129 50 aliqua
1488 1229 142 50 secunda
1591 1229 168 50 intentio.
1720 1229 65 50 ⁋
1746 1229 103 50 Unde
1810 1229 103 50 ista
1862 1229 155 50 descriptio

1279 1269 187 56 indiuiduum
1425 1269 93 56 est
1479 1269 107 56 quod
1545 1269 187 56 predicatur
1692 1269 80 56 de
1732 1269 93 56 vno
1785 1269 120 56 solo.
1865 1269 93 56 non
1905 1269 107 56 expri-

1281 1309 100 62 mit
1338 1309 114 62 quid
1409 1309 171 62 nominis.
1537 1309 100 62 sed
1594 1309 200 62 diffinitio
1751 1309 100 62 sua
1808 1309 185 62 exprimens
1936 1309 86 62 quid

1274 1353 152 60 nominis
1385 1353 124 60 debet
1468 1353 111 60 esse
1537 1353 124 60 ista.
1620 1353 194 60 indiuiduum
1772 1353 97 60 est
1827 1353 97 60 ens
1869 1353 152 60 completum

1286 1406 77 54 et
1325 1406 90 54 non
1376 1406 116 54 aliud
1454 1406 90 54 vel
1506 1406 129 54 aliqua
1596 1406 181 54 huiusmodi.
1738 1406 65 54 ⁋
1764 1406 155 54 Preterea
1880 1406 103 54 dato
1932 1406 77 54 quod

1293 1440 127 58 esset
1377 1440 112 58 eius
1448 1440 197 58 diffinitio
1602 1440 183 58 exprimens
1743 1440 112 58 quid
1813 1440 155 58 nominis
1912 1440 112 58 posset

1292 1484 91 69 dici
1348 1484 91 69 quod
1405 1484 79 69 non
1451 1484 148 69 sequitur.
1564 1484 136 69 intentio
1666 1484 125 69 secunda
1757 1484 125 69 ponitur
1848 1484 68 69 in
1882 1484 91 69 eius
1927 1484 91 69 diffi-

1298 1527 151 61 nitione.
1412 1527 101 61 ergo
1475 1527 88 61 non
1525 1527 88 61 est
1576 1527 113 61 nomen
1651 1527 139 61 secunde
1752 1527 189 61 intetionis.
1903 1527 113 61 sicut
1966 1527 63 61 non

1286 1575 156 58 sequitur
1403 1575 117 58 nomen
1481 1575 143 58 aliquod
1585 1575 117 58 prime
1664 1575 195 58 intentionis
1820 1575 143 58 ponitur
1924 1575 78 58 in
1950 1575 78 58 dif-

1290 1621 166 58 finitione
1418 1621 153 58 speciei.
1533 1621 102 58 ergo
1597 1621 140 58 species
1699 1621 89 58 est
1750 1621 115 58 nomen
1827 1621 89 58 ene
1865 1621 166 58 intentionis

1293 1661 99 60 Unde
1355 1661 87 60 hec
1404 1661 87 60 est
1454 1661 186 60 differentia
1602 1661 111 60 inter
1676 1661 124 60 nomina
1763 1661 111 60 prime
1837 1661 186 60 intentionis
1973 1661 50 60 et

1296 1705 144 62 secunde.
1404 1705 96 62 quia
1464 1705 120 62 nomina
1548 1705 108 62 prime
1620 1705 180 62 intentionis
1764 1705 96 62 sunt
1824 1705 96 62 illa
1884 1705 96 62 quae
1932 1705 96 62 quando

1288 1754 173 58 supponunt
1421 1754 213 58 personaliter
1594 1754 160 58 praecise
1714 1754 120 58 stant
1793 1754 93 58 pro
1847 1754 120 58 rebus
1927 1754 93 58 non
1966 1754 67 58 in-

1291 1792 142 70 quantum
1395 1792 220 70 praedicabilia
1576 1792 78 70 de
1615 1792 129 70 aliis.
1705 1792 65 70 ⁋
1731 1792 117 70 Nomna
1809 1792 142 70 secunde
1900 1792 142 70 intentio-

1291 1835 97 73 nis
1346 1835 124 73 stant
1429 1835 97 73 pro
1484 1835 179 73 aliquibus
1622 1835 262 73 praedicabilibus
1843 1835 83 73 de
1884 1835 138 73 rebus.
1967 1835 69 73 si-

1292 1891 101 52 cut
1349 1891 144 52 quando
1450 1891 115 52 dico
1522 1891 130 52 omnis
1609 1891 115 52 homo
1681 1891 144 52 currit
1782 1891 115 52 homo
1854 1891 115 52 stat
1911 1891 130 52 precise

1295 1922 92 74 pro
1347 1922 131 74 rebus.
1439 1922 92 74 non
1491 1922 170 74 inquantum
1622 1922 105 74 ille
1688 1922 92 74 res
1740 1922 105 74 sunt
1805 1922 79 74 de
1832 1922 196 74 quaibuscumque

1302 1967 203 71 praedicabiles.
1471 1967 79 71 sed
1516 1967 113 71 quando
1595 1967 90 71 dico
1651 1967 90 71 quod
1708 1967 102 71 omnis
1776 1967 124 71 species
1866 1967 169 71 praedicatur
1990 1967 45 71 de

1302 2012 174 73 pluribus
1432 2012 246 73 differentibus
1635 2012 159 73 numero.
1751 2012 188 73 subiectum
1896 2012 116 73 stat
1954 2012 72 73 pro

1304 2062 173 59 aliquibus
1437 2062 173 59 inquantum
1569 2062 106 59 sunt
1636 2062 226 59 praedicabilia
1822 2062 80 59 de
1861 2062 133 59 aliis.
1954 2062 66 59 ⁋
1981 2062 80 59 Ad

1302 2106 126 54 quintum
1393 2106 92 54 dico
1450 2106 92 54 quod
1508 2106 160 54 praedicari
1634 2106 115 54 potest
1714 2106 92 54 dici
1771 2106 137 54 intentio
1874 2106 126 54 secunda
1954 2106 69 54 quae

1301 2147 82 62 uis
1348 2147 140 62 competat
1453 2147 94 62 vere
1512 2147 94 62 rei.
1570 2147 94 62 quia
1629 2147 82 62 non
1676 2147 117 62 tantum
1757 2147 140 62 competit
1863 2147 94 62 rei.
1921 2147 82 62 sed
1956 2147 82 62 etiam

1302 2191 156 68 intetioni
1422 2191 144 68 secunde.
1530 2191 72 68 et
1566 2191 96 68 quia
1626 2191 84 68 non
1674 2191 120 68 potest
1757 2191 156 68 competere
1877 2191 84 68 rei
1925 2191 96 68 nisi
1973 2191 60 68 per

1301 2242 199 57 operationem
1460 2242 212 57 intellectus.
1633 2242 93 57 vel
1686 2242 133 57 potest
1779 2242 106 57 dici
1845 2242 106 57 quod
1912 2242 93 57 est
1951 2242 80 57 vnum

1309 2282 134 63 commune
1406 2282 85 63 per
1455 2282 207 63 predicationem
1625 2282 85 63 non
1674 2282 85 63 per
1723 2282 73 63 se
1759 2282 110 63 primo
1832 2282 110 63 modo:
1905 2282 85 63 rei
1954 2282 73 63 et
1978 2282 61 63 in-

1311 2321 185 61 tentonibus
1456 2321 79 61 in
1496 2321 132 61 anima.
1588 2321 79 61 et
1628 2321 93 61 ita
1681 2321 212 61 equiualenter
1853 2321 93 61 est
1906 2321 119 61 nomen
1972 2321 66 61 tam

1309 2365 115 69 prime
1386 2365 192 69 intentionis
1540 2365 103 69 quam
1604 2365 154 69 secunde.
1720 2365 64 69 ⁋
1745 2365 77 69 Ad
1784 2365 141 69 vltimum
1886 2365 103 69 dico
1950 2365 103 69 quod
2002 2365 51 69 al

1314 2421 94 55 bum
1367 2421 80 55 et
1407 2421 134 55 nigrum
1501 2421 80 55 et
1541 2421 174 55 huiusmodi
1674 2421 160 55 dicuntur
1795 2421 147 55 termini
1888 2421 147 55 accidenta

1320 2459 96 61 les.
1380 2459 96 61 quia
1440 2459 132 61 quamuis
1537 2459 156 61 supponant
1657 2459 84 61 pro
1705 2459 168 61 subiectis.
1837 2459 108 61 tamen
1898 2459 132 61 principa-

1318 2498 118 67 liter
1396 2498 170 67 important
1527 2498 196 67 accidentia.
1685 2498 92 67 non
1737 2498 92 67 sic
1789 2498 118 67 autem
1868 2498 92 67 est
1920 2498 79 67 de
1946 2498 92 67 illis

1315 2542 163 65 terminis
1437 2542 190 65 singulare.
1586 2542 203 65 suppositum.
1749 2542 149 65 persona
1857 2542 81 65 et
1884 2542 163 65 huiusmodi.

1296 2594 72 73 ⁋
1324 2594 101 73 Sed
1382 2594 101 73 hoc
1440 2594 158 73 videtur
1555 2594 115 73 esse
1627 2594 144 73 contra
1727 2594 201 73 praedicta.
1886 2594 115 73 quia
1943 2594 101 73 prius
