2264 3062
416 212 117 79 pium
489 212 146 79 numeri
592 212 132 79 nihil
679 212 132 79 addit
767 212 132 79 smper
855 212 219 79 quantitatem
1030 212 102 79 que
1074 212 73 79 est

412 267 111 62 vna.
481 267 111 62 nisi
550 267 124 62 solum
633 267 207 62 priuationem
799 267 207 62 diuisionis.
965 267 69 62 ⁋
993 267 111 62 Ideo
1048 267 83 62 alii

415 311 112 59 dico
485 311 84 59 ad
527 311 209 59 questionem.
694 311 84 59 Et
736 311 126 59 primo
820 311 195 59 praemittam
973 311 154 59 aliquas
1071 311 70 59 di-

405 354 237 60 stinctiones.
598 354 163 60 Secundo
716 354 163 60 eliciam
834 354 163 60 aliquas
938 354 207 60 conclusiones

411 399 129 62 mihi
492 399 162 62 certas
605 399 81 62 ⁋
637 399 162 62 Tertio
751 399 210 62 relinquam
912 399 178 62 aliquas
1026 399 113 62 magis

411 448 154 63 dubias
518 448 139 63 aliis
611 448 108 63 vel
673 448 139 63 alias
765 448 262 63 discutiendas.
981 448 154 63 Quarto
1073 448 62 63 di

409 490 117 60 cam
476 490 100 60 ad
526 490 167 60 formam
642 490 250 60 questionis.
842 490 167 60 Quinto
959 490 167 60 mouebo
1059 490 83 60 du-

422 527 81 64 bia
469 527 70 64 et
504 527 127 64 soluam.
596 527 58 64 ⁋
619 527 104 64 Circa
689 527 116 64 primum
770 527 93 64 dico
828 527 93 64 quod
886 527 93 64 vnum
944 527 127 64 dicitur
1037 527 70 64 de
1060 527 81 64 multi

408 576 173 58 Aliquod
534 576 126 58 enim
613 576 110 58 est
675 576 126 58 vnum
754 576 126 58 quod
833 576 157 58 nullam
927 576 220 58 multitudinem

415 620 118 60 reale
493 620 144 60 partium
598 620 157 60 realiter
716 620 209 60 distinctarum
886 620 170 60 includit.
1017 620 118 60 sicut
1083 620 52 60 an

412 667 127 72 gelus
496 667 98 72 est
553 667 127 72 vnus.
637 667 84 72 et
679 667 127 72 anima
763 667 225 72 intellectiua
946 667 98 72 est
1002 667 112 72 vna.
1059 667 84 72 Ali-

419 712 126 60 quod
498 712 142 60 etiam
593 712 110 60 est
656 712 126 60 vnum
735 712 126 60 quod
814 712 252 60 multitudinem
1003 712 142 60 partium

411 757 135 58 realem
506 757 162 58 includit
628 757 81 58 et
668 757 122 58 illud
749 757 257 58 subdistinguitur
965 757 108 58 quia
1019 757 122 58 quoddam

416 801 172 55 includit
545 801 230 55 multitudinem
732 801 158 55 partium
846 801 158 55 eiusdem
961 801 187 55 rationis.
1091 801 57 55 et

411 847 174 54 aliquod
537 847 189 54 includit
680 847 253 54 multitudinem
885 847 174 54 partium
995 847 158 54 alterius

414 897 169 52 rationis.
544 897 156 52 Exemplum
661 897 117 52 primi
739 897 78 52 de
778 897 130 52 quanto
868 897 182 52 quantitate
1011 897 117 52 molis
1076 897 65 52 est

429 934 91 54 de
474 934 136 54 forma
565 934 242 54 augmentabili
762 934 106 54 per
823 934 212 54 additionem
989 934 152 54 partis
1080 934 61 54 ad

424 985 140 55 partem
522 985 84 55 de
564 985 98 55 quo
620 985 140 55 dictum
718 985 98 55 est
774 985 140 55 supra.
873 985 168 55 Exemplum
999 985 154 55 secundi
1097 985 56 55 de

418 1022 191 67 substantia
568 1022 191 67 composita.
718 1022 68 67 ⁋
746 1022 109 67 Alia
814 1022 191 67 distinctio
964 1022 109 67 quod
1032 1022 150 67 aliquod

421 1075 103 51 vnum
486 1075 90 51 est
537 1075 142 51 proprie
640 1075 77 51 et
679 1075 155 51 stricte.
795 1075 116 51 sicut
872 1075 103 51 illa
936 1075 77 51 de
975 1075 129 51 quibus
1052 1075 103 51 dictum

427 1108 106 60 est.
493 1108 145 60 Aliquid
598 1108 92 60 est
651 1108 106 60 vnum
717 1108 172 60 improprie
849 1108 79 60 et
889 1108 132 60 large.
981 1108 119 60 sicut
1047 1108 106 60 regnum

418 1144 142 67 dicitur
521 1144 103 67 vnum
586 1144 90 67 vel
637 1144 168 67 poplstras
766 1144 103 67 vnus
831 1144 90 67 vel
882 1144 129 67 mundus
972 1144 116 67 vnus.
1050 1144 77 67 et
1076 1144 77 67 esst

432 1208 104 45 tale
497 1208 104 45 vnum
562 1208 104 45 quod
627 1208 91 45 non
679 1208 130 45 potest
770 1208 182 45 praedicari
913 1208 104 45 nisi
978 1208 78 45 de
1017 1208 130 45 multis
1095 1208 52 45 de

432 1243 134 64 quibus
525 1243 94 64 sic
579 1243 148 64 sumptis
686 1243 134 64 nullus
780 1243 174 64 conceptus
915 1243 94 64 per
968 1243 80 64 se
1008 1243 80 64 in
1035 1243 121 64 genere.

439 1289 77 52 nec
483 1289 121 52 aliquis
571 1289 121 52 similis
660 1289 99 52 sibi.
726 1289 77 52 qui
770 1289 132 52 scilicet
869 1289 154 52 significet
991 1289 121 52 aliquas
1079 1289 77 52 res
1112 1289 44 52 no

434 1331 181 59 connotando
576 1331 142 59 aliquid
679 1331 129 59 potest
770 1331 103 59 vere
834 1331 181 59 praedicari
976 1331 116 59 sicut
1041 1331 116 59 popsers

430 1385 98 46 nec
486 1385 98 46 est
542 1385 112 46 homo
612 1385 98 46 nec
667 1385 98 46 est
723 1385 140 46 animal
821 1385 98 46 nec
877 1385 209 46 substantia.
1044 1385 98 46 nec
1086 1385 70 46 ess

428 1417 146 58 secundum
537 1417 97 58 quod
598 1417 85 58 ens
647 1417 85 58 est
695 1417 134 58 commune
792 1417 146 58 vniuocum
902 1417 73 58 in
938 1417 97 58 quid
999 1417 97 58 omni
1060 1417 97 58 enti
1108 1417 49 58 de

425 1465 95 58 quo
480 1465 136 58 dictum
575 1465 95 58 est
630 1465 136 58 prius.
725 1465 109 58 Unde
794 1465 95 58 hoc
848 1465 95 58 est
903 1465 109 58 vera
971 1465 136 58 nullum
1053 1465 109 58 animal

433 1511 90 54 est
485 1511 155 54 populus.
601 1511 103 54 quia
665 1511 168 54 quaelibet
795 1511 181 54 singularis
937 1511 90 54 est
988 1511 116 54 vera.
1066 1511 77 54 et
1091 1511 65 54 per

451 1557 154 50 consequens
572 1557 88 50 haec
627 1557 77 50 est
672 1557 99 50 vera.
738 1557 121 50 populus
826 1557 77 50 non
870 1557 77 50 est
914 1557 121 50 animal.
1003 1557 66 50 et
1036 1557 77 50 ita
1080 1557 66 50 de
1102 1557 55 50 oni

434 1595 96 55 bus
489 1595 233 55 consimilibus.
681 1595 124 55 Aliis
764 1595 124 55 etiam
846 1595 124 55 modis
929 1595 137 55 potest
1025 1595 110 55 dici
1080 1595 82 55 vnum

431 1645 152 57 istitmn
542 1645 193 57 sufficiunt
693 1645 83 57 ad
735 1645 193 57 propositum
886 1645 124 57 meum.
969 1645 138 57 Tertia
1052 1645 110 57 distin

441 1683 93 58 ctio
499 1683 81 58 est
546 1683 93 58 quod
604 1683 139 58 accidens
708 1683 197 58 multipliciter
870 1683 162 58 accipitur.
997 1683 81 58 vno
1044 1683 93 58 modo
1090 1683 81 58 stri-

433 1728 95 62 cte
488 1728 95 62 pro
542 1728 203 62 aliquoreali
704 1728 149 62 aliquid
813 1728 122 62 aliud
894 1728 190 62 formaliter
1030 1728 135 62 informam

440 1772 84 52 te.
488 1772 108 52 sicut
560 1772 121 52 albedo
645 1772 133 52 dicitur
741 1772 145 52 accidens
850 1772 133 52 pariets
946 1772 96 52 quem
1006 1772 169 52 formaliter
1127 1772 48 52 in

431 1816 134 59 format
524 1816 93 59 cum
578 1816 93 59 quo
631 1816 93 59 non
684 1816 120 59 facit
764 1816 107 59 vnum
831 1816 93 59 per
885 1816 93 59 se.
938 1816 107 59 Alio
1005 1816 107 59 modo
1058 1816 107 59 didiur

444 1855 158 59 accidens
562 1855 131 59 multum
654 1855 171 59 improprie
785 1855 92 59 pro
838 1855 131 59 aliquo
930 1855 210 59 praedicabili
1087 1855 79 59 quod

437 1904 212 66 contingenter
609 1904 79 66 de
649 1904 132 66 aliqua
741 1904 79 66 re
781 1904 106 66 ipsa
847 1904 93 66 non
900 1904 159 66 corrupta
1006 1904 172 66 praedicatur

444 1950 73 57 et
480 1950 97 57 isto
541 1950 97 57 modo
602 1950 122 57 potest
688 1950 97 57 dici
748 1950 97 57 quod
809 1950 122 57 creare
895 1950 134 57 accidit
992 1950 85 57 deo
1041 1950 73 57 ex
1065 1950 110 57 tempore

453 1990 79 66 qui
498 1990 135 66 scilicet
599 1990 113 66 creans
678 1990 79 66 est
724 1990 90 66 vnum
780 1990 181 66 praedicabile
927 1990 90 66 quod
983 1990 68 66 de
1017 1990 79 66 deo
1051 1990 124 66 praedica-

442 2029 101 62 tur
499 2029 230 62 contingenter
686 2029 101 62 deo
743 2029 101 62 non
801 2029 172 62 corrupto
930 2029 72 62 ⁋
959 2029 129 62 Circa
1030 2029 144 62 secundum

450 2076 122 67 prima
532 2076 176 67 conclusio
667 2076 108 67 erit
735 2076 108 67 ista
802 2076 108 67 quod
870 2076 95 67 hoc
924 2076 108 67 nome
992 2076 108 67 vnum
1060 2076 95 67 vel
1100 2076 68 67 vni

451 2123 96 62 tas
506 2123 220 62 praedicabile
685 2123 83 62 de
726 2123 138 62 aliqua
823 2123 83 62 re
864 2123 165 62 simplici
988 2123 96 62 per
1029 2123 151 62 carentiam

442 2166 209 58 quarumcumque
611 2166 143 58 partium
716 2166 156 58 realiter
833 2166 209 58 distinctarum
1003 2166 91 58 non
1042 2166 130 58 importat

451 2220 152 49 aliquod
561 2220 124 49 reale
644 2220 152 49 additum
754 2220 110 49 illi
823 2220 96 49 nec
879 2220 179 49 absolutum
1016 2220 96 49 nec
1058 2220 110 49 respe-

452 2256 148 56 ctiuum.
559 2256 108 56 Quod
627 2256 94 56 non
681 2256 175 56 absolutum
816 2256 121 56 patet
897 2256 108 56 quia
964 2256 121 56 illud
1045 2256 94 56 vel
1086 2256 94 56 esset

450 2299 205 57 substantia
612 2299 103 57 vel
670 2299 191 57 qualitas.
817 2299 117 57 quia
890 2299 117 57 omne
964 2299 191 57 absolutum
1096 2299 73 57 sim

453 2342 105 67 plex
519 2342 92 67 per
571 2342 171 67 carentiam
703 2342 211 67 quarumcumque
875 2342 145 67 partium
980 2342 92 67 est
1020 2342 158 67 substantia

446 2393 93 56 vel
499 2393 173 56 accidens.
632 2393 93 56 sed
685 2393 120 56 illud
765 2393 173 56 absolutum
898 2393 93 56 non
951 2393 133 56 potest
1044 2393 106 56 esse
1097 2393 80 56 sub-

446 2429 160 64 stantia.
566 2429 187 64 manifestum
713 2429 107 64 est.
779 2429 93 64 nec
833 2429 134 64 potest
926 2429 107 64 esse
993 2429 174 64 qualitas.
1113 2429 67 64 Tum

449 2483 108 51 quia
516 2483 94 51 per
570 2483 175 51 potentiam
704 2483 148 51 diuinam
812 2483 121 51 talis
893 2483 188 51 substantia
1041 2483 135 51 posset
1122 2483 67 51 se-

448 2519 135 67 parari
542 2519 67 67 a
569 2519 108 67 tali
636 2519 175 67 qualitate
770 2519 108 67 ipsa
838 2519 188 67 substantia
986 2519 188 67 remanente.
1120 2519 54 67 et

455 2560 94 70 per
508 2560 189 70 consequens
657 2560 162 70 remanete
778 2560 94 70 vna
832 2560 108 70 sine
900 2560 108 70 tali
967 2560 202 70 qumalitate.
1116 2560 67 70 Tum

454 2608 100 82 quia
517 2608 150 82 qualitas
630 2608 88 82 est
680 2608 88 82 vna
730 2608 100 82 sine
793 2608 125 82 aliqua
880 2608 100 82 tali
943 2608 163 82 qualitate
1056 2608 125 82 absoluta

1230 198 127 62 addita.
1323 198 93 62 ergo
1381 198 162 62 multomagis
1508 198 93 62 ipsa
1566 198 162 62 substantia
1694 198 139 62 secundum
1798 198 104 62 modum
1856 198 104 62 arguen-

1226 251 85 53 di
1268 251 256 53 commentatoris.
1481 251 114 53 iii.
1552 251 142 53 metha.
1652 251 99 53 nec
1708 251 128 53 illud
1794 251 156 53 additum
1893 251 71 53 po-

1224 291 122 58 terit
1306 291 108 58 esse
1373 291 176 58 respectus
1509 291 135 58 realis
1604 291 162 58 additus.
1725 291 108 58 quia
1793 291 108 58 ille
1861 291 95 58 non
1901 291 68 58 pos

1230 335 84 70 set
1278 335 95 70 esse
1337 335 95 70 sine
1397 335 143 70 termino.
1505 335 84 70 sed
1552 335 95 70 illa
1612 335 167 70 substantia
1743 335 119 70 potest
1827 335 95 70 esse
1886 335 84 70 vna
1922 335 48 70 si

1234 382 82 57 ne
1275 382 109 57 omni
1344 382 109 57 alio
1412 382 164 57 termino.
1535 382 123 57 ergo.
1617 382 109 57 Dico
1685 382 123 57 ergo.
1767 382 109 57 quod
1835 382 96 57 res
1876 382 96 57 talis

1233 424 98 61 est
1289 424 98 61 vna
1345 424 112 61 sine
1415 424 112 61 omni
1485 424 112 61 alia
1555 424 84 61 re
1597 424 112 61 siue
1668 424 168 61 absoluta
1794 424 112 61 siue
1850 424 112 61 respe-

1234 467 117 60 ctiua
1312 467 143 60 addita.
1416 467 181 60 Ueruntamen
1558 467 91 60 hec
1610 467 91 60 non
1662 467 91 60 est
1714 467 194 60 praedicatio
1869 467 91 60 per
1908 467 52 60 se

1235 513 104 72 primo
1305 513 93 72 modo
1363 513 81 72 res
1409 513 81 72 est
1455 513 93 72 vna.
1513 513 81 72 sed
1560 513 116 72 tantum
1641 513 127 72 secundo
1733 513 93 72 modo
1791 513 69 72 si
1826 513 81 72 sit
1872 513 81 72 per
1907 513 58 72 se.

1245 559 74 60 et
1282 559 86 60 hoc
1331 559 99 60 quia
1393 559 86 60 hoc
1442 559 197 60 praedicabile
1602 559 173 60 significat
1738 559 111 60 illam
1812 559 86 60 rem
1861 559 74 60 et
1886 559 74 60 quan

1228 602 116 57 libet
1305 602 116 57 aliam
1382 602 77 57 de
1421 602 90 57 qua
1472 602 193 57 praedicatur
1627 602 180 57 connotando
1768 602 141 57 aliquid
1871 602 116 57 aliud

1235 643 75 68 ab
1273 643 113 68 ista.
1348 643 88 68 ita
1398 643 100 68 quod
1461 643 75 68 in
1498 643 200 68 diffinitione
1661 643 175 68 exprimente
1798 643 100 68 quid
1848 643 113 68 nominis

1238 687 147 75 ponetur
1344 687 107 75 ens.
1411 687 80 75 et
1451 687 147 75 aliquid
1558 687 187 75 negatiuum.
1705 687 80 75 vt
1745 687 147 75 dicatur
1852 687 107 75 quod
1905 687 67 75 est

1241 733 88 62 ens
1292 733 76 62 et
1330 733 88 62 non
1380 733 126 62 entia.
1469 733 76 62 et
1507 733 76 62 si
1545 733 101 62 isto
1608 733 101 62 modo
1671 733 101 62 alii
1734 733 189 62 intelligant
1873 733 101 62 quando

1235 776 133 72 dicunt
1328 776 106 72 quod
1394 776 106 72 vnum
1460 776 93 72 non
1513 776 119 72 addit
1593 776 119 72 vltra
1672 776 80 72 id
1712 776 106 72 quod
1778 776 93 72 est
1831 776 106 72 vnum
1884 776 80 72 nis-

1240 830 218 53 negationem
1412 830 109 53 vel
1474 830 234 53 priuationem
1661 830 218 53 diuisionis
1833 830 109 53 vel
1879 830 94 53 mul-

1246 864 214 74 tiplicitatis.
1422 864 138 74 concedo
1523 864 88 74 cum
1573 864 100 74 eis.
1636 864 75 74 Si
1674 864 113 74 tamen
1749 864 201 74 intelligatur
1900 864 75 74 illa

1246 907 152 64 additio
1356 907 124 64 alibi
1439 907 124 64 fieri
1522 907 110 64 nisi
1591 907 83 64 in
1632 907 221 64 diffinitione
1798 907 165 64 exprimente

1240 958 101 71 quid
1303 958 139 71 nominis
1404 958 88 71 non
1455 958 139 71 videtur
1556 958 101 71 mihi
1619 958 101 71 quod
1682 958 101 71 bene
1745 958 139 71 dicunt.
1846 958 101 71 quia
1896 958 76 71 dico

1241 1000 120 66 quod
1316 1000 135 66 talis
1406 1000 105 66 res
1466 1000 105 66 est
1526 1000 105 66 vna
1586 1000 135 66 nullo
1675 1000 225 66 ymaginabili
1840 1000 120 66 addite

1245 1040 110 73 sibi.
1318 1040 61 73 ⁋
1342 1040 73 73 Si
1379 1040 134 73 dicatur
1477 1040 98 73 quod
1538 1040 134 73 negatio
1635 1040 146 73 competit
1745 1040 110 73 sibi.
1818 1040 98 73 ergo
1867 1040 110 73 aliquid

1254 1085 136 71 additur
1352 1085 99 71 sibi
1414 1085 123 71 saltem
1500 1085 148 71 negatio.
1611 1085 62 71 ⁋
1636 1085 173 71 Respondeo.
1771 1085 99 71 quod
1833 1085 136 71 aliquod
1919 1085 62 71 co-

1246 1128 132 65 uenire
1338 1128 132 65 alicui
1431 1128 93 65 est
1484 1128 198 65 duplicitur.
1642 1128 93 65 vel
1695 1128 93 65 per
1748 1128 132 65 realem
1828 1128 145 65 inexisten

1249 1172 108 78 tiam
1317 1172 95 78 vel
1371 1172 230 78 conuenientiam
1561 1172 95 78 vel
1615 1172 95 78 per
1669 1172 244 78 praedicationem
1873 1172 68 78 ⁋
1886 1172 95 78 Primo

1252 1215 115 80 modo
1323 1215 129 80 nihil
1409 1215 129 80 aliud
1495 1215 201 80 importatum
1653 1215 100 80 per
1710 1215 115 80 vnum
1782 1215 172 80 conuenit
1896 1215 72 80 ist

1254 1267 105 59 rei.
1320 1267 145 59 Secundo
1425 1267 105 59 modo
1491 1267 105 59 tale
1557 1267 171 59 negatiuum
1688 1267 132 59 potest
1781 1267 171 59 competere
1899 1267 79 59 sibi

1248 1308 89 70 non
1299 1308 89 70 per
1350 1308 89 70 hoc
1401 1308 102 70 quod
1465 1308 140 70 aliquid
1567 1308 102 70 sibi
1631 1308 153 70 competat
1746 1308 64 70 a
1772 1308 115 70 parte
1848 1308 102 70 rei.
1899 1308 77 70 immo

1252 1356 82 68 per
1299 1356 82 68 hoc
1346 1356 94 68 quod
1405 1356 130 68 aliquid
1499 1356 94 68 sibi
1558 1356 82 68 non
1605 1356 141 68 competit
1711 1356 59 68 a
1735 1356 106 68 parte
1806 1356 94 68 rei.
1864 1356 106 68 sicut
1923 1356 71 68 ali-

1257 1395 109 75 quis
1325 1395 149 75 dicitur
1434 1395 136 75 cecus:
1529 1395 95 75 non
1583 1395 149 75 propter
1692 1395 95 75 hoc
1746 1395 109 75 quod
1814 1395 136 75 aliqua
1896 1395 95 75 ceci-

1247 1446 86 64 tas
1296 1446 98 64 sibi
1357 1446 147 64 competat
1467 1446 61 64 a
1491 1446 110 64 parte
1564 1446 98 64 rei.
1626 1446 86 64 sed
1674 1446 86 64 per
1723 1446 86 64 hoc
1772 1446 98 64 quod
1833 1446 98 64 sibi
1894 1446 86 64 non
1931 1446 61 64 co-

1255 1478 105 76 petit
1325 1478 105 76 visus
1396 1478 58 76 a
1419 1478 105 76 parte
1489 1478 94 76 rei.
1548 1478 82 76 qui
1594 1478 105 76 tamen
1664 1478 94 76 sibi
1723 1478 117 76 potest
1805 1478 164 76 competere.
1922 1478 58 76 sic

1249 1524 137 78 sortes
1345 1524 150 78 dicitur
1454 1524 96 78 non
1509 1524 123 78 albus
1591 1524 96 78 non
1645 1524 109 78 quod
1714 1524 150 78 aliquod
1809 1524 178 78 imaginabile

1259 1570 64 69 a
1285 1570 116 69 parte
1362 1570 90 69 rei
1413 1570 103 69 sibi
1478 1570 180 69 conueniat.
1619 1570 90 69 sed
1671 1570 103 69 quia
1735 1570 103 69 sibi
1799 1570 90 69 non
1851 1570 141 69 couenit
1941 1570 51 69 al

1259 1620 107 60 bedo.
1330 1620 71 60 et
1366 1620 83 60 ita
1413 1620 201 60 vniversaliter
1579 1620 107 60 talia
1650 1620 201 60 praedicabilia
1815 1620 142 60 negatiua
1910 1620 83 60 compe

1261 1658 104 72 tunt
1326 1658 117 72 illis
1404 1658 78 72 de
1443 1658 130 72 quibus
1534 1658 208 72 predicantur.
1703 1658 91 72 non
1755 1658 104 72 quia
1820 1658 143 72 aliquod
1911 1658 78 72 yma-

1257 1711 163 64 ginabile
1380 1711 68 64 a
1407 1711 122 64 parte
1488 1711 95 64 rei
1543 1711 122 64 illis
1624 1711 190 64 conueniat.
1774 1711 95 64 sed
1828 1711 109 64 quia
1882 1711 109 64 aliqua

1266 1754 96 63 libi
1326 1754 84 63 non
1374 1754 168 63 competunt.
1505 1754 72 63 Et
1541 1754 96 63 ideo
1601 1754 108 63 dicit
1673 1754 180 63 philosophus
1817 1754 72 63 ab
1852 1754 72 63 eo
1888 1754 96 63 quod
1936 1754 60 63 res

1265 1790 92 66 est
1318 1790 92 66 vel
1370 1790 92 66 non
1423 1790 105 66 est.
1489 1790 92 66 est
1541 1790 132 66 oratio
1634 1790 105 66 vera
1699 1790 92 66 vel
1752 1790 132 66 falsa.
1844 1790 79 66 et
1884 1790 92 66 ita
1923 1790 66 66 est

1252 1838 72 65 in
1288 1838 156 65 proposito
1408 1838 96 65 quod
1468 1838 60 65 a
1492 1838 132 65 dicitur
1588 1838 108 65 vnum.
1661 1838 84 65 non
1709 1838 96 65 quia
1769 1838 132 65 aliquid
1865 1838 96 65 sibi
1925 1838 60 65 a
1937 1838 60 65 par

1261 1875 78 72 te
1300 1875 91 72 rei
1352 1875 181 72 conueniat.
1494 1875 91 72 sed
1546 1875 104 72 quod
1611 1875 65 72 a
1637 1875 91 72 est
1688 1875 65 72 a
1714 1875 78 72 et
1753 1875 104 72 ens.
1818 1875 78 72 et
1857 1875 91 72 non
1908 1875 91 72 est
1947 1875 52 72 b.

1253 1920 101 68 nec
1310 1920 87 68 c.
1354 1920 101 68 nec
1412 1920 130 68 aliud
1499 1920 101 68 ens
1557 1920 87 68 ab
1600 1920 87 68 a.
1644 1920 101 68 nec
1702 1920 116 68 alia
1774 1920 188 68 essentia.
1919 1920 72 68 ⁋
1934 1920 72 68 Se-

1258 1962 117 76 cunda
1336 1962 169 76 conclusio
1465 1962 91 76 est
1517 1962 104 76 quod
1582 1962 104 76 vnum
1647 1962 91 76 non
1699 1962 91 76 est
1751 1962 156 76 accidens
1867 1962 104 76 illi
1919 1962 78 76 quod

1268 2016 91 65 est
1320 2016 104 65 vnum
1385 2016 91 65 per
1437 2016 169 65 carentiam
1567 2016 208 65 quarumcunque
1736 2016 156 65 partium:
1853 2016 91 65 nec
1892 2016 91 65 primo

1262 2057 111 70 modo:
1336 2057 86 70 nec
1385 2057 135 70 secundo
1483 2057 98 70 modo
1545 2057 172 70 accipiendo
1680 2057 148 70 accidens
1791 2057 98 70 quod
1853 2057 86 70 non
1902 2057 86 70 sit
1939 2057 49 70 ad

1269 2109 136 63 cidens.
1367 2109 111 63 primo
1441 2109 99 63 modo
1503 2109 111 63 patet
1577 2109 74 63 ex
1614 2109 123 63 priori
1701 2109 198 63 conclusione.
1861 2109 99 63 Quod
1911 2109 86 63 etiam

1267 2150 88 61 non
1318 2150 88 61 sit
1368 2150 163 61 accidens.
1493 2150 138 61 secundo
1593 2150 100 61 modo
1656 2150 125 61 patet.
1743 2150 100 61 quia
1806 2150 100 61 ista
1869 2150 88 61 duo
1906 2150 88 61 repu-

1270 2187 127 74 gnant.
1359 2187 89 74 hoc
1410 2187 89 74 res
1461 2187 89 74 est
1512 2187 191 74 demonstrata
1665 2187 102 74 tali
1729 2187 76 74 re
1767 2187 166 74 simplici.
1895 2187 76 74 et
1920 2187 64 74 hoc

1263 2235 86 63 res
1312 2235 86 63 non
1361 2235 86 63 est
1409 2235 98 63 vna.
1471 2235 159 63 Similiter
1593 2235 183 63 repugnantia
1739 2235 86 63 est
1788 2235 98 63 quod
1849 2235 86 63 hoc
1898 2235 86 63 res
1935 2235 61 63 pri

1267 2276 80 64 mo
1307 2276 93 64 sit
1360 2276 80 64 et
1400 2276 107 64 quod
1466 2276 93 64 non
1520 2276 186 64 destruatur
1666 2276 146 64 aliquid
1773 2276 133 64 postea
1866 2276 93 64 vel
1906 2276 93 64 nihip

1266 2332 143 54 mutetur.
1373 2332 71 54 et
1409 2332 107 54 tamen
1480 2332 83 54 hec
1528 2332 83 54 res
1576 2332 83 54 non
1623 2332 83 54 sit
1671 2332 95 54 vna.
1730 2332 95 54 ergo
1790 2332 95 54 sine
1849 2332 95 54 omni
1897 2332 107 54 destru-

1262 2366 126 67 ctione
1351 2366 88 67 rei
1401 2366 152 67 absolute
1515 2366 88 67 non
1566 2366 139 67 possunt
1667 2366 101 67 illa
1730 2366 88 67 duo
1780 2366 177 67 verificari
1907 2366 88 67 etiam

1253 2407 197 65 successiue.
1411 2407 79 65 et
1450 2407 105 65 ideo
1516 2407 105 65 vnum
1581 2407 92 65 non
1634 2407 92 65 est
1687 2407 105 65 tale
1752 2407 158 65 accidens
1871 2407 118 65 tali.
1936 2407 66 65 Ue-

1271 2460 142 56 runtamen
1378 2460 71 56 si
1413 2460 166 56 accipiatur
1543 2460 142 56 accidens
1650 2460 83 56 pro
1697 2460 95 56 omni
1756 2460 189 56 praedicabili
1910 2460 83 56 non
1946 2460 59 56 per

1257 2498 73 62 se
1293 2498 110 62 primo
1366 2498 97 62 modo
1427 2498 122 62 posset
1512 2498 134 62 concedi
1610 2498 97 62 esse
1671 2498 146 62 accidens
1780 2498 134 62 propter
1865 2498 122 62 rationem

1258 2543 117 74 prius
1336 2543 130 74 dictam
1427 2543 65 74 ⁋
1453 2543 130 74 Tertia
1544 2543 169 74 conclusio
1675 2543 104 74 erit
1740 2543 117 74 ista.
1818 2543 104 74 quod
1883 2543 104 74 vnum
1935 2543 65 74 non

1263 2588 173 75 importat
1393 2588 159 75 aliquod
1508 2588 188 75 absolutum
1652 2588 188 75 adueniens
1797 2588 116 75 illi
1869 2588 116 75 quod
1927 2588 72 75 est
