2270 3073
465 211 69 75 ⁋
493 211 166 75 Preterea
617 211 152 75 persona
728 211 97 75 non
783 211 221 75 constituitur
963 211 111 75 nisi
1032 211 97 75 per
1074 211 124 75 aliquid

456 264 121 64 reale.
540 264 97 64 ergo
601 264 84 64 non
649 264 193 64 constituitur
806 264 84 64 per
854 264 169 64 relationem
987 264 72 64 vt
1011 264 181 64 distinguitur.

461 309 77 62 ab
500 309 154 62 essentia
615 309 90 62 nec
666 309 205 62 constituitur
833 309 90 62 per
884 309 180 62 relationem
1025 309 77 62 vt
1064 309 90 62 est
1102 309 90 62 eadem

462 357 154 56 essentie.
581 357 95 56 quia
640 357 95 56 tunc
700 357 214 56 constitueretur
878 357 83 56 per
926 357 166 56 essentiam.
1056 357 95 56 ergo
1104 357 83 56 nullo

467 398 103 62 modo
531 398 206 62 constituitur
699 398 90 62 per
750 398 193 62 relationem.
904 398 64 62 ⁋
930 398 154 62 Preterea
1046 398 103 62 omni
1097 398 90 62 actio

462 444 84 63 ni
504 444 252 63 praesupponitur
714 444 196 63 suppositum
868 444 112 63 quod
938 444 126 63 agat.
1008 444 196 63 generationi-

465 484 142 64 diuine
564 484 255 64 praesupponitur
776 484 198 64 supppsitum
932 484 113 64 quod
1003 484 170 64 generet.
1116 484 85 64 ergo

460 527 117 68 illud
538 527 182 68 suppositum
681 527 91 68 non
733 527 195 68 costituitur
890 527 104 68 illa
955 527 208 68 generatione.
1124 527 65 68 ⁋
1150 527 78 68 Ad

457 576 218 60 oppositum.
629 576 233 60 vnumquodque
815 576 249 60 distinguitur
1018 576 78 60 a
1033 576 156 60 quolibet

459 621 95 68 alio
519 621 83 68 per
566 621 131 68 aliquod
661 621 143 68 proprium
768 621 107 68 sibi.
839 621 83 68 sed
887 621 107 68 nihil
958 621 83 68 est
1006 621 143 68 proprium
1101 621 95 68 patri.

456 665 89 65 nisi
511 665 166 65 paternitas.
644 665 89 65 ergo
700 665 78 65 per
744 665 177 65 paternitatem
888 665 177 65 distinguitur
1033 665 67 65 ab
1066 665 89 65 omni
1110 665 89 65 perso-

459 707 97 62 na.
515 707 83 62 Ex
556 707 97 62 hoc
612 707 125 62 vltra
695 707 125 62 eodem
778 707 153 62 aliquid
890 707 167 62 vltimate
1001 707 194 62 constituitur

462 753 84 70 quo
510 753 72 70 ab
546 753 96 70 omni
605 753 96 70 alio
665 753 203 70 distinguitur.
833 753 84 70 sed
880 753 179 70 paternitate
1012 753 179 70 distinguitur.

471 799 64 57 ab
503 799 85 57 omni
556 799 85 57 alia
610 799 128 57 persona.
705 799 85 57 ergo
758 799 85 57 etc.
812 799 96 57 Circa
875 799 96 57 illam
939 799 159 57 quaestionem
1067 799 85 57 sunt
1120 799 85 57 mult
1162 799 43 57 et

466 847 163 56 opiniones
592 847 88 56 vna
642 847 88 56 est
692 847 100 56 quod
754 847 138 56 persone
854 847 138 56 seipsis
954 847 225 56 distinguantur.
1129 847 63 56 se-

460 883 106 70 cuda
526 883 106 70 quod
593 883 146 70 precise
699 883 93 70 per
752 883 186 70 relationes
898 883 133 70 reales
978 883 212 70 distinguantur.

470 932 134 76 tertia
563 932 107 76 quod
630 932 120 76 primo
710 932 227 76 distinguantur
898 932 94 76 per
951 932 214 76 proprietates
1112 932 80 76 abso

463 974 119 63 lutas
542 974 79 63 et
581 974 119 63 quasi
661 974 185 63 secundario
806 974 92 63 per
858 974 198 63 relationes.
1016 974 132 63 quarta
1096 974 105 63 posset

467 1021 95 68 esse
527 1021 119 68 opinio
610 1021 95 68 quod
670 1021 143 68 praecise
777 1021 203 68 distinguuntur
944 1021 84 68 per
992 1021 191 68 proprietates
1135 1021 60 68 ab-

464 1059 179 66 solutas.
598 1059 75 66 ⁋
628 1059 104 66 Pro
688 1059 134 66 prima
777 1059 179 66 opinione
912 1059 149 66 posset
1016 1059 134 66 argui
1091 1059 104 66 primo

464 1107 100 63 sic.
527 1107 188 63 simpliciter
677 1107 138 63 simplex
777 1107 63 63 a
802 1107 163 63 quocumque
927 1107 200 63 distinguitur
1090 1107 75 63 ab
1115 1107 75 63 illo

462 1153 120 61 seipso
546 1153 204 61 distinguitur.
714 1153 84 61 sed
762 1153 108 61 pater
835 1153 84 61 est
883 1153 180 61 simpliciter
1027 1153 132 61 simplex
1123 1153 72 61 et
1147 1153 48 61 di

467 1189 171 75 stinguitur
601 1189 61 75 a
625 1189 122 75 filio.
711 1189 97 75 ergo
771 1189 122 75 seipso
857 1189 195 75 distinguitur
1015 1189 61 75 a
1040 1189 122 75 filio.
1125 1189 61 75 ⁋
1137 1189 61 75 Pre

470 1239 118 60 terea
549 1239 79 60 si
588 1239 92 60 vna
641 1239 144 60 persona
746 1239 92 60 non
798 1239 131 60 seipsa
890 1239 236 60 distingueretur
1087 1239 79 60 ab
1113 1239 79 60 alia

474 1291 83 58 hoc
522 1291 83 58 non
569 1291 107 58 esset
640 1291 95 58 nisi
700 1291 95 58 quia
759 1291 83 58 vna
806 1291 142 58 realiter
913 1291 142 58 conuenit
1020 1291 83 58 cum
1067 1291 107 58 alia.
1127 1291 71 58 quia

463 1328 106 56 onsum
534 1328 83 56 est
581 1328 106 56 prius
652 1328 94 56 quod
711 1328 94 56 idem
770 1328 130 56 seipso.
865 1328 71 56 et
900 1328 71 56 se
935 1328 94 56 toto
994 1328 118 56 potest
1065 1328 130 56 conuenire

475 1376 154 63 realiter
590 1376 90 63 cum
642 1376 128 63 aliquo
731 1376 77 63 et
770 1376 154 63 differre
885 1376 154 63 realiter
1000 1376 77 63 ab
1038 1376 128 63 eodem.
1115 1376 77 63 ergo

479 1423 89 60 vna
530 1423 139 60 persona
631 1423 152 60 realiter
746 1423 127 60 seipsa
834 1423 89 60 cum
885 1423 101 60 alia
948 1423 152 60 conuenit
1063 1423 76 60 et
1088 1423 114 60 differt

480 1459 139 58 realiter
585 1459 116 58 seipsa
666 1459 70 58 ab
701 1459 116 58 eadem.
783 1459 58 58 ⁋
806 1459 116 58 Contra
887 1459 105 58 istam
957 1459 151 58 opinionem
1073 1459 116 58 quando
1143 1459 58 58 ali

466 1503 88 65 qua
517 1503 88 65 sic
567 1503 76 65 se
605 1503 126 65 habent
693 1503 101 65 quod
757 1503 139 65 aliquid
857 1503 126 65 omnino
946 1503 202 65 indistinctum
1110 1503 88 65 est
1148 1503 50 65 in

474 1550 148 58 vtroque.
585 1550 74 58 et
622 1550 111 58 tamen
696 1550 136 58 aliquid
794 1550 86 58 est
844 1550 74 58 in
880 1550 86 58 vno
930 1550 99 58 quod
991 1550 86 58 non
1041 1550 86 58 est
1090 1550 74 58 in
1115 1550 86 58 alio.

465 1592 96 67 illa
525 1592 84 67 non
573 1592 132 67 seipsis
668 1592 215 67 distinguuntur.
848 1592 84 67 sed
896 1592 72 67 in
932 1592 108 67 patre
1004 1592 72 67 et
1039 1592 72 67 in
1075 1592 108 67 filio
1135 1592 60 67 est

469 1639 163 66 essentia
592 1639 136 66 diuina
687 1639 109 66 quae
755 1639 95 66 est
810 1639 136 66 omnino
905 1639 218 66 indistincta.
1082 1639 82 66 et
1110 1639 95 66 pater

474 1689 105 48 nitas
545 1689 82 48 est
591 1689 70 48 in
627 1689 105 48 patre
697 1689 82 48 que
744 1689 82 48 non
791 1689 82 48 est
838 1689 70 48 in
873 1689 117 48 filio.
955 1689 94 48 ergo
1013 1689 105 48 pater
1084 1689 70 48 et
1107 1689 94 48 filius

474 1737 87 51 non
523 1737 136 51 seipsis
622 1737 112 51 primo
697 1737 223 51 distinguuntur.
883 1737 74 51 Ex
920 1737 87 51 hoc
969 1737 112 51 patet
1044 1737 99 51 quod
1093 1737 112 51 secunda

469 1776 80 51 ro
509 1776 93 51 non
562 1776 133 51 valet.
655 1776 106 51 quia
721 1776 146 51 quamuis
828 1776 106 51 idem
894 1776 93 51 cum
947 1776 120 51 eodem
1027 1776 133 51 possit
1107 1776 93 51 conue

474 1816 90 60 nire
530 1816 135 60 realiter
631 1816 67 60 et
665 1816 135 60 differre
766 1816 146 60 realiter.
878 1816 101 60 tamen
945 1816 112 60 quando
1024 1816 123 60 aliquid
1102 1816 90 60 omnino

473 1856 199 55 indistinctum
634 1856 75 55 et
672 1856 124 55 omnino
759 1856 100 55 idem
821 1856 87 55 est
871 1856 75 55 in
908 1856 149 55 vtroque.
1020 1856 75 55 et
1058 1856 137 55 aliquid
1145 1856 62 55 est

463 1894 79 66 in
502 1894 92 66 vno
555 1894 79 66 et
594 1894 92 66 non
646 1894 79 66 in
686 1894 118 66 alio.
764 1894 105 66 tunc
830 1894 92 66 non
882 1894 144 66 seipsis
987 1894 118 66 primo
1053 1894 157 66 distinguum

471 1943 94 57 tur.
530 1943 106 57 Cuius
601 1943 106 57 ratio
671 1943 94 57 est.
730 1943 94 57 quia
789 1943 118 57 quando
871 1943 118 57 aliqua
953 1943 129 57 seipsis
1036 1943 176 57 distinguuntur

475 1987 121 65 primo
555 1987 94 65 non
609 1987 94 65 est
663 1987 148 65 aliquod
771 1987 81 65 in
811 1987 94 65 vno
865 1987 108 65 quod
932 1987 94 65 non
986 1987 215 65 distinguatur
1147 1987 54 65 ab

475 2042 124 52 alio.
558 2042 124 52 sicut
640 2042 124 52 nihil
723 2042 96 52 est
778 2042 83 52 in
819 2042 124 52 sorte
902 2042 110 52 quod
970 2042 96 52 non
1012 2042 193 52 distinguatur

483 2074 151 71 iplatone.
600 2074 81 71 sed
646 2074 116 71 quando
728 2074 128 71 aliquid
821 2074 81 71 est
867 2074 116 71 omnino
949 2074 93 71 idem
1007 2074 70 71 in
1042 2074 140 71 vtroque.
1135 2074 70 71 tunc

479 2120 136 56 neutrum
578 2120 136 56 illorum
677 2120 99 56 illo
739 2120 124 56 omnino
825 2120 111 56 eodem
900 2120 74 56 in
937 2120 136 56 vtroque
1023 2120 186 56 distinguitur.

477 2169 75 52 ab
514 2169 137 52 altero.
614 2169 75 52 et
651 2169 100 52 ideo
713 2169 112 52 pater
788 2169 87 52 non
838 2169 199 52 distinguitur
1000 2169 87 52 per
1050 2169 162 52 essentiam
1162 2169 37 52 a

484 2207 112 59 filio.
562 2207 79 59 sed
607 2207 79 59 per
652 2207 180 59 paternitatem
798 2207 191 59 distinguitur.
955 2207 90 59 ergo
1011 2207 79 59 non
1056 2207 112 59 seipso
1123 2207 79 59 primo

481 2254 186 58 distinguitur
632 2254 58 58 a
655 2254 116 58 silio.
737 2254 70 58 Et
771 2254 81 58 per
818 2254 81 58 hoc
864 2254 104 58 patet
934 2254 70 58 ad
968 2254 116 58 primam
1050 2254 139 58 rationem
1142 2254 70 58 quod

472 2303 147 53 simplex
579 2303 94 53 non
632 2303 201 53 constitutum
793 2303 80 53 ex
833 2303 134 53 aliquo
927 2303 147 53 communi
1034 2303 107 53 sibi
1101 2303 80 53 et
1128 2303 80 53 alii

477 2340 76 65 et
515 2340 126 65 aliquo
603 2340 176 65 propositio
742 2340 101 65 sibi
805 2340 126 65 seipso
893 2340 201 65 distinguitur
1044 2340 151 65 aquocumque

467 2384 184 67 distinguit.
614 2384 86 67 sed
663 2384 86 67 sic
712 2384 86 67 est
761 2384 74 67 de
798 2384 123 67 patre.
883 2384 98 67 quia
945 2384 74 67 in
981 2384 98 67 ipso
1043 2384 86 67 est
1079 2384 123 67 essentia

492 2425 74 70 qui
535 2425 74 70 est
577 2425 128 70 communis
673 2425 85 70 sibi
726 2425 64 70 et
758 2425 96 70 aliis
822 2425 138 70 personis.
929 2425 64 70 et
961 2425 149 70 paternitas
1078 2425 74 70 est
1110 2425 106 70 propria-

472 2476 120 67 sibi.
552 2476 107 67 ideo
618 2476 107 67 etc.
685 2476 147 67 Secunda
792 2476 133 67 opinio
885 2476 93 67 est
938 2476 107 67 quod
1005 2476 147 67 persone
1098 2476 107 67 diuine

473 2523 223 53 constituuntur
656 2523 79 53 et
696 2523 223 53 distinguuntur
879 2523 92 53 per
932 2523 197 53 relationes.
1089 2523 92 53 hoc
1128 2523 79 53 pro-

483 2561 98 62 bat
539 2561 140 62 primo.
637 2561 112 62 quia
708 2561 98 62 duo
764 2561 168 62 absoluta
890 2561 183 62 distincta
1030 2561 168 62 realiter
1143 2561 70 62 non

481 2612 146 61 possunt
587 2612 106 61 esse
653 2612 106 61 idem
719 2612 172 61 realiter.
852 2612 93 61 sed
904 2612 79 61 si
944 2612 146 61 persone
1050 2612 132 61 diuine
1130 2612 79 61 com

1288 215 218 53 stituerentur
1465 215 95 53 per
1520 215 218 53 proprietates
1697 215 177 53 absolutas
1833 215 82 53 in
1873 215 95 53 deo
1914 215 109 53 essent

1297 261 127 50 plura
1382 261 169 50 absoluta
1509 261 169 50 realiter
1636 261 198 50 distincta.
1791 261 113 50 ergo
1862 261 127 50 nihil
1932 261 85 50 idem

1289 300 157 64 realiter
1406 300 117 64 esset
1485 300 131 64 plures
1576 300 144 64 persone
1681 300 144 64 diuine.
1785 300 78 64 et
1824 300 91 64 ita
1876 300 91 64 non
1916 300 104 64 essent

1302 342 93 64 vnus
1360 342 104 64 deus.
1430 342 58 64 ⁋
1453 342 139 64 Preterea
1557 342 150 64 arguitur.
1673 342 93 64 omne
1730 342 174 64 conthaibile
1869 342 81 64 per
1904 342 104 64 aliquod

1286 402 164 44 eiusdem
1405 402 164 44 generis
1525 402 104 44 est
1584 402 239 44 potentionale
1778 402 179 44 respectu
1898 402 119 44 illius

1287 435 117 58 licet
1365 435 91 58 non
1417 435 156 58 respectu
1533 435 207 58 contrahentis
1702 435 156 58 alterius
1819 435 156 58 generis.
1935 435 91 58 sed
1974 435 52 58 si

1291 492 194 48 suppositum
1444 492 250 48 constitueretur
1652 492 97 48 per
1708 492 153 48 aliquod
1819 492 181 48 absolutum
1944 492 83 48 natu

1281 522 86 59 ra
1324 522 143 59 divina
1423 522 257 59 determinaretur
1637 522 100 59 per
1694 522 157 59 aliquod
1808 522 157 59 eiusdem
1908 522 100 59 gener

1297 570 134 56 scilicet
1397 570 67 56 de
1431 570 112 56 genere
1509 570 168 56 substantie.
1643 570 89 56 ergo
1699 570 78 56 est
1744 570 190 56 potentionalis
1889 570 123 56 respectum

1283 615 155 54 illius.
1395 615 112 54 quod
1466 615 141 54 falsum
1564 615 112 54 est.
1634 615 70 54 ⁋
1663 615 169 54 Preterea
1789 615 169 54 relatiuo
1902 615 112 54 inquan

1283 658 106 55 tum
1343 658 121 55 tali
1419 658 181 55 repugnat
1555 658 121 55 esse
1630 658 121 55 sine
1706 658 166 55 extremo
1812 658 196 55 correlatiuo

1285 702 89 64 qui
1336 702 101 64 esse
1399 702 165 64 relatiuum
1526 702 76 64 et
1564 702 139 64 nullius
1665 702 139 64 extremi
1767 702 152 64 scilicet
1881 702 139 64 termini
1969 702 51 64 in

1294 745 128 57 cludit
1384 745 256 57 contradictionem.
1601 745 90 57 sed
1652 745 77 57 si
1691 745 115 57 prima
1767 745 141 57 persona
1857 745 166 57 constituere

1285 788 100 58 tur
1342 788 100 58 per
1399 788 157 58 aliquid
1513 788 185 58 absolutum
1655 788 100 58 non
1712 788 199 58 repugnaret
1869 788 114 58 sibi
1926 788 85 58 esse

1283 831 97 64 sine
1344 831 134 64 secunda
1441 831 85 64 vel
1490 831 97 64 sine
1551 831 207 64 quandoacumque
1722 831 110 64 alia.
1795 831 97 64 Nunc
1856 831 110 64 autem
1929 831 73 64 si
1953 831 61 64 est

1287 879 148 59 relatiua
1398 879 148 59 repugnat
1509 879 99 59 sibi
1570 879 99 59 esse
1632 879 99 59 sine
1693 879 148 59 secunda.
1804 879 99 59 ergo
1866 879 86 59 non
1903 879 111 59 consti-

1295 923 131 65 tuitur
1386 923 92 65 per
1439 923 144 65 aliquod
1543 923 183 65 absolutum.
1687 923 65 65 ⁋
1713 923 157 65 Preterea
1831 923 118 65 prima
1896 923 118 65 persona

1293 969 107 54 nihil
1364 969 142 54 acquirit
1471 969 95 54 sibi
1530 969 83 54 per
1577 969 95 54 actu
1636 969 189 54 generationis
1790 969 107 54 filii
1861 969 95 54 quia
1909 969 118 54 quicquid

1294 1014 129 58 habet
1380 1014 143 58 filius
1480 1014 172 58 nascendo
1609 1014 158 58 accepit
1723 1014 72 58 a
1752 1014 129 58 patre
1838 1014 86 58 et
1881 1014 129 58 pater
1952 1014 72 58 pri

1292 1055 79 56 us
1331 1055 146 56 origine
1437 1055 119 56 habet
1517 1055 146 56 quicqud
1623 1055 132 56 potest
1715 1055 132 56 habere
1808 1055 106 56 quam
1874 1055 132 56 filius
1954 1055 66 56 vel

1297 1101 157 65 spiritus
1414 1101 144 65 sanctus
1519 1101 196 65 producatur.
1676 1101 91 65 sed
1728 1101 78 65 si
1767 1101 117 65 pater
1845 1101 117 65 esset
1911 1101 117 65 persona

1289 1146 162 62 absoluta
1410 1146 189 62 acquireret
1558 1146 202 62 paternitate
1720 1146 94 62 per
1774 1146 121 62 actum
1842 1146 175 62 generationi

1290 1194 70 53 et
1325 1194 82 53 per
1372 1194 163 53 consequens
1500 1194 128 53 faceret
1593 1194 70 53 se
1628 1194 116 53 patrem
1710 1194 70 53 ex
1745 1194 186 53 consequenti.
1896 1194 93 53 quia
1942 1194 82 53 prius

1297 1237 140 51 origine
1399 1237 115 51 esset
1476 1237 140 51 persona
1577 1237 166 51 absoluta.
1705 1237 76 51 et
1743 1237 115 51 esset
1819 1237 140 51 aliquis
1908 1237 115 51 anteque

1294 1287 197 58 generaret.
1449 1287 127 58 sicut
1533 1287 141 58 sortes
1632 1287 127 58 albus
1716 1287 155 58 faciens
1829 1287 141 58 filium
1913 1287 113 58 album.

1293 1328 110 53 facit
1366 1328 73 53 ex
1402 1328 183 53 consequenti
1548 1328 73 53 se
1585 1328 134 53 similem
1682 1328 110 53 illi.
1755 1328 97 53 haoc
1816 1328 110 53 autem
1889 1328 85 53 est
1926 1328 97 53 falsum

1291 1374 116 46 ergo
1363 1374 160 46 relatio
1479 1374 174 46 originis
1610 1374 102 46 non
1668 1374 102 46 est
1726 1374 203 46 aduentitia
1871 1374 160 46 constitu-

1295 1411 105 54 tiuo
1361 1411 145 54 patris.
1466 1411 105 54 Alie
1532 1411 210 54 auctoritates
1703 1411 79 54 et
1742 1411 158 54 rationes
1847 1411 158 54 adducuntur

1281 1455 114 57 ista
1352 1455 143 57 parte.
1452 1455 114 57 quas
1524 1455 143 57 longum
1624 1455 129 57 esset
1710 1455 186 57 recitare.
1853 1455 72 57 ⁋
1882 1455 143 57 Tertia
1967 1455 72 57 est

1296 1501 129 51 opinio
1387 1501 103 51 quod
1451 1501 142 51 persone
1555 1501 220 51 constituuntur
1736 1501 90 51 per
1787 1501 207 51 proprietates
1942 1501 78 51 abso

1283 1542 107 57 lutas
1354 1542 107 57 primo
1425 1542 71 57 et
1461 1542 83 57 per
1508 1542 166 57 relationes
1638 1542 107 57 quasi
1709 1542 71 57 ex
1745 1542 178 57 consequenti
1887 1542 83 57 vel
1922 1542 107 57 distin-

1296 1587 137 60 guuntur
1395 1587 87 60 per
1445 1587 124 60 illas.
1532 1587 112 60 Prima
1606 1587 99 60 pars
1669 1587 149 60 probatur
1780 1587 224 60 multipliciter.
1954 1587 75 60 pri-

1286 1643 100 50 mo
1336 1643 232 50 comparando
1519 1643 216 50 relatione
1685 1643 100 50 ad
1734 1643 199 50 relatum.
1884 1643 83 50 ⁋
1917 1643 149 50 Primo

1302 1673 95 56 sic.
1362 1673 95 56 omni
1421 1673 154 56 relatione
1540 1673 131 56 aliquid
1635 1673 143 56 refertur
1742 1673 178 56 formaliter.
1884 1673 95 56 ergo
1932 1673 95 56 pater-

1302 1726 128 46 nitate
1392 1726 128 46 diuina
1481 1726 140 46 aliquid
1583 1726 153 46 refertur
1698 1726 179 46 formaliter
1838 1726 89 46 sed
1889 1726 89 46 non
1927 1726 102 46 essen-

1295 1762 109 62 tia.
1364 1762 109 62 ergo
1432 1762 191 62 suppositum
1582 1762 82 62 et
1623 1762 137 62 vltra.
1719 1762 109 62 ergo
1787 1762 96 62 non
1828 1762 205 62 constituuntur

1296 1807 85 60 per
1344 1807 182 60 relationem.
1490 1807 97 60 quia
1550 1807 97 60 omni
1611 1807 158 60 relationi
1732 1807 85 60 est
1781 1807 133 60 preuium
1877 1807 133 60 aliquid
1962 1807 73 60 quod

1299 1854 147 48 refertur
1409 1854 98 48 illa
1470 1854 171 48 relatione.
1604 1854 98 48 quod
1665 1854 196 48 denominatiue
1824 1854 134 48 dicitur
1910 1854 122 48 referri.

1313 1896 65 65 ⁋
1339 1896 209 65 Confirmatur.
1509 1896 104 65 quia
1574 1896 117 65 illud
1652 1896 104 65 quod
1717 1896 156 65 refertur
1834 1896 117 65 prius
1913 1896 91 65 est
1965 1896 78 65 ad
1991 1896 52 65 se

1299 1943 92 58 quam
1357 1943 161 58 referatur.
1484 1943 92 58 ergo
1542 1943 161 58 suppositum
1669 1943 104 58 prius
1738 1943 81 58 est
1784 1943 69 58 ad
1818 1943 69 58 se
1853 1943 92 58 quam
1899 1943 127 58 referatur

1303 1985 68 59 et
1337 1985 80 59 per
1382 1985 160 59 consequens
1508 1985 80 59 non
1553 1985 182 59 constituitur
1702 1985 68 59 in
1736 1985 91 59 esse
1793 1985 171 59 suppositali
1930 1985 80 59 per
1964 1985 57 59 re-

1302 2028 167 50 lationem.
1431 2028 64 50 ⁋
1456 2028 231 50 Preterealomnis
1649 2028 141 50 relatio
1751 2028 128 50 realis
1841 2028 167 50 praexigit
1957 2028 64 50 di-

1297 2075 192 53 stinctione
1448 2075 178 53 aliquorum
1585 2075 82 53 in
1626 2075 151 53 divinis
1736 2075 82 53 et
1777 2075 96 53 non
1832 2075 110 53 nisi
1887 2075 137 53 supposi-

1298 2121 140 51 torum.
1396 2121 126 51 ergo.
1480 2121 70 51 ⁋
1507 2121 168 51 Preterea
1633 2121 126 51 omnis
1717 2121 154 51 relatio
1829 2121 126 51 primo
1898 2121 126 51 termina

1301 2163 96 55 tur
1356 2163 83 55 ad
1398 2163 179 55 adsolutum
1536 2163 96 55 sed
1591 2163 96 55 non
1646 2163 83 55 ad
1687 2163 193 55 essentiam.
1839 2163 110 55 ergo
1908 2163 83 55 ad
1935 2163 83 55 sup-

1292 2208 178 55 positum.
1426 2208 74 55 ⁋
1455 2208 163 55 Secunda
1574 2208 104 55 via
1633 2208 178 55 arguitur
1766 2208 207 55 comparando
1914 2208 104 55 rela-

1299 2253 149 52 tionem
1403 2253 89 52 ad
1448 2253 194 52 originem.
1597 2253 104 52 Nam
1657 2253 209 52 principium
1821 2253 179 52 originis
1940 2253 75 52 est

1295 2292 117 60 prius
1373 2292 181 60 originato.
1515 2292 65 60 ⁋
1541 2292 104 60 Tunc
1606 2292 155 60 arguitur
1722 2292 104 60 sic.
1787 2292 78 60 si
1826 2292 142 60 persone
1929 2292 91 60 non
1968 2292 78 60 sunt

1294 2340 178 55 absolute
1428 2340 104 55 sed
1487 2340 133 55 primo
1576 2340 193 55 relatiue.
1724 2340 119 55 tunc
1798 2340 104 55 non
1857 2340 104 55 est
1916 2340 133 55 aliud

1298 2380 133 59 patrem
1391 2380 172 59 originare
1523 2380 133 59 filium
1616 2380 106 59 quam
1682 2380 133 59 patrem
1775 2380 133 59 habere
1868 2380 133 59 silium
1947 2380 80 59 cor-

1289 2428 202 48 relatiuum.
1447 2428 101 48 sed
1505 2428 130 48 pater
1591 2428 87 48 ex
1635 2428 87 48 se
1678 2428 87 48 eo
1721 2428 115 48 quod
1793 2428 130 48 pater
1880 2428 130 48 habet
1952 2428 72 48 fi-

1293 2472 323 53 liumcorrelatiuum.
1569 2472 123 53 quia
1646 2472 92 53 in
1692 2472 138 53 nullo
1784 2472 184 53 instanti
1922 2472 108 53 nec
1969 2472 61 53 na

1297 2517 116 50 ture
1370 2517 102 50 nec
1428 2517 174 50 originis
1559 2517 145 50 potest
1661 2517 189 50 intelligi
1806 2517 131 50 pater
1893 2517 116 50 sine
1951 2517 73 50 si-

1292 2557 103 57 lio
1351 2557 103 57 vel
1410 2557 118 57 nisi
1483 2557 235 57 intelligatur
1674 2557 147 57 habere
1777 2557 162 57 filium.
1895 2557 118 57 ergo
1954 2557 73 57 non

1283 2612 195 56 originat
1429 2612 130 56 eum.
1511 2612 81 56 ⁋
1543 2612 195 56 Preterea
1690 2612 147 56 illud
1787 2612 114 56 non
1853 2612 228 56 originatur
