2274 3059
431 211 81 79 in
471 211 94 79 quo
525 211 188 79 concordant
673 211 175 79 facilius.
807 211 148 79 quamuis
915 211 94 79 non
969 211 135 79 verius
1049 211 108 79 posset

427 279 177 54 sustineri
563 279 95 54 cum
618 279 109 54 isto
686 279 163 54 articulo
808 279 109 54 Tres
876 279 109 54 sunt
944 279 149 54 persone
1052 279 82 54 et
1079 279 82 54 vnus

430 319 117 63 deus
504 319 117 63 quam
577 319 147 63 opinio
679 319 88 63 de
723 319 249 63 relationibus.
929 319 132 63 Cuius
1016 319 132 63 ratio
1090 319 73 63 est

432 368 87 52 qui
481 368 87 52 ita
531 368 162 52 difficile
656 368 87 52 est
706 368 187 52 intelligere
855 368 100 52 quod
917 368 137 52 relatio
1017 368 87 52 sit
1054 368 100 52 quadam

442 411 96 52 res.
502 411 72 52 et
538 411 84 52 sit
587 411 96 52 alia
647 411 84 52 res
695 411 145 52 realiter
804 411 121 52 media.
888 411 72 52 et
924 411 96 52 quod
972 411 181 52 multiplicetur

436 464 99 46 sine
497 464 234 46 multiplicatione
694 464 148 46 essentie
805 464 99 46 quae
867 464 86 46 est
916 464 111 46 eadem
990 464 148 46 realiter
1088 464 62 46 cum

426 502 283 55 relationibus.
659 502 150 55 sicut
759 502 167 55 ponere
859 502 300 55 multiplicationem

437 544 192 54 absolutorum
591 544 102 54 sine
655 544 243 54 multiplicatione
859 544 153 54 essentie
974 544 89 54 qua
1025 544 89 54 sit
1064 544 89 54 eadem

430 588 151 55 realiter
544 588 88 55 cum
594 588 113 55 illis
669 588 176 55 absolutis.
808 588 101 55 immo
871 588 113 55 sicut
946 588 126 55 potest
1022 588 138 55 sustineri

438 639 100 53 quod
500 639 100 53 sunt
562 639 100 53 tres
624 639 174 53 relationes
761 639 149 53 realiter
873 639 199 53 differentes.
1035 639 75 53 et
1060 639 87 53 tamer

441 683 93 54 quod
500 683 82 54 vna
546 683 140 54 essentia
652 683 82 54 sit
698 683 140 54 realiter
804 683 93 54 ille
862 683 93 54 tres
920 683 175 54 relationes.
1061 683 82 54 ita
1096 683 58 54 fa-

441 723 128 49 ciliter
535 723 117 49 potest
616 723 93 49 poni
675 723 93 49 quod
733 723 93 49 tria
791 723 140 49 absoluta
896 723 93 49 sunt
955 723 140 49 realiter
1048 723 105 49 distin-

434 764 91 55 cta.
490 764 68 55 et
524 764 102 55 tamen
592 764 91 55 quod
649 764 79 55 vna
694 764 136 55 essentia
796 764 79 55 sit
841 764 136 55 realiter
943 764 91 55 illa
1000 764 91 55 tria
1045 764 102 55 absolu-

437 808 86 58 ta.
486 808 62 58 â‹
511 808 74 58 Ex
548 808 86 58 hoc
597 808 148 58 sequitur
708 808 99 58 quod
770 808 124 58 tertia
857 808 124 58 opinio
943 808 86 58 est
992 808 124 58 omnino
1067 808 86 58 irra-

434 855 181 56 tionabilis
577 855 104 56 quae
641 855 117 56 ponit
719 855 156 56 personas
836 855 169 56 distingui
966 855 91 56 per
1004 855 156 56 proprieta-

431 897 79 53 tes
476 897 146 53 absolutas
588 897 68 53 et
622 897 79 53 non
667 897 79 53 per
712 897 158 53 relationes
836 897 79 53 cum
881 897 101 53 tamen
948 897 90 53 sint
1005 897 79 53 ibi
1038 897 113 53 secundum

434 940 105 57 istam
505 940 164 57 opinionem.
633 940 105 57 Cuius
704 940 105 57 ratio
774 940 94 57 est.
832 940 187 57 quandocumque
973 940 187 57 qualitercumque

433 987 175 54 distincta
567 987 94 54 vel
621 987 94 54 que
675 987 94 54 non
729 987 108 54 sunt
796 987 108 54 idem
863 987 188 54 formaliter
998 987 161 54 concurrunt

428 1033 77 48 in
467 1033 129 48 aliquo
557 1033 90 48 per
608 1033 77 48 se
647 1033 103 48 vno.
711 1033 193 48 vnumquodque
866 1033 142 48 illorum
969 1033 90 48 per
1020 1033 77 48 se
1046 1033 116 48 consti-

435 1072 93 59 tuit
494 1072 105 59 illud
564 1072 105 59 vnum.
634 1072 93 59 quia
692 1072 82 59 non
739 1072 82 59 est
785 1072 105 59 maior
855 1072 105 59 ratio
925 1072 105 59 quare
995 1072 93 59 vnum
1042 1072 105 59 illorum

431 1113 197 54 constituat
586 1113 127 54 illud
670 1113 112 54 quam
740 1113 183 54 reliquum.
881 1113 98 54 sed
937 1113 112 54 vnum
993 1113 155 54 includens

425 1162 168 53 essentiam
555 1162 78 53 et
593 1162 117 53 illud
671 1162 168 53 absolutum
800 1162 78 53 et
839 1162 207 53 paternitatem
1008 1162 91 53 est
1059 1162 91 53 per
1098 1162 52 53 se

438 1206 97 57 vnum
498 1206 72 57 et
534 1206 169 57 distinctum
667 1206 145 57 realiter
776 1206 60 57 a
800 1206 145 57 qualibet
909 1206 145 57 persona.
1017 1206 97 57 ergo
1066 1206 84 57 illud

434 1253 87 52 vnum
489 1253 76 52 per
532 1253 65 52 se
565 1253 76 52 est
609 1253 76 52 vna
652 1253 131 52 persona.
750 1253 65 52 et
783 1253 76 52 per
827 1253 153 52 consequens
947 1253 153 52 paternitas
1056 1253 98 52 consti-

428 1287 92 61 tuit
485 1287 69 61 et
519 1287 160 61 distinguit
645 1287 114 61 patrem
725 1287 57 61 a
748 1287 103 61 filio
817 1287 69 61 et
851 1287 137 61 spiritus
954 1287 114 61 sancto
1034 1287 80 61 non
1068 1287 92 61 tantum

434 1335 169 55 effectiue
564 1335 91 55 sed
616 1335 78 55 et
654 1335 194 55 formaliter.
810 1335 65 55 â‹
836 1335 78 55 Si
875 1335 156 55 instetur
991 1335 130 55 contra
1069 1335 91 55 istam

440 1381 135 56 rationem
541 1381 90 56 quod
597 1381 124 56 eiusdem
687 1381 79 56 non
732 1381 124 56 possunt
822 1381 90 56 esse
878 1381 79 56 duo
923 1381 146 56 principia
1024 1381 124 56 constitu-

436 1433 111 46 tiua.
510 1433 86 46 sed
559 1433 74 46 si
596 1433 173 46 paternitas
732 1433 74 46 et
769 1433 99 46 illa
830 1433 173 46 proprietas
966 1433 148 46 absoluta
1064 1433 99 46 essent

436 1471 192 57 constitutiua
592 1471 132 57 persone
688 1471 120 57 patris
772 1471 120 57 illius
857 1471 132 57 persone
953 1471 120 57 essent
1037 1471 84 57 duo
1073 1471 84 57 prin-

438 1509 118 63 cipia
516 1509 222 63 constitutiua.
699 1509 105 63 Ista
765 1509 170 63 instantia
896 1509 92 63 non
948 1509 131 63 valet.
1039 1509 105 63 quia
1092 1509 65 63 non

431 1555 92 53 est
484 1555 145 53 aliquod
589 1555 198 53 inconuenies
747 1555 105 53 quod
813 1555 145 53 eiusdem
919 1555 105 53 sint
985 1555 119 53 plura
1051 1555 105 53 princi

437 1601 89 58 pia
488 1601 217 58 constitutiua.
667 1601 102 58 quia
730 1601 76 58 si
769 1601 76 58 in
807 1601 127 58 homine
896 1601 89 58 sit
947 1601 115 58 anima
1011 1601 140 58 sensitiua

436 1646 154 56 distincta
555 1646 142 56 realiter
662 1646 71 56 ab
697 1646 107 56 anima
768 1646 202 56 intellectiua.
935 1646 131 56 oportet
1029 1646 95 56 quod
1077 1646 83 56 anima

440 1692 165 49 sensitiua
567 1692 102 49 illa
631 1692 114 49 esset
707 1692 152 49 alterius
821 1692 152 49 rationis
935 1692 63 49 a
961 1692 152 49 qualibet
1062 1692 89 49 anima

432 1738 174 46 sensitiua
565 1738 161 46 brutali.
686 1738 94 46 vel
739 1738 107 46 quod
806 1738 80 46 in
846 1738 120 46 bruto
927 1738 134 46 essent
1020 1738 94 46 due
1060 1738 94 46 anime

432 1780 165 50 sensitiue.
562 1780 71 50 et
597 1780 82 50 per
644 1780 165 50 consequens
774 1780 106 50 anima
844 1780 153 50 sensitiua
962 1780 118 50 humana
1044 1780 106 50 esset
1103 1780 59 50 ita

423 1830 160 47 propria
540 1830 145 47 homini
641 1830 131 47 sicut
729 1830 247 47 intellectiua.
932 1830 87 47 et
976 1830 102 47 ita
1034 1830 102 47 per
1077 1830 73 47 eam

425 1863 244 47 distingueretur
628 1863 108 47 homo
696 1863 149 47 tanquam
804 1863 95 47 per
858 1863 162 47 proprium
967 1863 189 47 distinctiuum

437 1906 76 50 ab
475 1906 101 50 omni
539 1906 101 50 alio
602 1906 114 50 sicut
678 1906 89 50 per
729 1906 127 50 animam
818 1906 228 50 intellectiuam.
1008 1906 76 50 et
1046 1906 89 50 ita
1084 1906 76 50 homo

436 1949 150 56 haberet
545 1949 95 56 duo
600 1949 177 56 principia
736 1949 218 56 distinctiua.
912 1949 82 56 Et
953 1949 95 56 ita
1007 1949 150 56 oportet
1103 1949 54 56 po

442 2001 93 49 nere
501 2001 70 49 in
536 2001 152 49 proposito
652 2001 93 49 quod
711 2001 105 49 pater
781 2001 187 49 distinguitur
933 2001 70 49 ab
968 2001 93 49 omni
1026 2001 93 49 alia
1073 2001 93 49 perso-

440 2036 88 51 na.
491 2036 88 51 non
541 2036 126 51 tantum
629 2036 88 51 per
680 2036 201 51 proprietatem
843 2036 176 51 absolutam.
982 2036 88 51 sed
1032 2036 113 51 etiam
1095 2036 63 51 per

436 2082 194 57 paternitatem.
595 2082 91 57 nisi
652 2082 103 57 sorte
721 2082 148 57 diceretur
835 2082 91 57 quod
892 2082 160 57 paternitas
1017 2082 103 57 esset
1074 2082 80 57 eadem

444 2125 152 52 realiter
558 2125 89 52 cum
609 2125 190 52 proprietate
761 2125 152 52 absoluta
875 2125 127 52 filii.
963 2125 114 52 sicut
1027 2125 139 52 poneretur

437 2174 151 56 eadem
538 2174 118 56 cum
605 2174 252 56 proprietate
807 2174 202 56 absoluta
958 2174 168 56 patris
1076 2174 84 56 â‹
1093 2174 67 56 Si

435 2220 166 55 aliquis
556 2220 166 55 teneret
677 2220 136 55 istam
767 2220 211 55 opinionem.
933 2220 121 55 quam
1009 2220 136 55 tamen
1084 2220 76 55 ego

437 2259 100 57 non
494 2259 143 57 teneo.
594 2259 157 57 diceret
708 2259 86 57 ad
751 2259 171 57 rationes
880 2259 157 57 secunde
980 2259 171 57 opinionis.

456 2303 74 50 â‹
486 2303 88 50 Ad
530 2303 147 50 primam
633 2303 162 50 diceret
751 2303 118 50 quod
824 2303 103 50 non
883 2303 103 50 est
942 2303 133 50 maius
1016 2303 147 50 inconue-

433 2343 136 53 niens
524 2343 106 53 duo
584 2343 182 53 absoluta
721 2343 182 53 realiter
857 2343 121 53 esse
933 2343 121 53 vnum
993 2343 167 53 absolutum

436 2389 154 51 realiter.
554 2389 95 51 quam
613 2389 95 51 duas
673 2389 165 51 relationes
803 2389 142 51 realiter
909 2389 165 51 distinctas
1039 2389 95 51 esse
1086 2389 71 51 vnum

434 2428 183 54 absolutum
575 2428 183 54 realiter.
715 2428 84 54 Et
758 2428 84 54 si
800 2428 169 54 dicatur.
927 2428 84 54 si
969 2428 183 54 absolutum
1096 2428 70 54 ad-

434 2479 141 59 datur
528 2479 187 59 absoluto
669 2479 219 59 necessario
841 2479 172 59 faciunt
950 2479 203 59 compositio-

431 2525 107 53 nem.
497 2525 200 53 Respondetur
657 2525 107 53 quod
724 2525 120 53 sicut
804 2525 160 53 secundum
924 2525 120 53 alios
1004 2525 80 53 si
1031 2525 133 53 relatio.

431 2561 164 63 addatur
550 2561 179 63 absoluto
684 2561 74 63 a
714 2561 104 63 quo
773 2561 104 63 non
833 2561 253 63 distinguitur.
1041 2561 104 63 non
1086 2561 74 63 fa-

428 2614 119 66 ciet
502 2614 253 66 compositionem
710 2614 104 66 cum
770 2614 104 66 co.
829 2614 134 66 Cuius
918 2614 134 66 ratio
1007 2614 119 66 est.
1067 2614 89 66 quia

1246 219 136 63 sicut
1337 219 91 63 in
1382 219 197 63 creaturis
1534 219 197 63 absolutum
1685 219 167 63 additum
1806 219 182 63 absoluto
1928 219 45 63 a

1254 278 91 55 quo
1306 278 156 55 realiter
1423 278 207 55 distinguitur
1591 278 117 55 facit
1669 278 91 55 cum
1721 278 78 55 eo
1747 278 220 55 composititionem

1243 326 101 53 Ita
1300 326 86 53 si
1343 326 158 53 relatio
1459 326 158 53 addatur
1574 326 187 53 absoluto.
1718 326 86 53 si
1761 326 158 53 differt
1877 326 86 53 ab
1905 326 58 53 eo

1249 368 164 50 realiter
1372 368 137 50 faciet
1468 368 96 50 cum
1523 368 82 50 eo
1564 368 246 50 compositionem.
1769 368 96 50 nec
1824 368 96 50 est
1865 368 96 50 maior

1250 408 126 53 ratio
1334 408 112 53 quod
1404 408 182 53 absolutum
1544 408 140 53 faciat
1641 408 238 53 compositionem
1837 408 98 53 cum
1879 408 84 53 abso

1247 456 117 44 luto:
1325 456 104 44 quam
1390 456 143 44 relatio
1494 456 91 44 cum
1546 456 169 44 absoluto.
1675 456 78 44 et
1714 456 91 44 ita
1766 456 104 44 eque
1818 456 143 44 faciliter

1257 498 132 52 posset
1349 498 172 52 sustineri
1482 498 79 52 in
1521 498 93 52 deo
1574 498 106 52 quod
1640 498 185 52 proprietas
1786 498 159 52 absoluta
1892 498 66 52 non

1256 539 152 53 faceret
1366 539 234 53 compositionem
1559 539 96 53 cum
1615 539 165 53 essentia
1739 539 165 53 absoluta
1849 539 124 53 propter

1257 588 196 47 identitatem
1414 588 131 47 realem
1506 588 118 47 inter
1584 588 170 47 essentiam
1715 588 79 47 et
1754 588 196 47 proprietate
1899 588 65 47 ab-

1251 631 155 62 folutam.
1367 631 116 62 sicut
1445 631 129 62 posset
1535 631 168 62 sustineri
1664 631 103 62 quod
1729 631 142 62 relatio
1832 631 90 62 non
1871 631 90 62 facit

1243 676 237 45 compositionem
1438 676 97 45 cum
1494 676 139 45 diuina
1591 676 167 45 essentia
1716 676 153 45 propter
1814 676 153 45 identita-

1240 716 90 49 tem
1292 716 129 49 realem
1382 716 116 49 inter
1460 716 181 49 relationem
1602 716 77 49 et
1640 716 181 49 essentiam.
1782 716 65 49 â‹
1808 716 77 49 Ad
1847 716 116 49 aliam
1911 716 52 49 ra

1247 761 130 57 tionem
1338 761 156 57 dicerent
1454 761 104 57 quod
1519 761 91 57 non
1571 761 117 57 magis
1649 761 207 57 contrahibile
1817 761 91 57 est
1856 761 104 57 poten-

1250 803 147 59 tionale
1357 803 161 59 respectu
1477 803 161 59 alicuius
1598 803 147 59 eiusdem
1705 803 161 59 generis:
1826 803 107 59 quam
1879 803 94 59 respe

1250 853 100 55 ctu
1307 853 172 55 alicuius
1436 853 172 55 alterius
1565 853 172 55 generis.
1694 853 115 55 Unde
1765 853 129 55 sicut
1837 853 129 55 materia

1250 899 99 59 est
1306 899 226 59 potentioalis
1490 899 169 59 respectu
1617 899 141 59 forme.
1716 899 99 59 ita
1772 899 184 59 subiectum
1899 899 71 59 est

1251 938 207 57 potentionale
1420 938 156 57 respectu
1536 938 181 57 accidentis
1679 938 104 57 sui.
1744 938 78 57 et
1783 938 104 57 ideo
1847 938 91 57 non
1886 938 78 57 plus

1251 986 121 50 esset
1331 986 162 50 essentia
1453 986 229 50 potentionalis
1642 986 162 50 respectu
1763 986 216 50 proprietatis
1925 986 54 50 re

1246 1032 133 47 latiue
1339 1032 66 47 â‹
1365 1032 80 47 Ad
1405 1032 119 47 aliam
1484 1032 159 47 rationem
1604 1032 172 47 dicerent.
1736 1032 106 47 quod
1802 1032 93 47 non
1855 1032 106 47 plus
1908 1032 80 47 repu

1246 1078 109 50 gnat
1315 1078 96 50 vni
1369 1078 164 50 relatiuo
1492 1078 109 50 esse
1560 1078 109 50 sine
1629 1078 96 50 suo
1683 1078 205 50 correlatiuo
1847 1078 109 50 quam
1902 1078 68 50 re-

1252 1120 137 54 pugnat
1348 1120 165 54 absoluto
1472 1120 110 54 esse
1540 1120 110 54 sine
1609 1120 110 54 alio
1677 1120 178 54 absoluto.
1814 1120 137 54 quando
1897 1120 82 54 vni-

1252 1165 84 48 ca
1294 1165 98 48 res
1350 1165 239 48 simplicissima
1547 1165 98 48 est
1603 1165 112 48 illa
1673 1165 98 48 duo
1729 1165 183 48 absoluta.
1870 1165 84 48 et
1898 1165 84 48 ideo

1257 1207 96 53 quia
1317 1207 144 53 secundum
1425 1207 108 53 illam
1496 1207 156 53 opinionem
1616 1207 144 53 essentia
1724 1207 120 53 diuina
1807 1207 84 53 que
1855 1207 84 53 est
1891 1207 72 53 vni-

1251 1256 87 47 ca
1295 1256 102 47 res
1353 1256 247 47 simplicissima
1557 1256 131 47 esset
1644 1256 116 47 illa
1717 1256 102 47 duo
1775 1256 189 47 absoluta.
1906 1256 73 47 ita

1237 1296 196 50 repugnaret
1391 1296 112 50 vnum
1461 1296 154 50 illorum
1573 1296 112 50 esse
1644 1296 112 50 sine
1714 1296 154 50 altero.
1826 1296 126 50 sicut
1896 1296 70 50 re-

1243 1345 178 49 puguaret
1377 1345 104 49 vni
1436 1345 178 49 relatiuo
1570 1345 119 49 esse
1644 1345 119 49 sine
1718 1345 134 49 alio.
1807 1345 119 49 quia
1866 1345 104 49 tanta

1239 1389 129 47 esset
1325 1389 230 47 conexigentia
1511 1389 129 47 vnius
1598 1389 172 47 respectu
1727 1389 172 47 alterius
1842 1389 129 47 propter

1247 1425 201 51 identitatem
1407 1425 134 51 realem
1501 1425 121 51 vnius
1582 1425 94 51 rei
1635 1425 228 51 simplicissine
1823 1425 94 51 cum
1863 1425 107 51 illis.

1245 1472 121 49 sicut
1325 1472 121 49 esset
1406 1472 121 49 vnius
1487 1472 188 49 relationis
1634 1472 161 49 respectu
1755 1472 94 49 sue
1796 1472 161 49 correlatio

1255 1513 101 45 nis.
1318 1513 63 45 â‹
1344 1513 76 45 Ad
1381 1513 113 45 aliam
1457 1513 151 45 rationem
1570 1513 151 45 dicerent
1683 1513 101 45 quod
1746 1513 88 45 non
1797 1513 88 45 est
1835 1513 138 45 ymaginan-

1256 1558 90 45 dum
1308 1558 155 45 secundum
1424 1558 116 45 istam
1501 1558 129 45 eandem
1592 1558 181 45 opinionem.
1734 1558 103 45 quod
1798 1558 155 45 patnitas
1901 1558 65 45 vel

1257 1597 166 62 generatio
1385 1597 89 62 sit
1436 1597 141 62 aliquod
1538 1597 115 62 reale
1615 1597 153 62 existens
1730 1597 77 62 in
1768 1597 115 62 patre
1832 1597 141 62 quocumque

1250 1648 107 48 modo
1317 1648 188 48 distinctum
1464 1648 80 48 ab
1504 1648 107 48 omni
1571 1648 174 48 absoluto.
1705 1648 94 48 sed
1759 1648 94 48 hoc
1812 1648 107 48 quod
1866 1648 107 48 dictio

1248 1683 214 63 paternitas
1416 1683 107 63 vel
1477 1683 199 63 generatio
1630 1683 168 63 diceret
1752 1683 122 63 illa
1828 1683 107 63 duo
1874 1683 107 63 abso-

1250 1734 101 52 luta
1314 1734 76 52 et
1352 1734 114 52 nihil
1428 1734 139 52 praeter
1529 1734 101 52 illa
1592 1734 165 52 absoluta.
1719 1734 76 52 Et
1757 1734 76 52 si
1795 1734 139 52 dicatur
1883 1734 89 52 pater

1256 1777 114 52 prius
1332 1777 139 52 origine
1434 1777 89 52 est
1484 1777 114 52 pater
1560 1777 101 52 quam
1624 1777 127 52 filius
1712 1777 190 52 producatur.
1851 1777 127 52 Dicerent

1249 1824 93 47 quod
1308 1824 70 47 si
1343 1824 82 47 per
1389 1824 105 47 istam
1459 1824 198 47 propositionem
1622 1824 105 47 pater
1692 1824 82 47 est
1739 1824 105 47 prius
1809 1824 128 47 origine
1890 1824 82 47 filio

1249 1863 178 52 intelligatur
1393 1863 122 52 aliquid
1482 1863 100 52 aliud
1548 1863 89 52 quam
1604 1863 89 52 quod
1659 1863 55 52 a
1682 1863 100 52 patre
1748 1863 78 52 sit
1793 1863 111 52 filius
1870 1863 78 52 sic
1903 1863 67 52 pro-

1250 1908 138 53 positio
1351 1908 88 53 est
1401 1908 188 53 simpliciter
1552 1908 126 53 fulsa.
1640 1908 63 53 â‹
1665 1908 126 53 Quauis
1753 1908 100 53 ista
1815 1908 126 53 quarta
1891 1908 100 53 opinio

1260 1952 133 43 posset
1353 1952 133 43 alicui
1445 1952 133 43 videri
1538 1952 199 43 probabilis.
1697 1952 186 43 Ueruntamen
1843 1952 106 43 quia
1896 1952 80 43 auc.

1252 1996 187 50 sanctorum
1395 1996 172 50 videntur
1524 1996 144 50 expsse
1625 1996 144 50 ponere
1726 1996 201 50 relationes
1883 1996 86 50 in
1912 1996 72 50 di-

1249 2040 120 56 uinis.
1333 2040 84 56 non
1381 2040 120 56 tantum
1465 2040 96 56 quod
1525 2040 120 56 aliqui
1609 2040 156 56 conceptus
1729 2040 144 56 relatiui
1837 2040 72 56 de
1861 2040 120 56 personis

1259 2084 142 53 diuinis
1362 2084 219 53 verificantur.
1543 2084 116 53 sicut
1621 2084 142 53 dicimus
1724 2084 103 53 quod
1788 2084 129 53 sortes
1879 2084 103 53 est.
1930 2084 52 53 si

1249 2133 112 47 milis.
1327 2133 67 47 et
1361 2133 90 47 quod
1417 2133 123 47 relatio
1507 2133 79 47 est
1552 2133 101 47 pater
1619 2133 79 47 vel
1664 2133 123 47 filius.
1754 2133 79 47 sed
1799 2133 90 47 quod
1855 2133 79 47 est
1899 2133 79 47 ibi
1933 2133 45 47 ve

1247 2171 91 46 ram
1299 2171 183 46 paternitas
1443 2171 131 46 realis
1534 2171 78 46 et
1573 2171 170 46 filiatio.
1704 2171 78 46 et
1743 2171 104 46 quod
1808 2171 104 46 sunt
1874 2171 91 46 due
1913 2171 65 46 res

1247 2217 202 49 simplices:
1405 2217 144 49 quarum
1506 2217 101 49 vna
1564 2217 101 49 non
1621 2217 101 49 est
1679 2217 130 49 alia.
1765 2217 72 49 â‹
1794 2217 115 49 Ideo
1852 2217 115 49 tenem.

1257 2257 75 58 do
1294 2257 87 58 cum
1344 2257 87 58 eis
1393 2257 100 58 dico
1456 2257 100 58 quod
1518 2257 137 58 persone
1618 2257 124 58 diuine
1705 2257 212 58 distinguuntur
1879 2257 75 58 et
1904 2257 62 58 con

1254 2304 182 57 stituuntur
1397 2304 91 57 per
1449 2304 182 57 relationes
1592 2304 169 57 originis.
1723 2304 78 57 Et
1762 2304 117 57 primo
1840 2304 104 57 pono
1892 2304 78 57 quod

1249 2347 158 57 ponendo
1364 2347 101 57 ibi
1421 2347 129 57 talem
1507 2347 201 57 relationem
1666 2347 101 57 non
1723 2347 173 57 repugnat
1853 2347 115 57 sibi
1910 2347 72 57 com

1253 2391 156 57 stituere
1370 2391 183 57 suppositum
1514 2391 91 57 vel
1566 2391 169 57 personam.
1696 2391 143 57 secundo
1801 2391 104 57 quod
1853 2391 117 57 ponendo

1257 2433 92 49 eam
1309 2433 196 49 constituere
1466 2433 157 49 personam
1584 2433 92 49 non
1636 2433 92 49 est
1688 2433 157 49 ponendum
1793 2433 183 49 proprietatem

1256 2481 177 51 absolutam
1393 2481 204 51 constituere
1556 2481 109 51 eam.
1624 2481 68 51 â‹
1651 2481 136 51 Primum
1747 2481 136 51 patet.
1842 2481 109 51 quia
1897 2481 95 51 nulli

1254 2521 86 60 rei
1303 2521 232 60 incommunicabili
1498 2521 196 60 constituenti
1657 2521 86 60 cum
1706 2521 122 60 aliqua
1792 2521 73 60 re
1828 2521 86 60 per
1877 2521 73 60 se
1902 2521 73 60 vnum

1248 2566 179 49 repugnat
1382 2566 224 49 constituere
1561 2566 134 49 illud
1651 2566 119 49 vnum
1725 2566 90 49 in
1770 2566 119 49 tali
1845 2566 119 49 esse
1904 2566 75 49 qua

1247 2609 80 73 le
1287 2609 121 73 habet
1367 2609 80 73 et
1408 2609 201 73 distinguere
1569 2609 121 73 ipsum
1649 2609 80 73 ab
1689 2609 107 73 omni
1756 2609 107 73 illo
1823 2609 67 73 a
1850 2609 94 73 quo
1891 2609 80 73 ipsa
