2224 3072
264 257 235 58 distinguitur.
458 257 97 58 sed
513 257 193 58 paternitas
665 257 97 58 est
720 257 97 58 vna
775 257 97 58 res
817 257 180 58 incommunica

275 303 97 60 bilis
340 303 65 60 et
373 303 173 60 distinguitur
513 303 130 60 realiter
610 303 54 60 a
632 303 119 60 persona
719 303 97 60 filii
784 303 65 60 et
816 303 130 60 spiritus
902 303 87 60 sancti

267 357 79 51 et
306 357 119 51 facit
386 357 93 51 vel
439 357 172 51 costituit
571 357 93 51 per
624 357 79 51 se
664 357 106 51 vnum
730 357 93 51 cum
783 357 132 51 diuina
863 357 132 51 essentia

261 402 126 47 ergo
340 402 110 47 non
403 402 189 47 repugnat
545 402 126 47 sibi
624 402 237 47 constituere
813 402 142 47 illud
892 402 95 47 vnum

266 440 81 58 in
307 440 108 58 esse
375 440 257 58 incommunicabili
591 440 81 58 et
632 440 203 58 distinguere
794 440 122 58 ipsum
875 440 81 58 ab
902 440 81 58 omni

271 483 99 52 alia
333 483 136 52 persona
432 483 62 52 ⁋
456 483 149 52 Secundum
568 483 124 52 patet.
655 483 99 52 quia
717 483 136 52 frustra
816 483 87 52 fit
865 483 87 52 per
902 483 87 52 plura

259 531 119 57 quod
334 531 149 57 potest
438 531 134 57 fieri
528 531 104 57 per
587 531 194 57 pauciora.
736 531 104 57 nec
796 531 119 57 sunt
856 531 134 57 ponenda

257 578 128 56 plura
342 578 171 56 miracula
470 578 100 56 que
527 578 171 56 videntur
655 578 157 56 rationi
769 578 171 56 naturali
883 578 100 56 repu-

261 623 135 53 gnare
351 623 120 53 sine
426 623 225 53 auctoritate
606 623 195 53 scripture
755 623 105 53 vel
800 623 180 53 sanctorum.

250 661 95 56 sed
305 661 136 56 ponere
400 661 123 56 talem
482 661 218 56 proprietatem
659 661 177 56 absolutam
796 661 150 56 videtur
891 661 82 56 repu

257 706 125 57 gnare
340 706 152 57 rationi
451 706 166 57 naturali
576 706 97 57 nec
631 706 152 57 habetur
742 706 166 57 expresse
866 706 83 57 in
894 706 83 57 scri

249 749 127 59 pturis
338 749 89 59 vel
389 749 127 59 dictis
478 749 178 59 sanctorum.
619 749 102 59 ergo
682 749 102 59 etc.
746 749 64 59 ⁋
771 749 76 59 Ad
809 749 153 59 rationes
911 749 64 59 pro

245 798 135 56 tertia
340 798 176 56 opinione.
475 798 81 56 Ad
516 798 135 56 primam
611 798 108 56 quae
678 798 122 56 inter
760 798 108 56 omns
814 798 162 56 difficili-

250 842 64 57 or
282 842 86 57 est.
336 842 140 57 Respondeo
443 842 86 57 quod
497 842 75 57 non
540 842 75 57 est
583 842 182 57 vniversaliter
733 842 97 57 verum
798 842 86 57 quod
851 842 118 57 aliquid
926 842 54 57 for

242 880 149 53 maliter
351 880 81 53 et
391 880 217 53 denominatiue
568 880 163 53 refertur
690 880 108 53 tali
757 880 190 53 relatione.
906 880 95 53 sed

235 920 90 60 hoc
287 920 128 60 tantum
376 920 116 60 verum
453 920 90 60 est
505 920 128 60 quando
595 920 141 60 praeter
697 920 180 60 relationem
839 920 128 60 potest
916 920 64 60 ali

239 974 109 49 quod
308 974 191 49 referibile
458 974 164 49 inueniri
581 974 191 49 distinctum
731 974 164 49 realiter
854 974 68 49 a
868 974 109 49 termi-

249 1015 91 59 non
301 1015 181 59 relationis
443 1015 78 59 et
482 1015 78 59 ab
521 1015 104 59 ipsa
586 1015 181 59 relatione.
728 1015 129 59 quando
819 1015 117 59 autem
883 1015 91 59 nihil

235 1060 95 55 est
290 1060 108 55 tale
357 1060 108 55 quod
425 1060 216 55 distinguatur
601 1060 162 55 realiter
722 1060 81 55 ab
763 1060 108 55 ipsa
817 1060 149 55 relatione

241 1099 100 54 vel
298 1099 71 54 a
326 1099 171 54 termino.
455 1099 114 54 nisi
526 1099 157 54 relatio
640 1099 100 54 vel
697 1099 214 54 constitutum
868 1099 86 54 ex
897 1099 71 54 re-

243 1137 156 67 latione.
360 1137 104 67 tunc
425 1137 91 67 non
477 1137 91 67 est
529 1137 130 67 verum.
619 1137 104 67 quia
684 1137 104 67 tunc
749 1137 117 67 nihil
814 1137 156 67 denominati

231 1192 76 55 ue
269 1192 152 55 refertur
384 1192 101 55 illa
447 1192 178 55 relatione.
586 1192 76 55 Et
625 1192 89 55 sic
675 1192 89 55 est
726 1192 76 55 in
764 1192 178 55 proposito.
891 1192 76 55 quia

241 1232 163 56 essentia
363 1232 136 56 diuina
458 1232 95 56 nec
513 1232 217 56 distinguitur
689 1232 163 56 realiter
811 1232 68 56 a
824 1232 136 56 relatios

237 1273 85 58 nec
285 1273 60 58 a
309 1273 133 58 termino
406 1273 181 58 relationis.
551 1273 73 58 et
587 1273 97 58 ideo
648 1273 85 58 non
696 1273 145 58 refertur
805 1273 145 58 realiter
902 1273 60 58 nec

230 1323 231 57 denominatiue.
420 1323 203 57 constitutum
583 1323 122 57 tamen
665 1323 81 57 ex
705 1323 176 57 relatione
841 1323 109 57 bene
895 1323 68 57 di-

237 1362 181 63 stinguitur
380 1362 65 63 a
406 1362 156 63 termino.
522 1362 78 63 et
561 1362 117 63 ideo.
639 1362 117 63 ipsum
717 1362 104 63 illa
782 1362 169 63 relatione
898 1362 65 63 re-

229 1401 150 58 fertur.
338 1401 68 58 ⁋
365 1401 82 58 Si
406 1401 150 58 dicatur
515 1401 109 58 omne
583 1401 190 58 relatiuuum
733 1401 95 58 est
787 1401 150 58 aliquid
882 1401 82 58 exce

235 1447 85 64 pta
284 1447 171 64 relatione.
418 1447 61 64 ⁋
442 1447 134 64 Concedo
540 1447 98 64 quod
601 1447 134 64 praeter
698 1447 195 64 paternitatem
856 1447 85 64 est
893 1447 61 64 ibi

236 1502 167 46 essentia.
365 1502 90 46 que
416 1502 116 46 tamen
493 1502 90 46 non
544 1502 141 46 refert.
647 1502 90 46 sed
698 1502 180 46 suppositum
827 1502 128 46 refertur

228 1533 64 63 ⁋
254 1533 76 63 Si
292 1533 140 63 dicatur
394 1533 102 63 quod
457 1533 102 63 omne
521 1533 178 63 compositum
661 1533 76 63 de
699 1533 203 63 neccessitate
851 1533 102 63 praexi

244 1590 87 52 git
293 1590 125 52 partes
381 1590 75 52 et
418 1590 137 52 partium
518 1590 150 52 vnionem.
630 1590 100 52 ergo
692 1590 112 52 prius
767 1590 87 52 est
804 1590 150 52 paternitas

242 1632 102 54 vnita
310 1632 136 54 essentie
412 1632 91 54 quam
469 1632 102 54 pater
537 1632 193 54 constituatur.
696 1632 68 54 et
730 1632 79 54 per
775 1632 159 54 consequens
889 1632 68 54 tunc

231 1667 158 64 essentia
350 1667 106 64 illa
416 1667 172 64 relatione
548 1667 172 64 refertur.
680 1667 66 64 ⁋
706 1667 172 64 Respondeo
838 1667 106 64 quod
891 1667 66 64 hic

232 1709 106 64 non
293 1709 106 64 est
353 1709 167 64 aliquod
475 1709 228 64 compositum.
657 1709 106 64 nec
717 1709 121 64 sunt
793 1709 106 64 hic
839 1709 121 64 alique

228 1757 140 59 partes.
330 1757 76 59 et
368 1757 102 59 ideo
432 1757 178 59 paternitas
572 1757 89 59 non
622 1757 229 59 praesupponitur
813 1757 89 59 nec
851 1757 102 59 pater-

228 1804 115 51 nitas
305 1804 166 51 quacunque
432 1804 179 51 prioritate
573 1804 89 51 est
624 1804 115 51 prior
700 1804 128 51 patre.
789 1804 140 51 quamuis
879 1804 77 51 ipsa

228 1840 158 64 essentia
347 1840 132 64 quadam
439 1840 158 64 poritate
558 1840 211 64 communitatis
730 1840 92 64 vel
769 1840 185 64 consequentie

222 1880 93 61 sit
275 1880 120 61 prior
355 1880 120 61 patre
435 1880 120 61 sicut
515 1880 133 61 dictum
608 1880 107 61 est.
675 1880 67 61 ⁋
701 1880 80 61 Ad
728 1880 213 61 confirmationem

230 1929 111 55 dico
299 1929 111 55 quod
369 1929 125 55 illud
452 1929 111 55 quod
521 1929 166 55 refertur
645 1929 235 55 denominatiue.
839 1929 97 55 hoc
881 1929 69 55 est

226 1974 117 55 quod
299 1974 175 55 refertur
431 1974 102 55 per
489 1974 204 55 relationem
649 1974 102 55 que
708 1974 102 55 sit
766 1974 131 55 extra
839 1974 102 55 intel

213 2020 135 57 lectum
307 2020 135 57 relati
401 2020 121 57 prius
482 2020 94 57 est
536 2020 81 57 ad
577 2020 81 57 se
617 2020 108 57 quam
685 2020 189 57 referatur.
833 2020 94 57 sed
874 2020 67 57 sic

218 2064 96 57 non
273 2064 96 57 est
328 2064 82 57 in
369 2064 192 57 proposito.
521 2064 110 57 quia
589 2064 192 57 paternitas
741 2064 96 57 non
796 2064 96 57 est
837 2064 96 57 extra

226 2104 216 60 intellectu
395 2104 154 60 patris
504 2104 108 60 qui
565 2104 201 60 refertur.
720 2104 77 60 ⁋
751 2104 93 60 Ad
797 2104 139 60 aliud
874 2104 62 60 di

218 2146 86 64 co
261 2146 114 64 quod
332 2146 129 64 omnis
418 2146 157 64 relatio
532 2146 143 64 realis
633 2146 186 64 preexigit
761 2146 172 64 distinctie

210 2193 110 60 nem
273 2193 157 60 realem
383 2193 235 60 extremorum.
571 2193 110 60 vel
634 2193 220 60 constituit
791 2193 141 60 extrema

220 2234 174 59 realiter
350 2234 203 59 distincta.
509 2234 101 59 vel
567 2234 174 59 extremum
697 2234 174 59 realiter
813 2234 116 59 distin

213 2281 141 60 ctum.
307 2281 94 60 et
355 2281 126 60 ideo
433 2281 220 60 paternitas
606 2281 110 60 non
668 2281 204 60 preexigit
809 2281 126 60 distin

206 2322 174 63 ctionem
332 2322 237 63 extremorum.
522 2322 110 63 sed
585 2322 221 63 constituit
758 2322 126 63 vnum
822 2322 110 63 extre

213 2367 104 61 mum
273 2367 208 61 distinctum
436 2367 89 61 ab
480 2367 134 61 alio.
570 2367 74 61 ⁋
599 2367 89 61 Ad
644 2367 134 61 aliud
733 2367 119 61 dico
807 2367 119 61 quod
867 2367 59 61 no

215 2414 145 58 omnis
312 2414 178 58 relatio
441 2414 145 58 primo
538 2414 226 58 terminatur
716 2414 97 58 ad
748 2414 178 58 absolutum

205 2451 160 67 quamuis
322 2451 87 67 in
366 2451 175 67 creatura
496 2451 102 67 sit
555 2451 102 67 hoc
613 2451 146 67 verum.
715 2451 87 67 si
758 2451 87 67 in
787 2451 146 67 creatura

204 2503 110 61 sit
267 2503 157 61 aliqua
377 2503 173 61 relatio
502 2503 188 61 ponenda.
644 2503 78 61 ⁋
675 2503 157 61 Contra
769 2503 157 61 predicta

198 2546 156 60 posset
308 2546 141 60 argui
402 2546 109 60 que
464 2546 141 60 tamen
558 2546 234 60 pertranseo.
745 2546 125 60 quia
808 2546 125 60 soluum

201 2593 113 48 tur
265 2593 97 48 ab
314 2593 145 48 alio.
410 2593 113 48 Sed
475 2593 129 48 alia
555 2593 209 48 argumenta
717 2593 145 48 minus
797 2593 129 48 valent

186 2640 77 64 ⁋
216 2640 123 64 Ideo
294 2640 93 64 ad
340 2640 154 64 primum
448 2640 170 64 illorum
571 2640 123 64 quod
648 2640 201 64 originans
803 2640 108 64 non
849 2640 77 64 est

1080 270 206 68 aliqualiter
1245 270 123 68 prius
1327 270 192 68 originato.
1478 270 110 68 nisi
1546 270 110 68 quia
1615 270 82 68 ab
1642 270 151 68 originant

1082 323 97 54 est
1138 323 208 54 originatum.
1304 323 111 54 Ideo
1373 323 194 54 conceditur
1526 323 111 54 quod
1595 323 83 54 in
1637 323 97 54 deo
1692 323 97 54 non
1734 323 69 54 est

1081 367 124 57 aliud
1164 367 138 57 patrem
1260 367 179 57 originare
1398 367 138 57 filium
1494 367 110 57 quam
1563 367 138 57 patrem
1660 367 138 57 habere
1742 367 69 57 fi-

1077 395 93 74 lium
1135 395 93 74 sibi
1193 395 197 74 correlatiuum.
1355 395 69 74 et
1390 395 93 74 ideo
1448 395 104 74 pater
1517 395 81 74 est
1563 395 69 74 ex
1598 395 81 74 se.
1644 395 69 74 eo
1679 395 93 74 quod
1725 395 81 74 pater

1084 443 107 63 habet
1155 443 130 63 filium.
1250 443 83 63 sed
1297 443 107 63 sicut
1368 443 83 63 non
1416 443 83 63 est
1463 443 107 63 pater
1534 443 95 63 sine
1594 443 142 63 origine.
1700 443 83 63 ita
1736 443 59 63 non

1074 489 114 59 habet
1150 489 127 59 filium
1239 489 101 59 sine
1302 489 152 59 origine.
1416 489 76 59 Et
1454 489 127 59 quando
1543 489 114 59 dicit
1619 489 101 59 quod
1682 489 76 59 in
1707 489 89 59 nullo

1069 538 165 63 instanti
1193 538 96 63 nec
1248 538 138 63 nature
1345 538 96 63 nec
1400 538 165 63 originis
1524 538 138 63 potest
1620 538 179 63 intelligi
1744 538 55 63 pa

1075 585 87 56 ter
1124 585 100 56 sine
1187 585 124 56 filio.
1274 585 62 56 ⁋
1298 585 112 56 Patet
1373 585 87 56 per
1423 585 162 56 praedicta
1547 585 112 56 alias
1622 585 100 56 quod
1684 585 87 56 non
1721 585 75 56 sunt

1074 627 121 56 talia
1154 627 175 56 instantia
1289 627 135 56 nature
1384 627 94 56 vel
1438 627 175 56 originis.
1573 627 94 56 sed
1627 627 94 56 vel
1681 627 94 56 est
1721 627 81 56 fal-

1069 668 103 59 sus
1128 668 132 59 modus
1216 668 176 59 loquendi
1348 668 103 59 vel
1406 668 205 59 improprius
1568 668 88 59 et
1612 668 103 59 non
1655 668 147 59 intelli-

1076 718 151 58 gibilis
1186 718 96 58 vel
1241 718 205 58 simpliciter
1405 718 178 58 abusiuus.
1542 718 164 58 abducens
1651 718 151 58 simplices

1064 759 76 59 in
1102 759 152 59 errores.
1216 759 76 59 Et
1254 759 101 59 ideo
1317 759 139 59 concedo
1418 759 101 59 quod
1481 759 114 59 pater
1557 759 126 59 eoipso
1645 759 101 59 quod
1696 759 101 59 origi-

1070 805 103 53 nans
1135 805 90 53 vel
1186 805 168 53 producens
1315 805 129 53 filium
1405 805 90 53 est
1457 805 116 53 prior
1534 805 142 53 origine
1637 805 129 53 filio.
1715 805 77 53 quia

1058 845 91 64 hoc
1110 845 91 64 non
1162 845 91 64 est
1213 845 117 64 aliud
1291 845 104 64 quam
1356 845 129 64 dicere
1446 845 104 64 quod
1511 845 65 64 a
1537 845 117 64 patre
1615 845 91 64 est
1667 845 129 64 filius
1744 845 52 64 et

1065 886 110 66 tamen
1138 886 73 66 in
1175 886 158 66 quocumque
1296 886 146 66 instanti
1406 886 85 66 est
1455 886 110 66 pater
1528 886 73 66 in
1565 886 110 66 eodem
1638 886 85 66 est
1674 886 110 66 filius.

1060 932 60 54 ⁋
1084 932 72 54 Et
1120 932 72 54 si
1155 932 119 54 dicas.
1239 932 72 54 si
1275 932 107 54 pater
1346 932 83 54 est
1394 932 107 54 prior
1465 932 119 54 filio.
1549 932 95 54 ergo
1608 932 72 54 in
1644 932 95 54 illo
1692 932 95 54 priori

1057 981 86 64 non
1106 981 86 64 est
1155 981 123 64 filius
1241 981 74 64 in
1278 981 86 64 quo
1327 981 110 64 tamen
1400 981 86 64 est
1450 981 123 64 pater.
1535 981 160 64 Respondeo
1658 981 98 64 quod
1707 981 74 64 magi

1049 1026 113 47 debet
1125 1026 100 47 dici
1188 1026 163 47 ecouerso.
1313 1026 100 47 quia
1376 1026 126 47 eoipso
1464 1026 100 47 quod
1526 1026 113 47 pater
1602 1026 88 47 est
1652 1026 113 47 prior
1715 1026 75 47 ori-

1053 1068 99 60 gine
1114 1068 124 60 filio.
1201 1068 124 60 filius
1288 1068 87 60 est
1337 1068 74 60 in
1374 1068 99 60 illo
1436 1068 136 60 priori.
1535 1068 74 60 et
1572 1068 111 60 pater
1646 1068 87 60 non
1695 1068 87 60 est
1733 1068 49 60 in

1056 1112 93 52 illo
1114 1112 127 52 priori.
1207 1112 93 52 quia
1265 1112 104 52 illud
1335 1112 104 52 prius
1404 1112 81 52 non
1450 1112 81 52 est
1497 1112 93 52 nisi
1555 1112 116 52 pater.
1636 1112 70 52 et
1671 1112 104 52 certe
1729 1112 46 52 ma

1061 1151 75 67 gis
1104 1151 151 67 conceditur
1223 1151 86 67 quod
1277 1151 108 67 filius
1352 1151 75 67 est
1396 1151 65 67 in
1428 1151 86 67 illo
1482 1151 97 67 patre
1547 1151 151 67 originante
1665 1151 86 67 quam
1708 1151 65 67 quod

1056 1202 117 61 pater
1134 1202 91 61 est
1186 1202 78 61 in
1225 1202 104 61 illo
1291 1202 117 61 patre
1369 1202 196 61 originante⁋
1525 1202 78 61 Ad
1564 1202 117 61 aliud
1643 1202 104 61 dico
1695 1202 78 61 quod

1052 1247 83 53 in
1094 1247 180 53 proposito
1232 1247 153 53 proprie
1343 1247 166 53 loquendo
1468 1247 153 53 relatio
1579 1247 97 53 non
1621 1247 166 53 originatur

1056 1284 89 52 sed
1107 1284 140 52 persona
1209 1284 178 52 constituta
1348 1284 89 52 per
1399 1284 178 52 relationem
1539 1284 190 52 originatur.
1678 1284 102 52 Uerun-

1058 1330 102 59 tamen
1126 1330 159 59 propositio
1250 1330 125 59 accepta
1341 1330 91 59 quod
1398 1330 125 59 relatio
1489 1330 79 59 non
1534 1330 170 59 originatur.
1670 1330 91 59 nisi
1715 1330 57 59 ali

1050 1374 109 58 quo
1113 1374 187 58 absoluto
1253 1374 140 58 prius
1346 1374 202 58 originato
1502 1374 109 58 vel
1564 1374 93 58 in
1611 1374 156 58 relato
1704 1374 78 58 vel

1041 1416 76 51 in
1079 1416 139 51 termino
1180 1416 88 51 non
1230 1416 88 51 est
1281 1416 113 51 vera.
1356 1416 151 51 secundum
1470 1416 164 51 principia
1596 1416 126 51 istius
1671 1416 101 51 docto-

1040 1467 93 56 ris.
1099 1467 93 56 quia
1157 1467 116 56 potest
1238 1467 116 56 aliqua
1319 1467 128 56 relatio
1413 1467 128 56 acquiri
1506 1467 93 56 sine
1564 1467 93 56 noua
1610 1467 163 56 acquisitione

1052 1503 138 62 alicuius
1155 1503 149 62 absoluti.
1270 1503 57 62 ⁋
1293 1503 69 62 Ad
1327 1503 184 62 philosophum.
1476 1503 69 62 v.
1511 1503 92 62 phi.
1568 1503 92 62 dico
1625 1503 92 62 quod
1671 1503 92 62 loqui-

1040 1549 100 62 tur
1097 1549 86 62 de
1140 1549 186 62 relatione
1283 1549 100 62 que
1340 1549 100 62 est
1397 1549 200 62 distinctum
1540 1549 229 62 praedicamentum

1036 1590 72 51 ab
1072 1590 132 51 omnibus
1168 1590 120 51 aliis.
1251 1590 96 51 quia
1311 1590 72 51 de
1347 1590 96 51 illa
1407 1590 84 51 est
1455 1590 108 51 verum
1527 1590 96 51 quod
1587 1590 96 51 ipsa
1646 1590 84 51 non
1682 1590 84 51 potes

1041 1635 78 57 de
1080 1635 104 57 nouo
1145 1635 131 57 alicui
1237 1635 170 57 competere
1367 1635 91 57 per
1420 1635 235 57 praedicationem
1615 1635 104 57 nisi
1681 1635 91 57 per
1720 1635 52 57 ac

1037 1683 209 55 quisitionem
1204 1683 167 55 alicuius
1329 1683 181 55 absoluti.
1468 1683 70 55 ⁋
1496 1683 83 55 Ad
1538 1683 125 55 aliud
1621 1683 111 55 dico
1677 1683 83 55 quod

1035 1724 108 51 ista
1102 1724 175 51 productio
1237 1724 94 51 est
1291 1724 189 51 generatio.
1439 1724 94 51 non
1493 1724 162 51 obstante
1615 1724 108 51 quod
1669 1724 94 51 geni-

1040 1771 79 51 tum
1085 1771 182 51 constituatur
1233 1771 79 51 per
1278 1771 159 51 relationem
1403 1771 125 51 propter
1494 1771 170 51 identitatem
1630 1771 113 51 illius
1698 1771 68 51 rela

1038 1809 133 64 tionis
1131 1809 93 64 cum
1184 1809 173 64 essentia.
1318 1809 67 64 ⁋
1344 1809 80 64 Ad
1384 1809 120 64 aliud
1465 1809 120 64 patet
1545 1809 107 64 quod
1611 1809 93 64 ita
1651 1809 107 64 natura

1043 1850 99 64 liter
1109 1850 154 64 producitur
1230 1850 132 64 spiritus
1329 1850 121 64 sanctus
1417 1850 99 64 sicut
1483 1850 121 64 filius.
1571 1850 99 64 quare
1637 1850 99 64 tamen
1692 1850 66 64 ali-

1045 1895 82 66 quo
1092 1895 94 66 modo
1151 1895 165 66 conceditur
1281 1895 94 66 quod
1340 1895 118 66 filius
1422 1895 165 66 producitur
1552 1895 94 66 modo
1599 1895 153 66 intellectus

1032 1946 78 50 et
1071 1946 155 50 spiritus
1187 1946 117 50 sncus
1265 1946 104 50 modo
1330 1946 181 50 voluntatis
1472 1946 129 50 dictum
1563 1946 104 50 est.
1628 1946 65 50 ⁋
1654 1946 78 50 Ad
1692 1946 117 50 aliud

1026 1986 107 58 dico
1092 1986 107 58 quod
1159 1986 93 58 hec
1213 1986 93 58 est
1266 1986 107 58 fia.
1333 1986 187 58 suppositum
1480 1986 134 58 aliquo
1573 1986 107 58 modo
1626 1986 134 58 praesup-

1037 2033 124 47 ponitur
1127 2033 79 47 sue
1172 2033 136 47 actioni.
1274 2033 68 47 Et
1308 2033 113 47 quando
1387 2033 124 47 dicitur
1477 2033 90 47 quod
1534 2033 102 47 prius
1590 2033 170 47 intelligitur.

1033 2079 123 57 aliquid
1123 2079 79 57 per
1167 2079 67 57 se
1201 2079 90 57 esse
1257 2079 90 57 quam
1313 2079 101 57 agat.
1381 2079 90 57 Dico
1437 2079 90 57 quod
1493 2079 79 57 hoc
1538 2079 79 57 est
1583 2079 135 57 secultum
1672 2079 90 57 quando

1032 2114 177 64 suppositum
1171 2114 202 64 constituitur
1336 2114 101 64 ipsa
1399 2114 139 64 actione
1500 2114 114 64 sicut
1576 2114 89 64 est
1627 2114 76 64 in
1652 2114 101 64 propo-

1021 2158 125 64 sito.
1105 2158 70 64 ⁋
1132 2158 84 64 Ad
1174 2158 251 64 confirmationem
1383 2158 111 64 dico
1453 2158 111 64 quod
1522 2158 97 64 hec
1578 2158 97 64 est
1634 2158 111 64 fla.
1689 2158 70 64 qua

1031 2211 129 46 cumque
1122 2211 181 46 prioritate
1264 2211 233 46 printelligitur
1458 2211 129 46 alicui
1548 2211 103 46 vnum
1600 2211 155 46 correlati-

1028 2245 122 58 uorum:
1113 2245 109 58 eadem
1186 2245 170 58 prioritate
1320 2245 231 58 praintelligitur
1514 2245 134 58 alterum
1611 2245 122 58 eidem.
1684 2245 61 58 sed

1028 2289 97 62 hoc
1084 2289 97 62 est
1139 2289 125 62 verum
1222 2289 83 62 de
1264 2289 194 62 prioritate
1416 2289 194 62 durationis
1569 2289 83 62 et
1610 2289 139 62 nature
1694 2289 55 62 et

1025 2333 226 62 intellectus.
1209 2333 85 62 de
1251 2333 198 62 prioritate
1407 2333 170 62 originis
1534 2333 99 62 non
1590 2333 99 62 est
1633 2333 113 62 verum.

1016 2375 69 72 ⁋
1044 2375 83 72 Ad
1085 2375 124 72 aliud
1168 2375 110 72 dico
1237 2375 110 72 quod
1306 2375 138 72 semper
1402 2375 124 72 forma
1485 2375 96 72 est
1540 2375 124 72 prior
1622 2375 152 72 composi
1719 2375 55 72 er

1017 2431 93 52 to.
1070 2431 107 52 quia
1137 2431 93 52 non
1190 2431 93 52 est
1244 2431 214 52 contradictio
1417 2431 134 52 formam
1511 2431 107 52 esse
1577 2431 107 52 sine
1631 2431 120 52 composi

1011 2468 91 61 to.
1063 2468 142 61 quamuis
1166 2468 91 61 sit
1218 2468 207 61 contradictio
1386 2468 181 61 compositum
1528 2468 103 61 esse
1593 2468 103 61 sine
1645 2468 103 61 forma.

1015 2509 96 57 sed
1070 2509 193 57 paternitas
1222 2509 96 57 non
1277 2509 96 57 est
1332 2509 124 57 forma
1415 2509 138 57 patris
1511 2509 96 57 vel
1566 2509 124 57 prime
1635 2509 110 57 perso-

1013 2559 77 55 ne
1052 2559 142 55 tanquam
1155 2559 116 55 vnius
1232 2559 180 55 compositi.
1374 2559 103 55 ideo
1438 2559 90 55 non
1490 2559 90 55 est
1541 2559 116 55 prior
1618 2559 103 55 tali
1670 2559 77 55 pori

1018 2595 109 64 tate
1087 2595 109 64 illa
1155 2595 164 64 persona.
1278 2595 123 64 Etiam
1360 2595 109 64 dato
1428 2595 109 64 quod
1496 2595 137 64 aliqua
1578 2595 164 64 prioritate

1019 2647 193 58 paternitas
1171 2647 124 58 esset
1253 2647 124 58 prior
1336 2647 124 58 prima
1418 2647 151 58 persona
1528 2647 96 58 non
1583 2647 151 58 propter
1679 2647 69 58 hoc
