2247 3055
384 251 107 78 sunt
451 251 80 78 ad
491 251 174 78 oppositum
625 251 134 78 magis.
719 251 94 78 Nam
772 251 134 78 quando
866 251 147 78 aliquid
974 251 94 78 est
1014 251 107 78 intrin

391 309 120 66 secum
471 309 134 66 alicui
565 309 80 66 et
605 309 161 66 proprium
725 309 120 66 sibi.
805 309 94 66 per
859 309 120 66 illud
926 309 187 66 distinguitur

390 354 79 65 ab
429 354 118 65 alio.
508 354 92 65 sed
561 354 118 65 origo
639 354 92 65 est
692 354 118 65 patri
771 354 197 65 intrinseca.
928 354 131 65 igitur
1007 354 105 65 genera

390 403 85 55 tio
438 403 109 55 actio
511 403 85 55 est
560 403 170 55 intrinseca
694 403 122 55 patri.
779 403 73 55 et
815 403 85 55 est
864 403 134 55 propria
961 403 122 55 patri.
1034 403 73 55 qui-

402 453 121 51 nulli
482 453 108 51 alii
549 453 148 51 couenit
657 453 108 51 nisi
724 453 134 51 patri.
818 453 108 51 ergo
885 453 94 51 per
926 453 188 51 generationem

395 499 163 49 actione
514 499 237 49 distinguitur
706 499 133 49 pater
795 499 89 49 ab
840 499 119 49 omni
914 499 119 49 alia
973 499 148 49 persona.

388 530 65 63 ⁋
414 530 104 63 Quod
479 530 117 63 autem
557 530 169 63 generatio
687 530 117 63 actio
765 530 91 63 sit
817 530 182 63 intrinseca
960 530 117 63 patri
1025 530 91 63 osten

391 575 111 62 do.
455 575 127 62 quia
534 575 206 62 generatio
692 575 143 62 actio
787 575 143 62 nullo
882 575 127 62 modo
962 575 95 62 ex
993 575 127 62 natura

400 618 95 61 rei
454 618 216 61 distinguitur
629 618 68 61 a
656 618 203 61 patrnitate.
818 618 95 61 sed
872 618 68 61 a
899 618 122 61 parte
980 618 95 61 rei
1021 618 95 61 pater

388 665 133 63 nitas
477 665 103 63 est
536 665 207 63 intrinseca
698 665 148 63 patri.
801 665 118 63 ergo
875 665 74 63 a
905 665 133 63 parte
993 665 103 63 rei
1037 665 89 63 gene

407 712 118 52 ratio
486 712 118 52 actio
564 712 92 52 est
617 712 184 52 intrinseca
761 712 131 52 patri.
853 712 170 52 Similiter
971 712 144 52 generatio

403 745 121 65 actio
483 745 121 65 nullo
564 745 107 65 modo
631 745 94 65 est
684 745 174 65 posterior
818 745 134 65 patre.
912 745 94 65 sed
966 745 121 65 sicut
1033 745 94 65 pater

405 798 110 59 nitas
478 798 86 59 est
527 798 171 59 intrinseca
662 798 122 59 patri.
747 798 159 59 similiter
869 798 159 59 generatio
992 798 110 59 actio
1053 798 61 59 est

394 840 206 69 intrinseca
556 840 147 69 patri.
659 840 88 69 Ad
703 840 132 69 illud
791 840 147 69 dicunt
894 840 103 69 vbi
953 840 132 69 supra
1027 840 88 69 quod

410 884 115 58 origo
487 884 128 58 actiue
576 884 192 58 significata
730 884 89 58 que
781 884 115 58 prior
858 884 89 58 est
909 884 153 58 secundum
1011 884 115 58 intelle

409 926 110 59 ctum
478 926 110 59 quam
547 926 152 59 relatio
657 926 152 59 persone
768 926 207 59 originantis
933 926 138 59 potest
1016 926 110 59 consi-

401 970 126 63 derari
490 970 76 63 vt
528 970 151 63 relatio.
641 970 76 63 et
679 970 88 63 sic
729 970 88 63 est
780 970 164 63 posterior
906 970 88 63 vel
956 970 76 63 vt
982 970 151 63 proprietas

399 1012 210 71 constitutiua
570 1012 79 71 et
609 1012 92 71 sic
661 1012 92 71 est
714 1012 131 71 prior.
806 1012 66 71 ⁋
832 1012 131 71 Contra
924 1012 131 71 istud.
1016 1012 92 71 Aut
1055 1012 66 71 est

406 1057 148 59 aliqua
510 1057 208 59 distinctio
673 1057 74 59 a
703 1057 134 59 parte
792 1057 104 59 rei
851 1057 134 59 inter
925 1057 208 59 proprietatem

401 1100 124 62 illam
484 1100 96 62 que
539 1100 96 62 est
594 1100 124 62 prior
676 1100 206 62 generatione
841 1100 82 62 et
882 1100 96 62 que
937 1100 179 62 posterior
1060 1100 69 62 est

401 1142 99 60 aut
457 1142 141 60 nulla.
556 1142 85 60 Si
599 1142 155 60 aliqua.
711 1142 85 60 et
754 1142 113 60 illa
824 1142 99 60 que
881 1142 99 60 est
937 1142 184 60 posterior
1064 1142 71 60 est

403 1187 151 68 praecise
517 1187 151 68 relatio.
630 1187 101 68 ergo
693 1187 138 68 persone
793 1187 88 68 non
843 1187 214 68 distinguuntur
1019 1187 88 68 per
1057 1187 63 68 pro

402 1231 181 73 prietates
541 1231 195 73 relatiuas.
695 1231 98 73 sed
751 1231 98 73 per
806 1231 223 73 proprietates
974 1231 153 73 absolutas

409 1276 85 58 Si
451 1276 127 58 nullo
536 1276 113 58 modo
607 1276 254 58 distinguuntur.
818 1276 113 58 ergo
889 1276 99 58 non
945 1276 113 58 plus
1016 1276 99 58 est
1058 1276 71 58 po-

398 1321 144 60 sterior
503 1321 78 60 vt
542 1321 157 60 relatio.
659 1321 105 60 quam
725 1321 78 60 vt
764 1321 92 60 est
816 1321 183 60 proprietas
947 1321 183 60 constitutiua

397 1367 82 63 ⁋
429 1367 197 63 Preterea
577 1367 148 63 illud
676 1367 132 63 quod
758 1367 148 63 nullo
857 1367 132 63 modo
923 1367 197 63 distingui-

401 1416 84 52 ab
443 1416 112 52 alio
513 1416 70 52 a
542 1416 127 52 parte
626 1416 98 52 rei
682 1416 98 52 non
738 1416 98 52 est
795 1416 127 52 prius
879 1416 98 52 eo.
935 1416 98 52 sed
977 1416 155 52 generatio

400 1459 126 56 actio
484 1459 70 56 a
512 1459 126 56 parte
595 1459 98 56 rei
651 1459 126 56 nullo
735 1459 112 56 modo
805 1459 223 56 distinguitur
986 1459 70 56 a
1000 1459 126 56 paterni

404 1502 127 56 tate.
488 1502 113 56 ergo
559 1502 99 56 nec
615 1502 99 56 est
671 1502 127 56 prior
756 1502 99 56 nec
812 1502 183 56 posterior
939 1502 197 56 paternitate.

410 1542 51 59 ⁋
430 1542 61 59 Si
461 1542 113 59 dicatur
543 1542 82 59 quod
594 1542 72 59 est
635 1542 92 59 prior
697 1542 72 59 non
738 1542 123 59 secundum
830 1542 72 59 rem
871 1542 72 59 sed
912 1542 123 59 secundum
994 1542 133 59 intellectum

406 1583 63 68 ⁋
432 1583 126 68 Contra
520 1583 126 68 quero.
608 1583 101 68 quid
672 1583 88 68 est
722 1583 101 68 esse
785 1583 114 68 prius
861 1583 152 68 secundum
962 1583 164 68 intellectum

404 1628 98 56 aut
460 1628 112 56 quod
530 1628 209 56 intellectus
697 1628 195 56 intelligat
851 1628 126 56 illud
935 1628 112 56 esse
1004 1628 126 56 prius
1074 1628 56 56 ei

419 1670 116 59 illud
496 1670 103 59 esse
561 1670 180 59 posterius.
703 1670 90 59 aut
754 1670 103 59 quod
819 1670 193 59 intellectus
973 1670 116 59 prius
1038 1670 103 59 intel-

407 1712 124 58 ligat
490 1712 110 58 vnum
559 1712 110 58 quam
628 1712 179 58 reliquum.
766 1712 83 58 Si
807 1712 138 58 primum
904 1712 124 58 detur
973 1712 165 58 necessario

412 1757 107 71 erit
479 1757 201 71 intellectus
640 1757 148 71 falsus.
747 1757 107 71 quia
814 1757 201 71 intellectus
962 1757 174 71 intelligens

411 1801 119 68 aliter
494 1801 95 68 quam
554 1801 83 68 est
601 1801 71 68 in
637 1801 71 68 re
673 1801 119 68 falsus
756 1801 95 68 est.
815 1801 107 68 sicut
886 1801 178 68 intellectus
1017 1801 119 68 intelli-

412 1841 104 75 gens
477 1841 143 75 hominem
581 1841 104 75 esse
647 1841 143 75 asinum.
751 1841 104 75 quia
816 1841 78 75 in
855 1841 78 75 re
894 1841 104 75 homo
960 1841 91 75 non
1012 1841 91 75 est
1051 1841 78 75 asin

413 1887 99 56 ergo
475 1887 74 56 si
512 1887 74 56 in
549 1887 74 56 re
586 1887 161 56 generatio
710 1887 87 56 que
760 1887 87 56 est
810 1887 149 56 realiter
921 1887 74 56 in
958 1887 112 56 patre
1033 1887 87 56 non
1070 1887 62 56 est

420 1929 123 69 prior
502 1929 205 69 paternitate
667 1929 96 69 nec
721 1929 178 69 ecouerso.
858 1929 205 69 intellectus
1009 1929 123 69 intelli

412 1977 126 62 gens
491 1977 252 62 generationem
696 1977 221 62 praecedere
870 1977 252 62 paternitatem
1059 1977 79 62 vel

419 2015 153 62 econuerso
537 2015 82 62 est
584 2015 176 62 simpliciter
725 2015 129 62 falsus.
819 2015 71 62 et
854 2015 82 62 ita
901 2015 141 62 secundum
995 2015 153 62 intellectum

417 2064 144 58 falsum
517 2064 144 58 qualem
618 2064 115 58 ille
690 2064 144 58 habuit
791 2064 86 58 in
834 2064 115 58 isto
906 2064 86 58 et
949 2064 86 58 in
992 2064 144 58 multis
1078 2064 58 58 po

418 2115 99 52 test
479 2115 136 52 concedi
578 2115 99 52 quod
640 2115 148 52 secundum
751 2115 185 52 intellectum
899 2115 160 52 generatio
1023 2115 86 52 est
1060 2115 86 52 prior

423 2146 178 69 paternitate.
567 2146 67 69 et
601 2146 78 69 ita
645 2146 111 69 potest
723 2146 122 69 concedi
812 2146 133 69 secundum
912 2146 167 69 intellectum
1045 2146 89 69 quod
1089 2146 56 69 ho-

428 2194 76 55 mo
466 2194 88 55 est
517 2194 101 55 vnus
580 2194 139 55 asinus.
681 2194 101 55 quia
744 2194 152 55 secundum
858 2194 189 55 intellectum
1009 2194 126 55 falsum
1085 2194 63 55 hoc

425 2240 183 56 opinantem.
569 2240 79 56 Si
608 2240 118 56 detur
687 2240 157 56 secundum
805 2240 92 56 hoc
857 2240 92 56 est
909 2240 209 56 impossibile.
1066 2240 79 56 quia

427 2285 90 57 ex
472 2285 105 57 quo
532 2285 136 57 nullo
623 2285 121 57 modo
698 2285 75 57 a
728 2285 136 57 parte
819 2285 105 57 rei
879 2285 196 57 generatio
1014 2285 136 57 distin-

420 2331 140 62 guitur
518 2331 70 62 a
546 2331 210 62 paternitate
714 2331 210 62 impossibile
881 2331 98 62 est
937 2331 112 62 vnum
993 2331 154 62 intelligi

416 2369 101 67 alio
479 2369 88 67 non
530 2369 189 67 intellecto.
681 2369 138 67 quamuis
781 2369 88 67 hec
832 2369 176 67 propositio
970 2369 164 67 generatio
1083 2369 63 67 est

413 2419 77 53 in
452 2419 116 53 patre
529 2419 129 53 possit
619 2419 180 53 intelligi.
761 2419 103 53 ista
825 2419 206 53 propositione
980 2419 154 53 paternitas

413 2456 103 64 est
472 2456 88 64 in
516 2456 132 64 patre
604 2456 103 64 non
663 2456 220 64 intellecta.
839 2456 73 64 ⁋
868 2456 176 64 Preterea
1000 2456 132 64 ratio
1074 2456 73 64 sua

422 2497 83 63 est
470 2497 119 63 contra
553 2497 143 63 seipsum.
660 2497 95 63 quia
720 2497 107 63 alibi
791 2497 107 63 dicit
862 2497 95 63 quod
922 2497 167 63 accidentia
1041 2497 107 63 distin-

423 2546 154 70 guantur
535 2546 126 70 penes
619 2546 98 70 sua
675 2546 182 70 subiecta.
816 2546 84 70 et
858 2546 126 70 tamen
942 2546 168 70 subiecta
1054 2546 84 70 sunt

423 2585 181 70 extrinseca
565 2585 116 70 ipsis
643 2585 220 70 accidentibus.
824 2585 65 70 ⁋
850 2585 155 70 Preterea
966 2585 142 70 secunda
1057 2585 90 70 ratio

419 2639 90 62 non
471 2639 129 62 valet.
561 2639 90 62 nam
612 2639 116 62 origo
690 2639 103 62 quae
754 2639 103 62 deus
819 2639 90 62 est
870 2639 90 62 non
922 2639 90 62 est
974 2639 193 62 progrediens
1115 2639 39 62 a

1204 256 143 74 persona
1308 256 117 74 quasi
1386 256 169 74 posterior
1515 256 143 74 persona
1619 256 78 74 et
1658 256 91 74 eam
1710 256 181 74 supponens.
1839 256 91 74 termo

1210 300 115 73 ipam
1282 300 216 73 constituit.
1455 300 130 73 Eodem
1541 300 115 73 modo
1613 300 187 73 natiuitas
1757 300 101 73 non
1815 300 101 73 est
1858 300 72 73 via

1218 346 73 72 ad
1254 346 145 72 personam
1363 346 109 72 quasi
1436 346 109 72 prior
1508 346 85 72 ea.
1557 346 85 72 sed
1605 346 85 72 est
1654 346 97 72 ipsa
1714 346 133 72 relatio
1811 346 97 72 omni
1859 346 73 72 modo

1218 398 60 63 a
1242 398 108 63 parte
1314 398 84 63 rei
1362 398 168 63 costituens
1494 398 156 63 personam.
1613 398 60 63 ⁋
1637 398 72 63 Ex
1673 398 168 63 praedictis
1805 398 108 63 patet
1865 398 72 63 esse

1209 433 174 63 manifeste
1342 433 134 63 falsum
1436 433 107 63 quod
1503 433 107 63 iste
1569 433 187 63 frequenter
1716 433 134 63 dicit.
1810 433 107 63 quod
1863 433 67 63 duo

1220 476 92 61 sunt
1278 476 69 61 in
1313 476 81 61 deo
1359 476 138 61 scilicet
1463 476 104 61 origo
1532 476 69 61 et
1567 476 138 61 relatio.
1671 476 92 61 quae
1728 476 104 61 licet
1798 476 69 61 in
1832 476 81 61 deo
1867 476 69 61 sint

1219 523 92 69 idem
1276 523 137 69 secundum
1379 523 92 69 rem:
1436 523 149 69 differunt
1551 523 103 69 tamen
1619 523 126 69 ratione
1711 523 69 69 et
1745 523 69 69 in
1780 523 92 69 modo
1825 523 115 69 signifi-

1212 566 120 70 candi.
1296 566 96 70 quia
1356 566 96 70 illa
1416 566 132 70 relatio
1512 566 96 70 quae
1572 566 84 70 est
1620 566 108 70 eadem
1692 566 144 70 realiter
1800 566 84 70 cum
1836 566 96 70 origi-

1214 611 91 68 ne.
1266 611 117 68 nullo
1344 611 104 68 modo
1410 611 144 68 differt
1514 611 78 68 in
1553 611 104 68 modo
1619 611 209 68 significandi
1788 611 91 68 nec
1828 611 117 68 ratione

1216 656 75 66 ab
1253 656 137 66 origine
1353 656 100 66 illa
1415 656 87 66 cum
1465 656 87 66 qua
1515 656 87 66 est
1565 656 112 66 eadem
1640 656 162 66 realiter.
1765 656 100 66 quia
1828 656 100 66 illa
1878 656 62 66 que

1216 696 167 73 differunt
1344 696 154 73 secundum
1460 696 115 73 modum
1537 696 205 73 significandi
1703 696 90 73 non
1755 696 103 73 sunt
1819 696 103 73 nisi
1870 696 64 73 si-

1209 741 109 77 gnra.
1281 741 84 77 que
1330 741 84 77 non
1378 741 97 77 sunt
1438 741 97 77 idem
1499 741 157 77 realiter.
1619 741 97 77 Unde
1680 741 97 77 illa
1740 741 109 77 origo
1812 741 97 77 quae
1861 741 72 77 deus

1213 796 100 55 est
1270 796 142 55 nullum
1369 796 128 55 modum
1455 796 228 55 significandi
1640 796 142 55 habet.
1740 796 85 55 et
1782 796 114 55 ideo
1839 796 100 55 modus

1208 827 214 73 significandi
1382 827 94 73 non
1435 827 121 73 facit
1516 827 80 73 ad
1556 827 94 73 hoc
1609 827 107 73 quod
1676 827 107 73 ipsa
1743 827 187 73 constituat
1877 827 67 73 vel

1220 873 88 70 non
1271 873 189 70 constituat.
1422 873 114 70 Patet
1498 873 114 70 etiam
1574 873 101 70 quod
1637 873 88 70 nec
1688 873 114 70 origo
1763 873 101 70 quae
1826 873 101 70 deus
1877 873 63 70 est

1223 918 89 72 est
1274 918 115 72 prior
1351 918 89 72 nec
1402 918 166 72 posterior
1530 918 179 72 relatione.
1671 918 102 72 nisi
1734 918 153 72 secundum
1837 918 102 72 falsam

1220 963 165 62 opinionem
1348 963 127 62 istius
1437 963 89 62 hoc
1488 963 115 62 falso
1564 963 178 62 opinantis.
1704 963 89 62 sed
1755 963 153 62 secundum
1857 963 76 62 inte

1214 1008 135 74 lectum
1308 1008 121 74 verum
1389 1008 94 74 nec
1443 1008 94 74 est
1497 1008 121 74 prior
1578 1008 94 74 nec
1632 1008 189 74 posterior.
1780 1008 121 74 Patet
1848 1008 94 74 etiam

1219 1048 105 70 quod
1284 1048 118 70 modus
1363 1048 209 70 significandi
1533 1048 92 70 non
1585 1048 118 70 facit
1663 1048 92 70 eam
1716 1048 105 70 esse
1781 1048 144 70 priorem
1873 1048 65 70 vel

1224 1093 199 70 posteriorem.
1385 1093 87 70 sic
1435 1093 100 70 enim
1497 1093 137 70 dicerem
1597 1093 100 70 quod
1659 1093 100 70 deus
1721 1093 87 70 est
1771 1093 162 70 posterior
1883 1093 62 70 dei

1214 1148 123 54 tate.
1296 1148 150 54 propter
1406 1148 164 54 diuersum
1529 1148 123 54 modum
1611 1148 219 54 significandi
1789 1148 150 54 illarum
1884 1148 55 54 vo

1216 1185 96 59 cum
1271 1185 110 59 deus
1340 1185 82 59 et
1381 1185 151 59 deitas.
1490 1185 123 59 Patet
1572 1185 123 59 etiam
1654 1185 110 59 quod
1723 1185 219 59 consideratio
1887 1185 55 59 di

1225 1224 126 62 uersa
1309 1224 195 62 relationis
1462 1224 126 62 nihil
1546 1224 126 62 facit
1630 1224 84 62 ad
1672 1224 98 62 hoc
1728 1224 84 62 vt
1770 1224 154 62 relatio
1867 1224 84 62 con-

1221 1282 133 49 stituat
1317 1282 84 49 sub
1366 1282 84 49 vna
1414 1282 133 49 ratione
1511 1282 72 49 et
1547 1282 84 49 non
1595 1282 84 49 sub
1643 1282 109 49 alia.
1716 1282 84 49 nec
1764 1282 97 49 quod
1824 1282 84 49 sit
1861 1282 84 49 prior

1229 1315 91 66 vel
1281 1315 169 66 posterior
1411 1315 169 66 quocumque
1541 1315 104 66 quod
1605 1315 91 66 est
1657 1315 78 66 in
1696 1315 104 66 deo.
1761 1315 65 66 ⁋
1787 1315 130 66 Aliter
1865 1315 78 66 dici

1223 1356 92 68 tur
1276 1356 79 68 ad
1315 1356 198 68 questionem.
1473 1356 105 68 quod
1539 1356 79 68 in
1578 1356 119 68 nulla
1657 1356 92 68 vna
1710 1356 145 68 persona
1815 1356 92 68 est
1855 1356 92 68 nisi-

1221 1406 120 58 tantum
1305 1406 84 58 vna
1353 1406 168 58 proprietas
1484 1406 144 58 positiua
1592 1406 144 58 secundum
1700 1406 96 58 rem.
1760 1406 132 58 quamuis
1855 1406 96 58 sint
1903 1406 48 58 di

1229 1448 106 65 uerse
1300 1448 142 65 secundum
1406 1448 153 65 rationem.
1524 1448 94 65 Unde
1583 1448 71 65 in
1619 1448 106 65 patre
1689 1448 94 65 ista
1748 1448 153 65 quattuor.
1855 1448 94 65 genera

1219 1494 142 63 tiuum.
1318 1494 142 63 potens
1418 1494 185 63 generare.
1561 1494 185 63 generans.
1703 1494 85 63 et
1746 1494 114 63 pat.
1817 1494 114 63 sunt
1874 1494 71 63 vna

1231 1532 138 70 proprietas
1339 1532 118 70 secundum
1428 1532 69 70 rem
1467 1532 128 70 differunt
1566 1532 89 70 tamen
1625 1532 118 70 secundum
1713 1532 118 70 rationem
1802 1532 59 70 et
1821 1532 128 70 distinguen-

1229 1584 81 58 do
1269 1584 121 58 ista.
1350 1584 108 58 illa
1417 1584 189 58 proprietas
1565 1584 94 58 non
1619 1584 189 58 constituit
1767 1584 189 58 suppositum
1902 1584 54 58 pa

1233 1633 120 52 tris.
1313 1633 94 52 nec
1366 1633 94 52 sub
1420 1633 147 52 ratione
1527 1633 147 52 patris.
1634 1633 94 52 nec
1687 1633 201 52 generantis.
1848 1633 94 52 nec
1888 1633 67 52 po-

1226 1664 123 69 tentis
1312 1664 159 69 generare.
1434 1664 86 69 sed
1483 1664 86 69 sub
1532 1664 135 69 ratione
1630 1664 184 69 generatiui.
1777 1664 98 69 quia
1839 1664 86 69 sub
1875 1664 74 69 illa

1233 1708 131 75 ratione
1328 1708 83 75 est
1376 1708 166 75 proprietas
1506 1708 202 75 constitutiua.
1672 1708 142 75 secundum
1779 1708 95 75 quam
1838 1708 83 75 est
1874 1708 83 75 primo

1231 1754 154 65 principium
1352 1754 154 65 producendi
1473 1754 99 65 aliam
1539 1754 143 65 personam.
1650 1754 77 65 sed
1694 1754 143 65 huiusmodi
1804 1754 77 65 est
1848 1754 99 65 ratio
1903 1754 55 65 ge-

1220 1796 234 53 neratiuitatis.
1415 1796 91 53 sed
1467 1796 104 53 alie
1532 1796 156 53 rationes
1648 1796 104 53 sunt
1713 1796 117 53 quasi
1791 1796 78 53 ei
1817 1796 143 53 aduenien-

1232 1844 103 59 tes.
1297 1844 78 59 et
1335 1844 90 59 hec
1387 1844 116 59 ratio
1465 1844 246 59 generatiuitatis
1672 1844 78 59 in
1710 1844 116 59 patre
1788 1844 90 59 est
1840 1844 116 59 ratio
1904 1844 52 59 re

1222 1888 139 50 motior
1319 1888 69 50 a
1347 1888 139 50 filio.
1444 1888 83 50 et
1486 1888 125 50 sonat
1569 1888 83 50 in
1610 1888 125 50 solam
1694 1888 208 50 aptitudinem
1846 1888 111 50 produ-

1231 1933 125 60 cendi
1314 1933 139 60 ipsum.
1411 1933 111 60 Unde
1481 1933 111 60 omne
1550 1933 139 60 potens
1647 1933 166 60 generare
1772 1933 97 60 est
1827 1933 125 60 aptum
1897 1933 55 60 na

1233 1974 100 63 tum
1290 1974 172 63 generare
1419 1974 86 63 et
1462 1974 100 63 non
1519 1974 201 63 econuerso.
1677 1974 100 63 Nam
1734 1974 115 63 puer
1806 1974 100 63 est
1849 1974 100 63 aptus

1227 2010 107 76 natus
1299 2010 143 76 generare
1406 2010 72 76 et
1442 2010 107 76 tamen
1513 2010 83 76 non
1561 2010 119 76 potest
1644 2010 155 76 generare.
1763 2010 155 76 similiter
1871 2010 83 76 omnis

1240 2059 133 70 generans
1339 2059 110 70 potest
1417 2059 144 70 generare.
1527 2059 66 70 et
1560 2059 77 70 non
1605 2059 144 70 eonuerso.
1715 2059 144 70 similiter
1825 2059 99 70 omnis
1881 2059 77 70 pater

1234 2107 156 61 generat
1347 2107 99 61 vel
1404 2107 156 61 genuit.
1517 2107 85 61 et
1560 2107 99 61 non
1617 2107 199 61 econuerso.
1773 2107 85 61 Et
1815 2107 99 61 ita
1858 2107 99 61 prima

1231 2147 100 57 ratio
1298 2147 78 57 hic
1342 2147 67 57 in
1376 2147 89 57 ista
1431 2147 167 57 proprietate
1565 2147 78 57 est
1610 2147 100 57 ratio
1676 2147 223 57 generatiuitatis.
1866 2147 67 57 et
1888 2147 67 57 ideo

1236 2191 78 57 sub
1280 2191 89 57 illa
1336 2191 122 57 ratione
1425 2191 100 57 primo
1491 2191 167 57 constituit.
1625 2191 56 57 ⁋
1647 2191 78 57 Sed
1691 2191 89 57 ista
1747 2191 133 57 opinione
1847 2191 78 57 est
1880 2191 67 57 sula

1238 2238 92 59 sicut
1299 2238 153 59 praecedens.
1422 2238 82 59 quia
1473 2238 113 59 quaero.
1555 2238 72 59 aut
1596 2238 153 59 generatiuum
1719 2238 61 59 et
1749 2238 102 59 pater.
1821 2238 133 59 similiter
1913 2238 41 59 ge

1237 2292 215 45 neratiuitas
1409 2292 86 45 et
1452 2292 215 45 paternitas.
1624 2292 100 45 aut
1681 2292 115 45 sunt
1753 2292 172 45 omnimode
1868 2292 86 45 idem

1234 2331 57 56 a
1256 2331 103 56 parte
1325 2331 80 56 rei
1371 2331 80 56 aut
1417 2331 92 56 non.
1474 2331 80 56 Non
1520 2331 115 56 potest
1601 2331 92 56 dici
1658 2331 92 56 quod
1715 2331 92 56 non.
1773 2331 92 56 quia
1830 2331 103 56 dicit
1887 2331 69 56 quod

1233 2367 144 64 differunt
1344 2367 89 64 sola
1399 2367 122 64 ratione
1488 2367 67 64 et
1521 2367 78 64 non
1566 2367 55 64 a
1588 2367 100 64 parte
1654 2367 89 64 rei.
1710 2367 67 64 Si
1743 2367 89 64 sint
1799 2367 111 64 omnino
1876 2367 89 64 idem
1921 2367 33 64 a

1230 2412 103 63 parte
1298 2412 92 63 rei.
1356 2412 92 63 ergo
1413 2412 172 63 impossibile
1550 2412 80 63 est
1596 2412 92 63 vnum
1654 2412 138 63 realiter
1757 2412 172 63 constituere
1883 2412 80 63 nisi-

1243 2456 111 54 etiam
1317 2456 173 54 paternitas
1453 2456 148 54 realiter
1564 2456 186 54 constituat.
1713 2456 62 54 ⁋
1737 2456 161 54 Preterea.
1861 2456 87 54 vbi
1898 2456 62 54 nul

1243 2509 75 50 la
1280 2509 87 50 est
1330 2509 175 50 distinctio
1467 2509 62 50 a
1492 2509 112 50 parte
1567 2509 87 50 rei
1617 2509 87 50 non
1667 2509 125 50 potest
1754 2509 100 50 esse
1817 2509 62 50 a
1842 2509 112 50 parte
1904 2509 50 50 re

1228 2545 141 60 talis
1322 2545 188 60 mediatio
1463 2545 110 60 vel
1526 2545 235 60 immediatio.
1714 2545 125 60 quia
1792 2545 141 60 sicut
1870 2545 94 60 medi

1236 2589 103 57 atio
1300 2589 77 57 et
1339 2589 180 57 immediatio
1480 2589 116 57 nullo
1558 2589 103 57 modo
1622 2589 129 57 potest
1712 2589 103 57 esse
1776 2589 103 57 sine
1840 2589 103 57 tali
1892 2589 77 57 omni

1229 2632 255 65 distinctione.
1439 2632 105 65 ita
1499 2632 180 65 mediatio
1634 2632 90 65 et
1679 2632 210 65 immediatio
1844 2632 75 65 a
1859 2632 105 65 parte
