2233 3058
420 250 84 75 in
462 250 126 75 mente
546 250 112 75 nisi
616 250 154 75 notitia
728 250 210 75 incomplexa.
895 250 112 75 ergo
965 250 112 75 illa
1021 250 126 75 notitia

432 317 101 51 erit
496 317 139 51 verbum.
597 317 76 51 Si
635 317 139 51 dicatur
736 317 101 51 quod
800 317 203 51 correspondet
964 317 139 51 aliquod
1053 317 101 51 ydolum

430 338 97 71 vel
486 338 153 71 species
597 338 97 71 vel
653 338 181 71 conceptus
792 338 97 71 vel
848 338 153 71 aliquod
959 338 125 71 tale.
1029 338 111 71 Contra

414 399 119 56 hoc.
489 399 193 56 quocunque
637 399 119 56 tali
712 399 119 56 dato
786 399 119 56 illo
860 399 253 56 circumscripto
1054 399 89 56 deus

435 444 138 55 posset
532 444 138 55 facere
629 444 152 55 aliquem
740 444 208 55 intelligere
906 444 125 55 vocem
975 444 166 55 significa-

423 481 126 62 tiuam
507 481 168 62 alicuius
633 481 98 62 rei
689 481 210 62 singularis.
856 481 84 62 et
898 481 84 62 ex
940 481 112 62 ipsa
996 481 154 62 concipere

423 526 195 63 significatum
581 526 122 63 illius
666 526 122 63 vocis.
751 526 73 63 et
788 526 85 63 per
837 526 170 63 consequens
970 526 134 63 haberet
1056 526 97 63 verbum

437 572 154 64 mentale
549 572 239 64 correspondens
746 572 126 64 verbo
830 572 154 64 vocali.
942 572 84 64 et
985 572 126 64 tamen
1055 572 98 64 nihil

425 612 145 69 haberet
530 612 106 69 nisi
596 612 158 69 notitiam
715 612 158 69 actualem
834 612 211 69 incomplexam.
1006 612 106 69 Quod
1059 612 92 69 autem

429 658 131 69 verbum
520 658 170 69 aliquando
651 658 183 69 accipiatur
795 658 65 69 a
821 658 118 69 beato
900 658 170 69 augustino
1030 658 92 69 pro
1070 658 78 69 omni

429 705 118 57 actu
503 705 177 57 complexo
635 705 103 57 quo
694 705 147 57 alicui
797 705 206 57 assentitur
959 705 103 57 vel
1003 705 147 57 dissenti

429 746 93 72 tur.
488 746 105 72 patet
558 746 82 72 per
604 746 128 72 eundem.
698 746 105 72 patet
768 746 70 72 de
803 746 117 72 trini.
885 746 70 72 c.
920 746 93 72 xvi.
978 746 82 72 vbi
1025 746 105 72 dicit
1083 746 70 72 sic.

434 792 147 60 Nonne
531 792 147 60 multa
629 792 179 60 dicimus
759 792 147 60 etiam
857 792 114 60 que
922 792 212 60 nescimus.
1069 792 81 60 nec

426 830 210 69 dubitantes
591 830 90 69 ea
636 830 165 69 dicimus
756 830 105 69 sed
815 830 120 69 vera
890 830 240 69 arbitrantes.
1070 830 90 69 quae

436 876 84 67 si
478 876 125 67 forte
562 876 112 67 vera
631 876 112 67 sunt
701 876 84 67 in
743 876 125 67 ipsis
826 876 125 67 rebus
910 876 84 67 de
952 876 139 67 quibus
1035 876 112 67 loqui-

423 935 108 48 mur
484 935 108 48 non
546 935 92 48 in
592 935 139 48 verbo
685 935 154 48 nostro
793 935 123 48 vera
870 935 139 48 sunt.
962 935 123 48 quia
1024 935 123 48 verbum

441 964 127 63 verum
525 964 99 63 non
582 964 99 63 est
638 964 113 63 nisi
708 964 113 63 quod
779 964 84 63 de
821 964 84 63 re
863 964 99 63 que
920 964 141 63 scitur
1004 964 155 63 gignitur.

436 1000 76 76 si
474 1000 114 76 autem
550 1000 101 76 vera
613 1000 89 76 non
664 1000 114 76 sunt.
740 1000 126 76 falsum
828 1000 101 76 est.
892 1000 101 76 ergo
955 1000 101 76 isto
1018 1000 101 76 modo
1069 1000 101 76 verbum

441 1051 138 63 nostrum
541 1051 88 63 nec
591 1051 113 63 tamen
666 1051 150 63 mentimur
778 1051 88 63 sed
828 1051 113 63 tamen
903 1051 163 63 fallimur.
1028 1051 88 63 Cum
1066 1051 88 63 autem

441 1106 210 50 dubitamus
603 1106 162 50 nondum
716 1106 113 50 est
781 1106 162 50 verbum
894 1106 97 50 de
942 1106 97 50 re
991 1106 97 50 de
1040 1106 113 50 qua
1088 1106 81 50 du-

437 1136 158 64 bitamus.
555 1136 92 64 sed
608 1136 79 64 de
648 1136 132 64 nostra
740 1136 198 64 dubitatione
898 1136 132 64 verbum
991 1136 105 64 est.
1057 1136 105 64 quam
1109 1136 53 64 et

435 1187 107 57 uis
496 1187 122 57 enim
572 1187 107 57 non
633 1187 198 57 nouerimus
785 1187 91 57 an
831 1187 137 57 verum
922 1187 107 57 sit
983 1187 122 57 vnde
1044 1187 122 57 dubita

430 1238 124 51 mus.
507 1238 139 51 tamen
599 1238 185 51 dubitare
738 1238 108 51 nos
800 1238 185 51 nouimus.
939 1238 93 51 ac
986 1238 108 51 per
1047 1238 108 51 hoc
1094 1238 77 51 cum

440 1271 93 69 hoc
493 1271 146 69 dicimus
599 1271 120 69 verum
679 1271 133 69 verbum
773 1271 107 69 est.
839 1271 146 69 quoniam
946 1271 107 69 quod
1012 1271 146 69 nouimus
1105 1271 67 69 di-

433 1316 138 58 cimus
525 1316 123 58 quod
601 1316 138 58 etiam
693 1316 169 58 mentiri
816 1316 107 58 non
878 1316 199 58 possumus.
1031 1316 123 58 quod
1092 1316 77 58 cum

430 1361 163 59 facimus
548 1361 148 59 vtique
652 1361 177 59 volentes
785 1361 89 59 et
829 1361 177 59 scientes
962 1361 148 59 falsum
1051 1361 118 59 verbum

428 1405 190 70 habemus.
571 1405 111 70 vbi
634 1405 143 70 verum
730 1405 159 70 verbum
841 1405 111 70 est
904 1405 175 70 mentiri
1031 1405 127 70 nos.
1095 1405 79 70 hoc

434 1452 117 57 enim
508 1452 176 57 nouimus.
640 1452 88 57 et
684 1452 103 57 cum
742 1452 103 57 nos
801 1452 117 57 esse
875 1452 176 57 mentitos
992 1452 176 57 consitemur

440 1491 127 61 Unde
520 1491 191 61 dicimus.
663 1491 127 61 quod
742 1491 159 61 scimus
854 1491 111 61 est
917 1491 191 61 dicimus.
1045 1491 127 61 scimus

439 1535 120 71 namque
523 1535 84 71 nos
571 1535 96 71 esse
631 1535 156 71 mentitos.
775 1535 72 71 Ex
811 1535 96 71 ista
871 1535 180 71 auctoritate
1015 1535 132 71 habetur
1099 1535 72 71 quod

448 1581 100 69 non
505 1581 129 69 omnis
591 1581 129 69 actus
677 1581 229 69 intelligendi
863 1581 100 69 est
920 1581 158 69 verbum.
1035 1581 115 69 quia
1092 1581 86 69 dubi

450 1624 123 64 tatio
533 1624 96 64 que
587 1624 96 64 est
642 1624 123 64 actus
725 1624 219 64 intelligendi
903 1624 96 64 non
958 1624 96 64 est
1012 1624 151 64 verbum.
1108 1624 69 64 di-

457 1669 138 56 cente
549 1669 214 56 augustino.
717 1669 107 56 cum
778 1669 199 56 dubitamus
931 1669 153 56 nondum
1038 1669 107 56 est
1084 1669 92 56 ver-

453 1713 105 60 bum
513 1713 90 60 de
558 1713 90 60 re
603 1713 90 60 de
647 1713 105 60 qua
707 1713 209 60 dubitamus.
872 1713 120 60 ergo
947 1713 194 60 dubitatio
1081 1713 90 60 illa

444 1757 104 61 non
503 1757 104 61 est
563 1757 163 61 verbum.
681 1757 89 61 et
725 1757 133 61 tamen
814 1757 192 61 dubitatio
962 1757 118 61 illa
1036 1757 104 61 est
1080 1757 104 61 actus

458 1801 221 57 intelligendi.
640 1801 117 57 sicut
718 1801 78 57 et
757 1801 169 57 assentire
888 1801 91 57 est
940 1801 117 57 actus
1005 1801 169 57 intclligen-

458 1841 95 60 di.
513 1841 150 60 Secundo
622 1841 150 60 habetur
731 1841 109 60 quod
799 1841 95 60 non
853 1841 109 60 omne
921 1841 136 60 verbum
1017 1841 163 60 nascitur
1126 1841 54 60 de

448 1889 177 55 scientia
581 1889 89 55 in
625 1889 177 55 memoria.
758 1889 118 55 quia
832 1889 148 55 verbum
935 1889 148 55 falsum
1038 1889 89 55 de
1068 1889 103 55 nulla

452 1924 157 63 scientia
569 1924 117 63 nasci
648 1924 144 63 potest.
752 1924 91 63 sed
804 1924 144 63 aliquod
909 1924 91 63 est
961 1924 78 63 mo
1000 1924 131 63 verbum
1079 1924 104 63 falsum

450 1975 170 69 dicente
573 1975 216 69 augustino.
742 1975 154 69 falsum
850 1975 108 69 est
912 1975 123 69 illo
989 1975 123 69 modo
1051 1975 123 69 verbum

467 2014 151 69 nostrum.
581 2014 88 69 non
631 2014 113 69 tamen
706 2014 163 69 mentimur.
832 2014 88 69 sed
882 2014 113 69 tamen
957 2014 163 69 fallimur.
1070 2014 101 69 Tertio

465 2071 148 50 habetur
572 2071 108 50 quod
639 2071 121 50 omnis
720 2071 121 50 actus
801 2071 202 50 iudicatiuus
962 2071 202 50 intellectus
1110 2071 67 50 quo

451 2111 216 55 intellectus
623 2111 144 55 alicui
724 2111 187 55 consentit
868 2111 101 55 vel
925 2111 187 55 dissentit
1069 2111 101 55 est
1112 2111 72 55 ver

463 2153 109 57 bum.
531 2153 109 57 quia
600 2153 123 57 omnis
681 2153 123 57 talis
763 2153 123 57 actus
845 2153 95 57 est
899 2153 123 57 verus
981 2153 95 57 vel
1035 2153 150 57 falsus.
1131 2153 54 57 et

456 2192 121 68 omnis
536 2192 121 68 talis
616 2192 94 68 est
670 2192 134 68 verbum
764 2192 161 68 secundum
884 2192 134 68 beatum
978 2192 187 68 augustinum
1112 2192 80 68 hoc.

459 2240 99 66 qui
515 2240 127 66 ponit
600 2240 113 66 quod
671 2240 127 66 sicut
756 2240 99 66 est
812 2240 156 66 aliquod
925 2240 141 66 verbum
1024 2240 141 66 verum.
1109 2240 71 66 ita

462 2282 85 65 est
510 2282 133 65 aliquod
607 2282 121 65 verbum
692 2282 133 65 falsum.
812 2282 121 65 Quarto
897 2282 133 65 habetur
994 2282 97 65 quod
1042 2282 145 65 propositio

474 2329 92 56 vera
532 2329 92 56 siue
590 2329 104 56 falsa
659 2329 81 56 non
705 2329 81 56 est
751 2329 127 56 verbum.
844 2329 92 56 quia
901 2329 69 56 si
936 2329 104 56 talis
1005 2329 150 56 proposito
1109 2329 81 56 esset

471 2365 134 70 verbum
564 2365 134 70 nullus
658 2365 134 70 posset
752 2365 134 70 habere
845 2365 120 70 talem
925 2365 214 70 propositione
1099 2365 80 70 in
1126 2365 67 70 men

462 2409 107 61 te.
523 2409 122 61 nisi
599 2409 168 61 haberet
721 2409 152 61 verbum
827 2409 122 61 quod
904 2409 137 61 negat
995 2409 152 61 beatus
1086 2409 107 61 augu-

467 2456 136 69 stinus.
566 2456 99 69 quia
627 2456 148 69 dubitans
739 2456 74 69 de
776 2456 124 69 aliqua
862 2456 198 69 propositione
1023 2456 99 69 siue
1085 2456 87 69 sit
1122 2456 62 69 ve-

473 2498 80 63 ra
513 2498 106 63 siue
579 2498 119 63 falsa
658 2498 93 63 non
711 2498 119 63 habet
791 2498 146 63 verbum.
897 2498 80 63 et
937 2498 119 63 tamen
1017 2498 80 63 in
1056 2498 119 63 mente
1123 2498 66 63 sua

474 2543 105 65 habet
544 2543 198 65 propositionem
707 2543 70 65 de
742 2543 81 65 qua
788 2543 139 65 dubitat.
893 2543 70 65 et
928 2543 81 65 ita
974 2543 163 65 propositio
1102 2543 81 65 non
1137 2543 58 65 est

475 2590 142 64 verbum
574 2590 199 64 accipiendo
730 2590 142 64 verbum
830 2590 114 64 isto
901 2590 156 64 secundo
1015 2590 128 64 modo.
1086 2590 99 64 tamen

475 2630 195 68 accipiendo
628 2630 139 68 verbum
726 2630 125 68 primo
809 2630 111 68 modo
879 2630 167 68 secundum
1004 2630 181 68 opinionem
1129 2630 70 68 que

1233 236 110 68 ponit
1306 236 97 68 quod
1367 236 158 68 conceptus
1488 236 85 68 est
1537 236 97 68 ipsa
1598 236 195 68 intellectio.
1756 236 110 68 debet
1829 236 97 68 dici
1878 236 73 68 quod

1230 287 190 62 propositio
1380 287 95 62 est
1434 287 136 62 verbum
1530 287 95 62 vel
1584 287 136 62 verba.
1679 287 82 62 Ex
1720 287 136 62 quibus
1815 287 150 62 omnibus
1911 287 54 62 in

1229 333 121 57 fertur
1314 333 97 57 quod
1374 333 121 57 verbum
1459 333 146 57 secundum
1569 333 97 57 quod
1629 333 85 57 hic
1678 333 158 57 accipitur
1799 333 73 57 ab
1824 333 133 57 augustino

1241 375 105 57 est
1301 375 120 57 idem
1376 375 120 57 quod
1451 375 135 57 actus
1541 375 225 57 iudicatiuus
1721 375 225 57 intellectus
1886 375 75 57 quo

1239 418 119 63 alicui
1323 418 191 63 propositioni
1478 418 84 63 vel
1525 418 143 63 assentit
1633 418 84 63 vel
1681 418 167 63 dissentit.
1812 418 72 63 et
1848 418 95 63 ideo
1895 418 72 63 quia

1237 462 215 66 propositioni
1411 462 121 66 dubie
1492 462 94 66 non
1545 462 161 66 assentit
1666 462 94 66 vel
1720 462 188 66 dissentit.
1868 462 107 66 ideo
1921 462 54 66 de

1248 502 90 71 tali
1304 502 179 71 propositione
1449 502 78 71 non
1494 502 123 71 habetur
1584 502 123 71 verbum.
1673 502 90 71 quia
1729 502 101 71 tamen
1796 502 90 71 tali
1841 502 123 71 dubitatio

1238 547 76 61 ni
1276 547 88 61 qua
1327 547 101 61 ipse
1390 547 139 61 dubitat
1491 547 76 61 de
1529 547 202 61 propositione
1693 547 114 61 dubia
1769 547 164 61 assentit.
1882 547 76 61 ideo

1238 593 79 59 de
1277 593 105 59 ista
1343 593 118 59 habet
1421 593 144 59 verbum.
1526 593 105 59 quia
1592 593 118 59 istam
1670 593 118 59 nouit
1749 593 79 59 et
1788 593 105 59 sibi
1841 593 131 59 assentit

1266 640 93 54 Sed
1319 640 80 54 de
1359 640 133 54 vltima
1452 640 119 54 parte
1531 640 212 54 auctoritatis
1704 640 146 54 videtur
1810 640 106 54 esse
1863 640 106 54 dubium

1249 686 90 59 qui
1301 686 142 59 videtur
1404 686 167 59 repugnare
1532 686 193 59 praedictis.
1687 686 103 59 quia
1751 686 116 59 dicit
1828 686 129 59 beatus
1906 686 64 59 Au-

1250 733 161 60 gustinus
1370 733 107 60 quod
1438 733 148 60 aliquis
1545 733 161 60 scienter
1666 733 175 60 mentiendo
1800 733 121 60 habet
1868 733 107 60 verbum

1241 776 112 54 tunc
1311 776 125 54 quero
1394 776 84 54 de
1436 776 98 54 quo
1492 776 125 54 habet
1576 776 125 54 illud
1659 776 153 54 verbum.
1771 776 125 54 Uerbi
1841 776 125 54 gratia.

1253 812 165 61 mentiatur
1380 812 139 61 aliquis
1481 812 76 61 in
1519 812 114 61 corde
1595 812 89 61 suo
1646 812 139 61 dicendo
1747 812 152 61 christum
1861 812 89 61 non
1899 812 76 61 esse

1246 855 130 61 deum.
1332 855 116 61 iste
1405 855 101 61 sic
1463 855 188 61 mentiendo
1607 855 130 61 habet
1694 855 159 61 verbum.
1810 855 130 61 quero
1882 855 87 61 tunc

1251 903 72 57 de
1287 903 96 57 quo.
1347 903 84 57 Aut
1394 903 72 57 de
1430 903 96 57 ista
1490 903 191 57 propositione
1645 903 143 57 christus
1753 903 84 57 non
1801 903 84 57 est
1849 903 108 57 deus.
1908 903 60 57 aut

1243 944 77 68 de
1282 944 116 68 illa.
1359 944 103 68 ipse
1423 944 167 68 mentitur.
1552 944 90 68 Non
1603 944 77 68 de
1642 944 116 68 prima
1719 944 219 68 propositione.
1886 944 77 68 quia

1256 990 118 64 quero
1335 990 92 64 aut
1387 990 144 64 dubitat
1492 990 79 64 de
1532 990 92 64 ea.
1584 990 79 64 et
1624 990 105 64 tunc
1689 990 79 64 de
1729 990 210 64 propositione
1886 990 92 64 dubia

1253 1030 94 63 est
1306 1030 135 63 verbum
1401 1030 108 63 quod
1468 1030 94 63 est
1522 1030 121 63 prius
1603 1030 162 63 negatum.
1724 1030 94 63 aut
1778 1030 162 63 assentit
1885 1030 81 63 sibi

1245 1079 75 57 et
1282 1079 100 57 tunc
1344 1079 87 57 non
1394 1079 149 57 mentitur
1506 1079 87 57 aut
1556 1079 174 57 dissentiet
1693 1079 100 57 tunc
1755 1079 162 57 fallitur.
1880 1079 75 57 et
1905 1079 62 57 per

1261 1123 153 64 consequens
1382 1123 77 64 non
1425 1123 142 64 mentitur.
1535 1123 164 64 Relinquitur
1666 1123 110 64 igitur
1743 1123 88 64 quod
1798 1123 66 64 de
1820 1123 153 64 propositione

1250 1176 141 49 dubia
1344 1176 157 49 potest
1454 1176 126 49 esse
1533 1176 173 49 verbum.
1690 1176 94 49 Ad
1737 1176 141 49 illud
1815 1176 173 49 respondeo

1252 1210 114 63 sine
1323 1210 213 63 praeiudicio
1493 1210 114 63 quod
1565 1210 199 63 augustinus
1721 1210 128 63 vario
1806 1210 114 63 modo
1863 1210 128 63 accipit

1263 1252 134 63 verbum.
1360 1252 97 63 quia
1421 1252 85 63 cum
1470 1252 110 63 dicit
1543 1252 97 63 quod
1604 1252 85 63 cum
1652 1252 146 63 scientes
1762 1252 73 63 et
1798 1252 146 63 volentes
1896 1252 85 63 menti

1255 1296 110 73 mur
1318 1296 158 73 falsum
1429 1296 158 73 verbum
1539 1296 189 73 habemus.
1681 1296 174 73 accipit
1807 1296 110 73 ibi
1855 1296 126 73 verbum

1248 1339 95 68 pro
1303 1339 122 68 verbo
1384 1339 149 68 vocali.
1493 1339 109 68 quia
1560 1339 163 68 sistendo
1683 1339 163 68 praecise
1805 1339 81 68 in
1845 1339 122 68 verbo
1913 1339 68 68 men

1257 1385 121 63 tali
1332 1385 136 63 nullo
1423 1385 121 63 modo
1499 1385 181 63 possumus
1635 1385 166 63 mentiri
1755 1385 196 63 scienter.
1891 1385 91 63 quia

1262 1437 166 51 mentiens
1386 1437 166 51 scienter
1511 1437 166 51 praecise
1635 1437 166 51 sistendo
1759 1437 83 51 in
1801 1437 124 51 verbo
1870 1437 110 51 menta-

1266 1469 86 67 li.
1315 1469 86 67 aut
1364 1469 110 67 dicit
1438 1469 147 67 praecise
1548 1469 172 67 locutionem
1683 1469 110 67 falsi
1757 1469 147 67 scienter
1867 1469 98 67 sine
1916 1469 74 67 omni

1263 1523 171 52 adhesione
1395 1523 105 52 illi
1461 1523 132 52 falso.
1553 1523 79 52 et
1592 1523 105 52 tunc
1658 1523 92 52 non
1711 1523 92 52 est
1764 1523 119 52 aliud
1843 1523 105 52 quam
1896 1523 92 52 appre

1258 1560 169 60 hendere
1380 1560 123 60 vnum
1457 1560 169 60 falsum.
1579 1560 107 60 aut
1641 1560 138 60 dicit
1733 1560 214 60 locutionem
1886 1560 107 60 falsi

1260 1606 98 57 cum
1316 1606 183 57 adhesione
1457 1606 140 57 tamen.
1555 1606 84 57 Si
1597 1606 126 57 primo
1681 1606 112 57 modo
1751 1606 112 57 tunc
1822 1606 154 57 mentiri
1920 1606 70 57 sci

1268 1649 117 63 enter
1346 1649 91 63 non
1398 1649 91 63 est
1450 1649 104 63 nisi
1514 1649 156 63 scienter
1631 1649 207 63 apprehendere
1800 1649 143 63 falsum.
1903 1649 78 63 et
1929 1649 65 63 per

1270 1690 167 72 consequens
1401 1690 155 72 quicumque
1520 1690 179 72 dissentiret
1663 1690 107 72 falso
1735 1690 179 72 mentiretur.
1878 1690 95 72 quod
1925 1690 60 72 est

1264 1736 193 59 manifeste
1413 1736 164 59 falsum.
1562 1736 89 59 Si
1606 1736 164 59 secundo
1725 1736 119 59 modo
1800 1736 104 59 sic
1844 1736 149 59 includit

1273 1777 228 61 contradictionem.
1466 1777 91 61 quia
1523 1777 91 61 quod
1580 1777 125 61 aliquis
1672 1777 137 61 adhereat
1774 1777 91 61 illi
1831 1777 91 61 quod
1888 1777 91 61 scit
1934 1777 57 61 vel

1270 1822 115 59 credit
1350 1822 92 59 esse
1407 1822 115 59 falsum
1488 1822 80 59 est
1534 1822 195 59 contradictio.
1694 1822 92 59 quia
1752 1822 69 59 ex
1786 1822 80 59 hoc
1832 1822 92 59 quod
1890 1822 92 59 scit
1936 1822 57 59 vel

1269 1865 133 63 credit
1362 1865 119 63 illud
1441 1865 106 63 esse
1507 1865 133 63 falsum
1600 1865 186 63 dissentit.
1746 1865 80 63 ex
1786 1865 93 63 hoc
1839 1865 119 63 autem
1905 1865 80 63 quod

1268 1908 146 64 adheret
1374 1908 106 64 sibi
1440 1908 172 64 assentit.
1573 1908 93 64 sed
1626 1908 119 64 eidem
1705 1908 172 64 assentire
1838 1908 80 64 et
1865 1908 119 64 dissen-

1275 1953 96 64 tire
1335 1953 144 64 includit
1443 1953 241 64 contradictionem.
1648 1953 96 64 ergo
1708 1953 108 64 nullo
1780 1953 96 64 modo
1841 1953 120 64 potest
1913 1953 72 64 ali-

1280 1997 107 72 quis
1347 1997 161 72 scienter
1467 1997 147 72 mentiri
1574 1997 161 72 sistendo
1695 1997 161 72 praecise
1815 1997 80 72 in
1855 1997 120 72 verbo
1922 1997 67 72 men

1267 2050 131 52 tali.
1355 2050 88 52 Et
1399 2050 102 52 ita
1457 2050 146 52 beatus
1559 2050 204 52 augustinus
1720 2050 161 52 accipit
1836 2050 102 52 ibi
1880 2050 117 52 verbum

1281 2087 122 61 falsum
1366 2087 85 61 pro
1415 2087 110 61 verbo
1488 2087 134 61 vocali.
1585 2087 97 61 quia
1646 2087 110 61 illud
1719 2087 183 61 simpliciter
1865 2087 85 61 est
1902 2087 97 61 falsum

1275 2133 73 57 ex
1311 2133 85 57 hoc
1360 2133 97 57 quod
1421 2133 85 57 est
1469 2133 122 57 signum
1554 2133 122 57 falsi.
1639 2133 73 57 et
1676 2133 109 57 tamen
1749 2133 73 57 de
1785 2133 97 57 isto
1846 2133 109 57 verbo
1907 2133 97 57 vocali

1284 2172 109 63 potest
1360 2172 87 63 esse
1414 2172 109 63 verbum
1490 2172 109 63 verum.
1566 2172 87 63 quia
1621 2172 109 63 potest
1697 2172 87 63 vere
1751 2172 98 63 scire
1816 2172 87 63 quod
1871 2172 76 63 hoc
1903 2172 87 63 verbum

1282 2224 73 54 est
1323 2224 114 54 falsum.
1406 2224 62 54 et
1437 2224 83 54 quod
1489 2224 135 54 proferens
1593 2224 135 54 mentitur.
1697 2224 145 54 Ueruntamen
1811 2224 73 54 est
1853 2224 125 54 sciendum
1936 2224 62 54 quod

1272 2268 108 51 illud
1344 2268 96 51 quod
1404 2268 84 51 iam
1452 2268 120 51 dictum
1536 2268 84 51 est
1584 2268 72 51 de
1620 2268 144 51 scienter
1728 2268 156 51 mentiente
1848 2268 84 51 est
1884 2268 120 51 intelli-

1276 2308 134 69 gendum
1369 2308 80 69 de
1410 2308 134 69 aliquo
1503 2308 188 69 mentaliter
1651 2308 161 69 loquente
1771 2308 80 69 et
1811 2308 94 69 non
1865 2308 134 69 alicui
1945 2308 54 69 lo

1281 2352 123 57 quente.
1370 2352 90 57 quia
1426 2352 67 57 si
1460 2352 123 57 aliquis
1549 2352 157 57 loqueretur
1672 2352 112 57 alteri
1751 2352 157 57 mentaliter
1874 2352 90 57 bene
1919 2352 90 57 posset

1281 2394 141 57 scienter
1387 2394 141 57 mentiri.
1493 2394 94 57 quia
1552 2394 94 57 tunc
1611 2394 130 57 mentiri
1705 2394 82 57 non
1753 2394 106 57 esset
1823 2394 94 57 nisi
1870 2394 130 57 apprehen-

1283 2439 119 59 dere
1358 2439 149 59 falsum
1462 2439 149 59 scitum
1566 2439 119 59 esse
1641 2439 149 59 falsum
1745 2439 89 59 vt
1790 2439 164 59 aliquis
1895 2439 104 59 alius

1272 2481 267 57 apppraehendens
1495 2481 134 57 illam
1584 2481 237 57 apphensionem
1777 2481 148 57 credat
1866 2481 134 57 apprae-

1287 2525 133 60 hensum
1380 2525 107 60 esse
1447 2525 120 60 verum
1526 2525 107 60 quod
1593 2525 120 60 tamen
1673 2525 93 60 est
1726 2525 147 60 falsum.
1833 2525 107 60 quia
1899 2525 93 60 hoc
1939 2525 67 60 est

1271 2573 273 53 appraehendere
1496 2573 160 53 falsum
1608 2573 112 53 cum
1672 2573 225 53 intentione
1833 2573 176 53 fallendi.

1280 2614 117 72 quod
1353 2614 102 72 est
1412 2614 175 72 mentiri.
1543 2614 102 72 sed
1602 2614 102 72 hoc
1660 2614 102 72 non
1719 2614 102 72 est
1777 2614 190 72 possibile
1909 2614 102 72 nobis
