2295 3083
276 259 116 93 nisi
349 259 131 93 forte
436 259 174 93 respectu
567 259 189 93 angelorum
712 259 145 93 aliquo
813 259 116 93 modo
871 259 131 93 apprae-

276 326 197 69 hensionem
428 326 167 69 nostram
549 326 91 69 ad
594 326 137 69 ipsos
685 326 212 69 dirigendo.
852 326 91 69 Et
883 326 121 69 verbum

272 373 135 56 falsum
367 373 108 56 illo
435 373 108 56 modo
502 373 135 56 dictum
597 373 216 56 comprehendit
772 373 95 56 non
826 373 135 56 tantum
907 373 95 56 actum

266 413 230 67 intellectus
450 413 107 67 sed
511 413 138 67 etiam
603 413 138 67 actum
695 413 215 67 voluntatis
864 413 107 67 quo
910 413 92 67 vult

268 466 163 64 decipe.
387 466 89 64 et
431 466 119 64 ideo
505 466 282 64 circumscribendo
743 466 134 64 actum
817 466 178 64 voluntatis

266 511 97 60 non
321 511 97 60 est
377 511 194 60 mendacium.
529 511 124 60 sicut
612 511 152 60 aliquos
722 511 180 60 proferens
861 511 138 60 falsum
944 511 55 60 vt

269 553 130 62 ipsum
355 553 174 62 improbet
486 553 101 62 non
543 553 174 62 mentitur
674 553 72 62 â‹
703 553 145 62 Tertio
804 553 116 62 dico
876 553 116 62 quod
934 553 58 62 Au

271 604 173 59 gustinus
400 604 202 59 frequenter
559 604 159 59 accipit
675 604 144 59 verbum
776 604 101 59 pro
833 604 115 59 actu
891 604 101 59 iudi-

264 649 152 56 catiuo
370 649 137 56 vero.
462 649 122 56 quod
538 649 137 56 natum
629 649 107 56 est
690 649 137 56 gigni
782 649 91 56 ex
827 649 152 56 habitu
919 649 76 56 sci

265 685 170 63 entisico
392 685 99 63 vel
449 685 141 63 saltem
548 685 156 63 habitum
661 685 127 63 vero.
746 685 99 63 Sic
802 685 156 63 accipit
901 685 85 63 augu

256 734 150 58 stinus.
366 734 96 58 xv.
420 734 109 58 tri.
489 734 82 58 c.
530 734 82 58 x.
571 734 150 58 necesse
680 734 96 58 est
735 734 96 58 cum
790 734 123 58 verum
858 734 137 58 loquimur

255 770 84 71 id
297 770 112 71 quod
367 770 139 71 scimus
464 770 181 71 loquimur.
604 770 84 71 ex
645 770 112 71 ipsa
715 770 167 71 scientia
841 770 112 71 quam
896 770 84 71 memo

259 817 94 68 ria
312 817 121 68 tenet
393 817 162 68 nascatur
515 817 148 68 verbum.
623 817 81 68 Et
663 817 162 68 sequitur
785 817 148 68 formata
879 817 108 68 quaep-

250 861 88 67 pe
294 861 190 67 cogitatio
441 861 88 67 ab
485 861 88 67 ea
529 861 88 67 re
573 861 117 67 quam
646 861 147 67 scimus
749 861 147 67 verbum
851 861 103 67 est
895 861 88 67 quod

247 915 89 58 in
292 915 133 58 corde
381 915 178 58 dicimus.
514 915 119 58 quod
588 915 104 58 nec
647 915 148 58 grecum
751 915 104 58 est
810 915 104 58 nec
855 915 133 58 latinum

252 957 82 58 nec
299 957 117 58 lingue
381 957 140 58 alicuius
486 957 152 58 alterius.
603 957 70 58 Ex
638 957 94 58 ista
697 957 176 58 auctoritate
837 957 105 58 patet
896 957 70 58 quod

243 999 120 49 verbum
327 999 144 49 nascitur
435 999 72 49 de
471 999 156 49 scientia.
591 999 168 49 Similiter.
724 999 72 49 c.
760 999 96 49 xii.
808 999 156 49 perueniendu

248 1043 94 57 est
301 1043 80 57 ad
341 1043 121 57 illud
422 1043 147 57 hominis
529 1043 134 57 verbum
623 1043 107 57 quod
689 1043 121 57 omnia
770 1043 134 57 quibus
850 1043 134 57 signifi-

249 1076 110 69 catur
322 1076 110 69 signa
395 1076 158 69 praecedit
517 1076 73 69 et
553 1076 146 69 gignitur
663 1076 73 69 de
699 1076 146 69 scientia
809 1076 85 69 que
857 1076 110 69 manet
918 1076 49 69 in

243 1131 125 61 animo.
331 1131 163 61 Similiter
456 1131 75 61 in
494 1131 113 61 eodem
569 1131 88 61 ca.
619 1131 88 61 Sia
669 1131 88 61 que
719 1131 88 61 per
769 1131 138 61 seipsum
869 1131 75 61 et
894 1131 75 61 qusa

241 1171 95 66 per
296 1171 136 66 sensum
391 1171 164 66 corporis
514 1171 109 66 sui.
582 1171 82 66 et
623 1171 109 66 quae
691 1171 205 66 testimouiis
841 1171 123 66 aliorum

243 1215 196 65 praecepta
393 1215 120 65 scit
469 1215 165 65 animus.
589 1215 181 65 thesauro
724 1215 165 65 memorie
830 1215 135 65 condita

234 1263 141 68 tenet.
332 1263 84 68 ex
375 1263 141 68 quibus
473 1263 169 68 gignitur
600 1263 141 68 verbum
699 1263 141 68 quando
797 1263 113 68 quod
853 1263 113 68 scimus

239 1301 166 70 loquimur.
367 1301 89 70 sed
418 1301 127 70 verbum
507 1301 102 70 ante
570 1301 115 70 omnem
647 1301 115 70 sonum
723 1301 102 70 ante
787 1301 115 70 omnem
850 1301 115 70 origine

240 1344 113 68 soni.
316 1344 75 68 Ex
354 1344 101 68 ista
416 1344 151 68 aucteies
529 1344 113 68 patet
605 1344 101 68 quod
668 1344 126 68 verbum
756 1344 88 68 hic
793 1344 151 68 accipitur.

241 1395 123 62 actu
317 1395 184 62 producto
456 1395 92 62 ex
502 1395 153 62 habitu
609 1395 261 62 intellectuali
809 1395 153 62 veridico

238 1432 112 67 siue
308 1432 112 67 ille
378 1432 154 67 habitus
490 1432 98 67 sit
546 1432 224 67 scientificus
727 1432 112 67 siue
797 1432 168 67 euidens.
909 1432 56 67 si

235 1481 85 64 ue
277 1481 198 64 creditiuus
433 1481 99 64 qui
489 1481 184 64 accipitur
630 1481 99 64 per
687 1481 198 64 testimonia
828 1481 127 64 aliorum

233 1517 77 68 â‹
263 1517 153 68 Quarto
371 1517 123 68 modo
448 1517 169 68 accipit
570 1517 153 68 beatus
678 1517 215 68 augustinus
831 1517 123 68 verbum

233 1567 90 68 pro
285 1567 103 68 vera
349 1567 142 68 notitia
453 1567 90 68 cum
504 1567 116 68 amore
582 1567 155 68 prolata.
698 1567 77 68 et
737 1567 90 68 sic
788 1567 155 68 accipit.
891 1567 65 68 ix.

227 1613 79 61 de
266 1613 105 61 tri.
332 1613 79 61 c.
372 1613 119 61 viii.
451 1613 92 61 vbi
503 1613 92 61 sic
556 1613 119 61 dicit
635 1613 132 61 verbum
727 1613 119 61 amore
793 1613 158 61 concipitur

226 1652 104 64 siue
291 1652 156 64 creature
408 1652 104 64 siue
474 1652 183 64 creatoris.
617 1652 183 64 Similiter.
760 1652 78 64 c.
800 1652 130 64 xdicit
878 1652 65 64 sic

223 1695 131 65 Recte
311 1695 117 65 ergo
384 1695 175 65 queritur
515 1695 131 65 vtrum
603 1695 131 65 omnis
690 1695 161 65 notitia
807 1695 146 65 verbum
895 1695 58 65 an

224 1738 139 62 tantum
321 1738 125 62 amata
405 1738 167 62 notitia.
530 1738 153 62 nouimus
641 1738 111 62 enim
711 1738 83 62 et
752 1738 83 62 ea
794 1738 97 62 que
836 1738 111 62 odimus

234 1778 101 62 hec
291 1778 101 62 est
349 1778 159 62 questio
465 1778 130 62 beati
551 1778 202 62 augustini.
710 1778 87 62 et
754 1778 144 62 soluit
840 1778 116 62 dicens

213 1818 102 77 sed
272 1818 102 77 nec
330 1818 175 77 concepta
461 1818 102 77 nec
520 1818 131 77 parta
607 1818 160 77 dicenda
724 1818 117 77 sunt
797 1818 131 77 animo
870 1818 87 77 quae

218 1874 116 60 nobis
295 1874 193 60 displicent.
449 1874 90 60 non
501 1874 103 60 enim
565 1874 116 60 omnia
642 1874 103 60 quae
706 1874 128 60 quoquo
796 1874 141 60 tangunt
886 1874 64 60 co-

224 1917 181 63 cipiuntur.
366 1917 91 63 sed
418 1917 129 63 aliqua
509 1917 78 63 vt
548 1917 104 63 nota
612 1917 104 63 sint
677 1917 91 63 non
729 1917 117 63 tamen
807 1917 117 63 verba
871 1917 65 63 di-

221 1962 148 66 cantur.
328 1962 121 66 sicut
409 1962 107 66 ista
476 1962 81 66 de
516 1962 134 66 quabus
610 1962 107 66 nunc
677 1962 148 66 agimus.
785 1962 81 66 Et
812 1962 134 66 sequitur

218 1998 138 70 Aliter
315 1998 110 70 omne
384 1998 110 70 quod
453 1998 124 70 notum
536 1998 97 70 est
591 1998 138 70 verbum
688 1998 152 70 dicitur
798 1998 124 70 animo
867 1998 69 70 im-

214 2049 165 67 pressum.
338 2049 152 67 quandiu
449 2049 83 67 de
490 2049 152 67 memoria
600 2049 165 67 proferri
724 2049 83 67 et
766 2049 179 67 diffiniri
890 2049 55 67 po

213 2093 119 65 test.
292 2093 145 65 quamuis
398 2093 106 65 ipsa
464 2093 92 65 res
516 2093 198 65 displiceat.
675 2093 132 65 Aliter
767 2093 119 65 tamen
833 2093 106 65 placet

212 2140 101 60 quod
276 2140 114 60 mente
352 2140 178 60 concipitur
491 2140 152 60 secundum
605 2140 101 60 quod
669 2140 114 60 genus
745 2140 114 60 verbi
808 2140 127 60 accipien

206 2181 93 57 dum
259 2181 106 57 est.
325 2181 106 57 quod
391 2181 93 57 ait
444 2181 199 57 apostorhus.
604 2181 106 57 Nemo
670 2181 119 57 dicit
749 2181 133 57 domins
829 2181 106 57 iesus.

204 2224 97 57 nisi
265 2224 73 57 in
301 2224 219 57 spiritusancto.
483 2224 85 57 cum
532 2224 146 57 secundum
641 2224 109 57 aliam
714 2224 170 57 vocationem
836 2224 97 57 verbi-

208 2262 119 74 dicant
291 2262 83 74 hoc
339 2262 71 74 et
374 2262 95 74 illi
434 2262 71 74 de
470 2262 119 74 quibus
553 2262 119 74 domins
636 2262 95 74 ait.
695 2262 83 74 non
743 2262 107 74 omnis
814 2262 83 74 qui
850 2262 83 74 dicit

203 2310 133 65 domine
296 2310 133 65 domine
389 2310 160 65 intrabit
509 2310 80 65 in
549 2310 133 65 regnum
643 2310 160 65 celorum.
763 2310 80 65 Et
790 2310 133 65 sequitur

205 2353 151 74 postea.
315 2353 137 74 Uerbum
411 2353 110 74 est.
480 2353 110 74 ergo
548 2353 110 74 quod
617 2353 110 74 nunc
685 2353 192 74 discernere
836 2353 82 74 et
863 2353 69 74 in-

192 2395 174 71 sinuare
319 2395 174 71 volumus
445 2395 111 71 cum
508 2395 142 71 amore
603 2395 190 71 notitia.
745 2395 95 71 Ex
793 2395 126 71 ista
856 2395 79 71 au-

201 2447 157 65 ctoritate
322 2447 121 65 potest
407 2447 121 65 haberi
491 2447 97 65 quod
552 2447 121 65 verbum
637 2447 85 65 vno
685 2447 97 65 modo
745 2447 157 65 accipitur
854 2447 73 65 pro-

195 2485 162 69 notitia
313 2485 103 69 cum
372 2485 147 69 amore.
475 2485 88 69 Et
519 2485 147 69 verbum
623 2485 103 69 sic
682 2485 147 69 dictum
785 2485 133 69 dicit
858 2485 74 69 du-

195 2536 70 59 os
230 2536 116 59 actus.
312 2536 140 59 scilicet
417 2536 175 59 intellectus
556 2536 70 59 et
591 2536 175 59 voluntatis.
731 2536 70 59 vt
766 2536 81 59 res
812 2536 93 59 quae
859 2536 58 59 sci

192 2570 94 75 tur
245 2570 121 75 etiam
326 2570 188 75 diligatur.
474 2570 134 75 Aliter
568 2570 175 75 accipitur
702 2570 134 75 verbum
796 2570 94 75 pro
836 2570 81 75 omni

196 2617 132 68 notitia
292 2617 96 68 quae
352 2617 72 68 de
389 2617 132 68 memoria
485 2617 144 68 proferri
593 2617 132 68 potest.
689 2617 72 68 et
725 2617 84 68 sic
774 2617 108 68 omnis
834 2617 84 68 noti-

193 2652 104 81 tia
253 2652 179 81 actualis
387 2652 149 81 potest
491 2652 119 81 dici
566 2652 164 81 verbum.
685 2652 149 81 Quinto
790 2652 119 81 modo
849 2652 75 81 ac

1097 281 146 73 cipitur
1203 281 133 73 verbum
1296 281 93 73 pro
1349 281 159 73 conceptu
1469 281 146 73 mentis.
1575 281 106 73 quod
1641 281 133 73 potest
1721 281 106 73 haberi

1098 342 77 69 ab
1137 342 180 69 augustino.
1278 342 116 69 patet
1355 342 77 69 de
1393 342 103 69 tri.
1458 342 77 69 c.
1496 342 116 69 iiii.
1573 342 90 69 vbi
1624 342 103 69 vult
1689 342 103 69 quod
1740 342 77 69 omne

1093 385 149 78 signum
1197 385 193 78 posterius
1346 385 178 78 notitia.
1479 385 119 78 quod
1554 385 193 78 adhibetur
1702 385 104 78 vel
1747 385 74 78 ad-

1087 432 153 72 hiberi
1194 432 153 72 potest
1301 432 245 72 adaliquomodo
1500 432 260 72 significandum
1715 432 138 72 illud

1100 483 104 63 quod
1165 483 209 63 intelligitur
1335 483 91 63 per
1387 483 157 63 notitiam
1505 483 91 63 est
1557 483 131 63 aliquo
1648 483 104 63 modo
1701 483 104 63 verbum

1092 527 87 68 et
1136 527 117 68 ideo
1209 527 102 68 cum
1267 527 189 68 conceptus
1413 527 146 68 aliquo
1515 527 117 68 modo
1588 527 218 68 significent
1748 527 58 68 il

1074 567 91 72 la
1119 567 106 72 que
1180 567 166 72 possunt
1300 567 211 72 intelligi.
1467 567 196 72 conceptus
1618 567 151 72 aliquo
1723 567 121 72 modo

1081 614 123 69 verba
1163 614 109 69 dici
1231 614 164 69 possunt.
1354 614 177 69 Similiter
1490 614 150 69 videtur
1599 614 136 69 dicere
1681 614 123 69 augusti

1081 658 95 65 nus
1136 658 108 65 quod
1203 658 176 65 cogitatum
1339 658 122 65 habet
1420 658 162 65 rationem
1542 658 135 65 verbi.
1637 658 108 65 quod
1704 658 95 65 est
1745 658 54 65 in

1075 702 217 67 telligendum
1248 702 87 67 de
1291 702 116 67 illo
1363 702 116 67 quod
1436 702 116 67 sine
1508 702 217 67 cogitatione
1681 702 116 67 esse
1739 702 72 67 non

1082 743 131 75 potest.
1178 743 155 75 cuiusmodi
1297 743 96 75 sunt
1357 743 167 75 conceptus.
1488 743 96 75 quia
1548 743 84 75 res
1596 743 84 75 que
1644 743 131 75 possunt
1727 743 72 75 esse

1073 795 96 63 sine
1133 795 191 63 cogitatione.
1288 795 72 63 et
1324 795 108 63 tamen
1396 795 131 63 possunt
1491 795 143 63 cogitari
1599 795 84 63 non
1647 795 131 63 possunt
1730 795 72 63 dici

1078 838 141 70 verba.
1177 838 183 70 Assumptum
1318 838 141 70 posset
1416 838 155 70 probari
1529 838 99 70 per
1585 838 141 70 beatum
1670 838 141 70 augusti-

1070 879 105 64 num
1130 879 105 64 vbi
1190 879 134 64 supra
1279 879 105 64 vbi
1339 879 134 64 dicit
1429 879 120 64 sic.
1503 879 90 64 De
1548 879 105 64 his
1608 879 120 64 nunc
1668 879 134 64 disseri

1078 929 103 64 mus
1137 929 117 64 quae
1210 929 117 64 nota
1284 929 191 64 cogitamus
1430 929 88 64 et
1474 929 117 64 nota
1548 929 117 64 sunt
1621 929 132 64 nobis
1694 929 103 64 etiam

1071 965 83 74 si
1113 965 97 74 non
1168 965 193 74 cogitentur
1319 965 69 74 a
1347 965 138 74 nobis.
1444 965 97 74 sed
1499 965 124 74 certa
1581 965 83 74 si
1623 965 83 74 ea
1664 965 138 74 dicere
1747 965 55 74 ve

1073 1008 126 77 limus
1157 1008 112 77 nisi
1227 1008 168 77 cogitata
1352 1008 98 77 non
1408 1008 181 77 possumus.
1548 1008 112 77 ergo
1618 1008 154 77 videtur
1715 1008 84 77 quod

1072 1053 129 71 etiam
1158 1053 100 71 que
1215 1053 200 71 cogitantur
1372 1053 157 71 dummodo
1487 1053 100 71 non
1544 1053 114 71 sunt
1615 1053 114 71 nisi
1687 1053 86 71 in
1715 1053 72 71 men

1071 1103 70 66 te
1106 1103 81 66 nec
1153 1103 128 66 possunt
1246 1103 93 66 esse
1304 1103 93 66 nisi
1362 1103 175 66 cogitentur.
1502 1103 116 66 igitur
1583 1103 151 66 huiusmodi
1688 1103 105 66 possunt

1073 1145 110 63 dici
1142 1145 137 63 verba.
1238 1145 96 63 Sed
1293 1145 124 63 vtrum
1375 1145 178 63 huiusmodi
1512 1145 178 63 conceptus
1636 1145 151 63 differant

1070 1184 86 70 ab
1113 1184 158 70 actibus
1228 1184 231 70 intelligendi
1415 1184 101 70 non
1473 1184 101 70 est
1531 1184 115 70 modo
1588 1184 202 70 disserendum.

1074 1228 65 76 â‹
1100 1228 91 76 Sic
1152 1228 104 76 ergo
1217 1228 104 76 dico
1282 1228 104 76 quod
1347 1228 104 76 ista
1412 1228 143 76 questio
1517 1228 221 76 principaliter
1686 1228 104 76 diffi-

1065 1279 156 62 cultatem
1182 1279 117 62 habet
1260 1279 78 62 ex
1299 1279 130 62 verbis
1390 1279 117 62 beati
1469 1279 182 62 augustini.
1612 1279 78 62 et
1651 1279 104 62 ideo
1703 1279 78 62 vter

1058 1315 101 70 dum
1115 1315 101 70 est
1173 1315 115 70 isto
1245 1315 173 70 vocabulo
1375 1315 130 70 sicut
1461 1315 159 70 ipsemet
1577 1315 187 70 vtebatur.
1721 1315 101 70 sed

1059 1357 103 76 ipse
1123 1357 154 76 vtebatur
1239 1357 167 76 aliquando
1368 1357 90 76 pro
1420 1357 103 76 omni
1484 1357 103 76 actu
1548 1357 219 76 intelligendi.
1716 1357 64 76 Ali

1062 1417 126 54 quando
1151 1417 88 54 pro
1201 1417 101 54 actu
1264 1417 189 54 iudicatiuo.
1415 1417 164 54 Aliquando
1541 1417 88 54 pro
1592 1417 101 54 actu
1642 1417 139 54 veridicor

1058 1445 167 76 Aliquando
1187 1445 90 76 pro
1238 1445 103 76 actu
1302 1445 154 76 veridico
1418 1445 90 76 cum
1469 1445 128 76 amore.
1559 1445 103 76 sede
1623 1445 90 76 pro
1674 1445 103 76 actu
1726 1445 64 76 iu-

1058 1498 158 70 dicatiuo
1176 1498 92 70 cum
1229 1498 131 70 amore.
1320 1498 118 70 sicut
1399 1498 144 70 innuit.
1504 1498 92 70 ix.
1557 1498 79 70 de
1596 1498 105 70 tri.
1662 1498 79 70 c.
1688 1498 92 70 viii.

1051 1536 84 64 Et
1093 1536 181 64 aliquando
1232 1536 98 64 pro
1288 1536 112 64 omni
1358 1536 167 64 cogitato
1483 1536 112 64 quod
1553 1536 112 64 sine
1609 1536 181 64 cogitatione

1056 1584 99 71 illa
1117 1584 99 71 esse
1179 1584 86 71 non
1228 1584 136 71 potest.
1327 1584 74 71 Et
1364 1584 99 71 ideo
1426 1584 123 71 quando
1512 1584 148 71 videntur
1624 1584 136 71 aliquae
1710 1584 74 71 opi-

1055 1634 145 58 niones
1156 1634 188 58 contrarie
1301 1634 101 58 per
1358 1634 246 58 distinctionem
1561 1634 116 58 sunt
1619 1634 159 58 saluande.

1073 1664 112 68 etat
1143 1664 112 68 ideo
1213 1664 126 68 eodem
1296 1664 112 68 modo
1366 1664 84 68 de
1408 1664 168 68 auctibus
1534 1664 181 68 sanctorum
1673 1664 98 68 qui
1715 1664 56 68 au

1052 1721 173 68 gustinum
1181 1721 216 68 sequebantur
1354 1721 101 68 est
1411 1721 201 68 faciendum.
1569 1721 72 68 â‹
1598 1721 101 68 Sed
1656 1721 115 68 tunc
1713 1721 72 68 est

1051 1761 146 69 dubium
1154 1761 88 69 an
1198 1761 146 69 verbum
1300 1761 190 69 quocumque
1447 1761 117 69 modo
1520 1761 161 69 dicatur
1623 1761 146 69 necessa-

1044 1806 107 67 rio
1105 1806 183 67 gignatur
1242 1806 91 67 de
1288 1806 183 67 memoria.
1425 1806 122 67 quod
1501 1806 168 67 videtur
1608 1806 152 67 augustin

1043 1845 150 72 dicere
1148 1845 135 72 valde
1239 1845 211 72 frequenter
1404 1845 75 72 â‹
1434 1845 90 72 Ad
1479 1845 105 72 hoc
1539 1845 120 72 dico
1615 1845 120 72 quod
1675 1845 90 72 memo

1049 1884 95 77 ria
1104 1884 109 77 apud
1172 1884 136 77 beatum
1268 1884 191 77 augustinum
1418 1884 191 77 dupliciter
1567 1884 191 77 accipitur.
1704 1884 68 77 Uno

1038 1939 119 62 modo
1113 1939 104 62 pro
1172 1939 149 62 habitu
1277 1939 254 62 intellectuali
1486 1939 194 62 derelicto
1635 1939 89 62 ex
1665 1939 89 62 actu

1034 1985 97 58 qui
1090 1985 139 58 potest
1187 1985 111 58 esse
1257 1985 195 58 principium
1409 1985 195 58 consimilis
1562 1985 139 58 actus.
1646 1985 111 58 Aliter

1033 2026 192 68 accipitur
1181 2026 163 68 memoria
1299 2026 104 68 pro
1359 2026 118 68 omni
1433 2026 192 68 principio
1566 2026 192 68 sufficiente

1035 2067 213 70 generationis
1207 2067 133 70 verbi.
1300 2067 106 70 siue
1367 2067 120 70 illud
1446 2067 186 70 principium
1593 2067 93 70 sit
1632 2067 120 70 ipsamet

1025 2110 143 73 anima.
1125 2110 115 73 siue
1197 2110 158 73 aliquid
1312 2110 187 73 informans
1455 2110 143 73 animam
1555 2110 115 73 siue
1613 2110 129 73 comprhi

1027 2157 94 68 dens
1086 2157 152 68 vtrumque.
1203 2157 70 68 et
1238 2157 82 68 sic
1285 2157 129 68 accipit
1379 2157 105 68 ipse.
1449 2157 105 68 patet
1520 2157 70 68 de
1555 2157 94 68 tri.
1613 2157 70 68 c.
1649 2157 94 68 xxi.
1695 2157 59 68 vbi

1025 2194 118 67 sic.
1099 2194 192 67 Cogitando
1247 2194 118 67 quod
1320 2194 133 67 verum
1409 2194 221 67 inuenerimus
1586 2194 103 67 hoc
1630 2194 118 67 maxime

1023 2240 209 69 intelligere
1190 2240 167 69 dicimur.
1315 2240 84 69 et
1357 2240 97 69 hoc
1413 2240 139 69 quidem
1510 2240 84 69 in
1552 2240 153 69 menoria
1650 2240 111 69 rursum

1016 2289 260 69 relinquimus.
1227 2289 114 69 sed
1292 2289 130 69 illa
1374 2289 228 69 abstrusior
1536 2289 212 69 profunditas

1020 2330 145 65 nostre
1122 2330 174 65 memorie.
1253 2330 87 65 vt
1296 2330 102 65 hoc
1354 2330 131 65 etiam
1441 2330 145 65 primum
1543 2330 102 65 cum
1586 2330 160 65 cogitamus

1016 2371 196 75 inuenimus
1167 2371 91 75 et
1212 2371 181 75 gignimus
1348 2371 166 75 intimum
1468 2371 151 75 verbum
1574 2371 121 75 quod
1634 2371 106 75 nulli

1014 2422 70 69 us
1049 2422 116 69 lingue
1130 2422 81 69 sit
1177 2422 128 69 tanquam
1270 2422 139 69 scientia
1374 2422 70 69 de
1409 2422 151 69 scientia.
1525 2422 70 69 et
1559 2422 104 69 visio
1629 2422 70 69 de
1652 2422 93 69 visio-

1017 2465 97 64 ne.
1073 2465 83 64 et
1114 2465 236 64 intelligentia
1309 2465 111 64 quae
1378 2465 153 64 apparet
1489 2465 83 64 in
1531 2465 208 64 cogitatione
1683 2465 56 64 de

1011 2507 256 75 intelligentia
1222 2507 105 75 que
1282 2507 150 75 fuerat
1387 2507 105 75 iam
1447 2507 90 75 in
1492 2507 181 75 memoria.
1628 2507 105 75 sed
1673 2507 60 75 la

1010 2546 126 64 tebat.
1099 2546 76 64 In
1137 2546 101 64 ista
1200 2546 189 64 auctoritate
1351 2546 151 64 innuitur
1464 2546 101 64 quod
1528 2546 139 64 memoria
1628 2546 101 64 isto
1679 2546 63 64 mo-

1007 2588 89 72 do
1052 2588 133 72 dicta
1140 2588 103 72 est
1199 2588 118 72 quod
1273 2588 192 72 praecedit
1420 2588 118 72 omne
1494 2588 148 72 verbum
1597 2588 89 72 et
1627 2588 103 72 omnem

1002 2638 247 65 cogitationem.
1206 2638 87 65 de
1250 2638 102 65 quo
1308 2638 131 65 tamen
1395 2638 175 65 cognitio
1526 2638 131 65 gigni
1599 2638 131 65 potest.

1001 2680 88 68 et
1045 2680 132 68 etiam
1133 2680 176 68 scientia
1265 2680 132 68 visio
1353 2680 88 68 et
1397 2680 264 68 intelligentia.
1617 2680 103 68 sed
1661 2680 73 68 hoc
