2271 3056
428 307 115 64 beati
505 307 167 64 augustini
633 307 115 64 debet
710 307 103 64 dici
774 307 103 64 quod
838 307 154 64 praecise
954 307 115 64 actus
1018 307 128 64 intelle-

424 349 109 62 ctus
492 349 95 62 est
547 349 136 62 verbum
642 349 109 62 illo
710 349 109 62 modo
778 349 109 62 acci
846 349 82 62 it
887 349 122 62 iendo
968 349 150 62 verbum.
1063 349 82 62 quia

434 391 126 69 beatus
523 391 177 69 augustinus
662 391 114 69 ponit
738 391 88 69 ibi
788 391 190 69 trinitatem.
940 391 152 69 scilicet
1054 391 76 69 in
1079 391 63 69 men

423 437 88 67 te
467 437 160 67 notitia
584 437 102 67 vel
642 437 131 67 verbo
730 437 88 67 et
773 437 146 67 amore.
876 437 117 67 ergo
948 437 117 67 amor
1021 437 102 67 non
1065 437 73 67 est

424 482 146 63 secunda
530 482 106 63 pars
596 482 159 63 ymaginis
716 482 146 63 illius.
822 482 93 63 nec
875 482 120 63 etiam
955 482 106 63 pars
1008 482 133 63 secundem

439 525 140 70 partis.
541 525 102 70 ergo
605 525 89 70 cum
656 525 128 70 verbum
745 525 89 70 sit
797 525 140 70 secunda
899 525 115 70 pars.
975 525 102 70 amor
1039 525 89 70 nec
1077 525 64 70 est

438 570 121 63 verbum
523 570 85 63 nec
571 570 97 63 pars
631 570 121 63 illius
716 570 97 63 vre.
776 570 85 63 bi.
825 570 169 63 Ueruntamen
958 570 145 63 secundum
1054 570 97 63 inten-

432 610 147 65 tionem
535 610 132 65 beati
624 610 206 65 augustini.
785 610 118 65 illa
859 610 162 65 notitia
976 610 103 65 non
1021 610 132 65 meretur

438 657 124 61 nomen
521 657 124 61 verbi
604 657 96 61 nec
659 657 96 61 est
714 657 152 61 verbum.
824 657 110 61 nisi
893 657 207 61 concurrente
1045 657 96 61 amor-

443 699 107 70 quia
509 699 94 70 hoc
563 699 174 70 vocabulum
697 699 94 70 sic
750 699 94 70 est
804 699 187 70 impositum.
951 699 80 70 vt
991 699 94 70 non
1031 699 120 70 dicatur

440 745 93 65 de
486 745 170 65 notitia
610 745 124 65 nisi
687 745 232 65 concurrente
873 745 155 65 amore.
965 745 186 65 Ueruntamen

435 787 118 62 alio
509 787 118 62 modo
583 787 206 62 accipiendo
745 787 162 62 verbum.
862 787 118 62 siue
936 787 118 62 amor
995 787 162 62 concurrat

434 831 104 62 siue
499 831 91 62 non
551 831 104 62 ipsa
616 831 143 62 notitia
719 831 91 62 est
771 831 143 62 verbum.
875 831 78 62 et
914 831 91 62 ita
966 831 130 62 variis
1043 831 104 62 modois

442 876 87 58 in
485 876 173 58 diuersis
615 876 130 58 locis
701 876 144 58 vtitur
802 876 144 58 beatus
903 876 202 58 augustinus
1062 876 101 58 hoc
1105 876 58 58 vo

442 925 139 60 cabulo
540 925 153 60 verbum.
651 925 125 60 sicut
735 925 125 60 prius
818 925 98 60 est
874 925 181 60 probatum.
1014 925 70 60 â‹
1041 925 84 60 Ad
1069 925 84 60 argu

437 964 138 70 mentum
534 964 83 70 in
576 964 180 70 oppositum
714 964 111 70 dico
783 964 111 70 quod
852 964 97 70 non
908 964 97 70 est
963 964 166 70 intentio
1074 964 83 70 bea-

439 1014 85 57 ti
481 1014 185 57 augustini
624 1014 114 57 quod
695 1014 142 57 verbum
795 1014 142 57 vocale
895 1014 142 57 semper
980 1014 171 57 significe-

450 1048 138 66 verbum
547 1048 152 66 mentale
658 1048 152 66 proprie
768 1048 194 66 accipiendo
921 1048 221 66 significare.
1087 1048 69 66 sed

444 1089 158 65 improprie
565 1089 146 65 secundum
675 1089 97 65 quod
736 1089 97 65 vnum
796 1089 122 65 signum
881 1089 170 65 significat
1015 1089 122 65 aliud.
1088 1089 73 65 quia

459 1136 133 61 cilicet
556 1136 158 61 imponitur
677 1136 73 61 ad
713 1136 206 61 significandum
883 1136 109 61 illud
956 1136 97 61 idem
1017 1136 97 61 quod
1065 1136 97 61 signi-

454 1182 117 60 ficat
532 1182 117 60 aliud
610 1182 130 60 signum
701 1182 156 60 secundum
819 1182 117 60 modum
897 1182 117 60 alibi
975 1182 182 60 expositum.
1105 1182 52 60 et

453 1222 181 67 huiusmodi
592 1222 125 67 signa
676 1222 111 67 sunt
745 1222 139 67 verbum
843 1222 139 67 vocale
940 1222 84 67 et
982 1222 139 67 verbum
1066 1222 97 67 menta

455 1266 87 69 le.
504 1266 148 69 secundum
615 1266 99 69 quod
677 1266 124 69 ibidem
764 1266 136 69 exponit
863 1266 124 69 beatus
949 1266 186 69 angustinus.
1098 1266 74 69 et
1123 1266 49 69 in

450 1308 145 68 diuersis
559 1308 109 68 locis
632 1308 133 68 exponit
729 1308 109 68 eodem
801 1308 97 68 modo
862 1308 145 68 scilicet
971 1308 97 68 quod
1032 1308 109 68 illud
1092 1308 73 68 idem

455 1353 120 62 quod
530 1353 210 62 concipimus
695 1353 105 62 non
755 1353 120 62 nisi
831 1353 105 62 per
891 1353 135 62 vocem
981 1353 105 62 vel
1041 1353 165 62 aliquod

445 1404 138 57 signum
542 1404 125 57 aliud
625 1404 208 57 exprimimus.
791 1404 83 57 et
833 1404 97 57 ita
888 1404 111 57 idem
957 1404 97 57 est
999 1404 166 57 significa-

457 1442 101 63 tum
514 1442 130 63 verbi
601 1442 174 63 mentalis
731 1442 87 63 et
775 1442 130 63 verbi
861 1442 174 63 vocalis.
992 1442 130 63 prius
1064 1442 101 63 tamen

461 1484 201 62 significatur
625 1484 88 62 per
675 1484 126 62 verbum
763 1484 138 62 mentale
863 1484 101 62 quam
926 1484 88 62 per
977 1484 126 62 verbum
1052 1484 113 62 vocale.

451 1531 113 64 Unde
522 1531 128 64 dicit
607 1531 142 64 beatus
706 1531 213 64 augustinus.
876 1531 128 64 patet
961 1531 85 64 de
1004 1531 113 64 tri.
1075 1531 99 64 ca.
1117 1531 57 64 x.

449 1566 171 72 formata
574 1566 202 72 cogitatio
729 1566 93 72 ab
776 1566 93 72 ea
823 1566 93 72 re
869 1566 124 72 quam
947 1566 156 72 scimus
1041 1566 124 72 verbum

462 1614 105 73 est
522 1614 120 73 quod
597 1614 90 73 in
642 1614 135 73 corde
732 1614 180 73 dicimus.
867 1614 120 73 quod
942 1614 105 73 nec
1002 1614 150 73 grecum
1092 1614 75 73 est

467 1661 98 59 nec
523 1661 154 59 latinum
635 1661 98 59 nec
691 1661 140 59 lingue
789 1661 168 59 alicuius
914 1661 182 59 alterius.
1054 1661 98 59 sed
1096 1661 70 59 cum

462 1702 130 62 illud
548 1702 116 62 opus
621 1702 101 62 est
679 1702 87 62 iu
722 1702 130 62 eorum
809 1702 145 62 quibus
910 1702 174 62 loquimur
1026 1702 145 62 proferre

464 1746 161 65 notitiam
584 1746 147 65 aliquid
691 1746 94 65 quo
745 1746 214 65 significatur
919 1746 188 65 assumitur.
1067 1746 80 65 et
1094 1746 80 65 ple-

456 1789 115 70 rumque
536 1789 115 70 sonus.
617 1789 150 70 aliquando
732 1789 104 70 etiam
801 1789 115 70 nutus.
881 1789 69 70 Ex
916 1789 92 70 ista
973 1789 173 70 auctoritate
1100 1789 81 70 patet

451 1831 104 73 quod
516 1831 130 73 verbum
607 1831 130 73 vocale
698 1831 221 73 principaliter
881 1831 182 73 significat
1024 1831 117 73 illud
1102 1831 104 73 quod

463 1874 89 69 pus
514 1874 114 69 intus
590 1874 165 69 loquimur.
716 1874 76 69 et
754 1874 114 69 cuius
830 1874 152 69 notitiam
944 1874 215 69 principaliter
1109 1874 63 69 in-

459 1914 147 71 tendimus
569 1914 171 71 exprimere.
703 1914 86 71 sed
752 1914 98 71 nunc
813 1914 86 71 est
862 1914 86 71 ita
911 1914 98 71 quod
972 1914 135 71 aliquis
1058 1914 110 71 loquen-

459 1965 141 58 alteri
558 1965 198 58 frequenter
713 1965 240 58 principaliter
911 1965 170 58 intendit
1024 1965 156 58 exprimere

458 2006 110 58 quo
521 2006 110 58 res
584 2006 142 58 extra
679 2006 95 58 se
726 2006 173 58 habent.
852 2006 142 58 sicut
947 2006 158 58 docens
1041 2006 142 58 aliquam

473 2049 168 66 plhsipniam
605 2049 156 66 naturalem
726 2049 84 66 non
774 2049 144 66 intendit
882 2049 205 66 principaliter
1051 2049 120 66 dicere
1123 2049 48 66 de

470 2095 142 58 verbo
565 2095 157 58 mentis
675 2095 110 58 sue
738 2095 110 58 sed
801 2095 94 58 de
848 2095 94 58 re
895 2095 126 58 quam
974 2095 142 58 verbo
1052 2095 126 58 mentis

471 2133 95 64 sue
526 2133 122 64 primo
607 2133 176 64 concipit.
742 2133 81 64 et
783 2133 108 64 ideo
850 2133 135 64 verbum
945 2133 135 64 vocale
1040 2133 95 64 rem
1080 2133 95 64 primo

463 2177 213 60 significabit.
639 2177 113 60 illam
714 2177 113 60 tamen
789 2177 88 60 rem
839 2177 113 60 prius
914 2177 138 60 loquens
1014 2177 125 60 verbum
1089 2177 100 60 menter

463 2227 142 65 sue
544 2227 305 65 significat.
788 2227 224 65 Questio
930 2227 183 65 tertia.

642 2268 290 104 Irca
823 2268 362 104 derbum
1040 2268 145 104 in

661 2344 171 63 creatum
786 2344 155 63 quero.
894 2344 140 63 Utrum
987 2344 140 63 solus
1065 2344 124 63 filius

655 2388 92 61 sit
708 2388 132 61 verbum
800 2388 79 61 in
839 2388 158 61 diuinis.
958 2388 105 61 Quod
1024 2388 105 61 non.
1090 2388 92 61 ver
1129 2388 66 61 bum

470 2434 92 62 est
523 2434 158 62 notitial
641 2434 92 62 vel
694 2434 198 62 intellectio
852 2434 79 62 ex
892 2434 198 62 praecedenti
1037 2434 145 62 questione

481 2473 89 72 sed
532 2473 89 72 non
583 2473 115 72 solus
660 2473 128 72 filius
750 2473 89 72 est
801 2473 141 72 notitia
903 2473 89 72 vel
954 2473 204 72 intellectio.
1107 2473 77 72 ergo

480 2519 59 80 â‹
504 2519 141 80 Preterea
609 2519 94 80 quod
668 2519 117 80 filius
750 2519 82 80 non
797 2519 82 80 sit
844 2519 117 80 verbum
926 2519 141 80 viditur.
1032 2519 94 80 quia
1079 2519 117 80 nascitur

492 2562 128 75 praecise
589 2562 64 75 de
621 2562 118 75 esentia
706 2562 118 75 patris.
792 2562 86 75 quia
845 2562 107 75 aliter
920 2562 96 75 esset
984 2562 107 75 filius
1059 2562 128 75 alicuius
1145 2562 53 75 al-

488 2607 118 72 terius
571 2607 95 72 quam
630 2607 130 72 patris.
725 2607 83 72 sed
772 2607 118 72 verbum
855 2607 83 72 non
902 2607 142 72 praecise
1009 2607 142 72 nascitur
1115 2607 71 72 de
1139 2607 59 72 sub

482 2655 132 69 stantia
578 2655 120 69 patris
662 2655 144 69 secundum
770 2655 132 69 bieatum
866 2655 180 69 augustinum.
1010 2655 108 69 patet
1082 2655 72 69 de
1106 2655 96 69 trini.

1234 262 86 81 ca.
1283 262 122 81 xiiii.
1368 262 159 81 dicentem.
1490 262 122 81 verbum
1576 262 110 81 natum
1649 262 98 81 esse
1710 262 73 81 de
1747 262 98 81 hiis
1808 262 134 81 omnibus
1894 262 73 81 quae

1231 330 101 71 sunt
1294 330 75 71 in
1332 330 138 71 seipso.
1433 330 151 71 scilicet
1546 330 126 71 patre:
1634 330 88 71 sed
1684 330 75 71 in
1722 330 126 71 patre.
1810 330 75 71 et
1847 330 75 71 in
1873 330 75 71 memi

1237 373 95 58 ria
1292 373 135 58 patris
1386 373 108 58 sunt
1454 373 176 58 creature.
1589 373 108 58 ergo
1656 373 95 58 etc
1710 373 68 58 â‹
1737 373 122 58 Circa
1818 373 122 58 istam
1886 373 81 58 que-

1235 413 167 58 stionem
1356 413 137 58 primo
1447 413 228 58 supponendum
1630 413 106 58 est
1691 413 122 58 vnum
1767 413 197 58 concessum
1903 413 61 58 ab

1239 458 142 67 omnibus.
1346 458 142 67 scilicet
1452 458 95 67 quod
1511 458 118 67 verbum
1594 458 83 67 est
1641 458 142 67 genitum.
1747 458 95 67 Ideo
1806 458 106 67 primo
1865 458 95 67 viden-

1238 500 95 64 dum
1293 500 95 64 est
1347 500 109 64 quid
1415 500 95 64 est
1469 500 149 64 genitum
1578 500 81 64 in
1619 500 163 64 diuinis.
1741 500 149 64 Secundo
1849 500 109 64 quod
1904 500 54 64 il

1236 548 98 66 lud
1292 548 153 66 genitum
1403 548 98 66 est
1459 548 153 66 verbum.
1571 548 139 66 Tertio
1668 548 84 66 de
1710 548 98 66 quo
1766 548 167 66 gignitur
1877 548 70 66 pro

1237 593 127 62 pter
1317 593 191 62 secundum
1460 593 223 62 argumentum
1635 593 80 62 â‹
1667 593 143 62 Circa
1763 593 159 62 primum
1858 593 96 62 dico

1238 643 99 56 quod
1299 643 124 56 nullum
1386 643 161 56 absolutum
1509 643 74 56 in
1546 643 136 56 diuinis
1645 643 86 56 est
1695 643 148 56 genitum.
1806 643 99 56 quia
1855 643 99 56 semper

1250 677 113 63 inter
1326 677 150 63 generans
1438 677 75 63 et
1476 677 138 63 genitum
1576 677 88 63 est
1626 677 125 63 realis
1714 677 175 63 distintio.
1839 677 125 63 secundum

1251 723 128 56 beatum
1341 723 179 56 Augustinum
1481 723 77 56 id
1519 723 89 56 est
1570 723 77 56 de
1609 723 179 56 trinitate.
1749 723 89 56 sed
1800 723 128 56 nullum
1877 723 89 56 abso-

1248 766 111 60 lutum
1322 766 198 60 distinguitur
1482 766 148 60 realiter
1593 766 62 60 a
1618 766 161 60 quocumque
1742 766 74 60 in
1779 766 99 60 deo.
1840 766 99 60 ergo
1890 766 74 60 etc.

1244 811 64 53 â‹
1270 811 77 53 Si
1309 811 142 53 dicatur
1412 811 103 53 quod
1476 811 129 53 verbum
1566 811 90 53 est
1618 811 116 53 quasi
1695 811 142 53 genitum
1798 811 90 53 vel
1837 811 129 53 procedit

1259 857 66 55 et
1292 857 133 55 gignitur
1392 857 133 55 secundum
1491 857 133 55 rationem
1590 857 122 55 quamuis
1679 857 77 55 non
1723 857 133 55 secundum
1822 857 110 55 realem
1889 857 77 55 emana

1255 895 125 71 tione
1338 895 97 71 vel
1394 895 222 71 gignitionem.
1574 895 69 71 â‹
1602 895 153 71 Contra.
1713 895 125 71 illud
1797 895 111 71 quod
1866 895 97 71 non
1908 895 69 71 gi-

1254 938 124 69 gnitur
1340 938 99 69 nisi
1402 938 149 69 secundum
1514 938 149 69 rationem
1625 938 87 69 non
1675 938 149 69 gignitur
1786 938 149 69 realiter
1898 938 74 69 ex
1922 938 50 69 na

1259 984 107 57 tura
1326 984 107 57 rei.
1392 984 107 57 ergo
1459 984 80 57 si
1500 984 174 57 absolutum
1633 984 80 57 in
1674 984 147 57 diuinis
1781 984 94 57 non
1821 984 147 57 gignitur.

1257 1030 91 54 nisi
1313 1030 136 54 secundum
1416 1030 136 54 rationem
1518 1030 80 54 non
1564 1030 136 54 gignitur
1666 1030 68 54 ex
1700 1030 114 54 natura
1780 1030 91 54 rei.
1837 1030 68 54 et
1871 1030 80 54 per
1905 1030 68 54 con-

1250 1072 143 59 sequens
1354 1072 91 59 non
1406 1072 91 59 est
1457 1072 104 59 vere
1522 1072 143 59 genitum
1626 1072 104 59 nisi
1691 1072 156 59 secundum
1807 1072 117 59 modum
1872 1072 104 59 intel-

1247 1115 160 68 ligendi.
1367 1115 67 68 â‹
1393 1115 173 68 Preterea.
1527 1115 133 68 semper
1620 1115 120 68 inter
1700 1115 160 68 generans
1820 1115 80 68 et
1847 1115 120 68 genitum

1257 1162 75 53 est
1300 1162 161 53 distinctio.
1429 1162 86 53 ergo
1483 1162 107 53 quando
1558 1162 118 53 aliquid
1644 1162 129 53 gignitur
1741 1162 129 53 secundum
1837 1162 129 53 rationem
1923 1162 54 53 in-

1264 1204 80 56 ter
1309 1204 138 56 generans
1413 1204 69 56 et
1447 1204 126 56 genitum
1539 1204 80 56 est
1584 1204 160 56 distinctio
1710 1204 138 56 secundum
1814 1204 149 56 rationem.
1917 1204 57 56 sed

1254 1255 164 48 ostensum
1377 1255 96 48 est
1432 1255 123 48 supra
1514 1255 218 48 distinctione
1691 1255 164 48 secunda.
1814 1255 109 48 quod
1869 1255 109 48 nullum

1256 1287 178 66 absolutum
1393 1287 82 66 in
1434 1287 150 66 diuinis
1543 1287 68 66 a
1570 1287 178 66 quocumque
1707 1287 218 66 distinguitur
1884 1287 82 66 in
1912 1287 68 66 di-

1263 1334 116 61 uinis.
1345 1334 139 61 secundum
1449 1334 151 61 rationem.
1565 1334 128 61 Secundo
1658 1334 93 61 dico
1716 1334 93 61 quod
1774 1334 104 61 illud
1844 1334 128 61 genitum
1925 1334 58 61 est

1269 1377 134 73 persona
1366 1377 158 73 relatiua.
1488 1377 85 73 sed
1537 1377 85 73 hoc
1585 1377 85 73 non
1634 1377 122 73 potest
1719 1377 134 73 probari
1817 1377 85 73 per
1853 1377 134 73 rationem.

1258 1428 95 57 sed
1313 1428 95 57 est
1367 1428 109 57 sola
1435 1428 109 57 fide
1503 1428 177 57 tenendum.
1639 1428 82 57 Et
1680 1428 109 57 quod
1748 1428 95 57 hoc
1802 1428 95 57 sit
1843 1428 136 57 tenendum

1259 1472 117 55 patet
1337 1472 130 55 multis
1428 1472 247 55 auctoritatibus.
1635 1472 91 55 tam
1687 1472 130 55 biblie
1778 1472 104 55 quam
1830 1472 143 55 sanctorum

1264 1515 104 55 quas
1329 1515 195 55 pertranseo.
1485 1515 104 55 quia
1550 1515 104 55 note
1615 1515 117 55 sunt.
1693 1515 65 55 â‹
1719 1515 117 55 Circa
1797 1515 156 55 secundum
1901 1515 78 55 arti

1267 1561 120 51 culum
1346 1561 93 51 est
1400 1561 159 51 tenendum
1519 1561 106 51 quod
1586 1561 120 51 illud
1665 1561 146 51 genitum
1771 1561 106 51 vere
1838 1561 93 51 est
1878 1561 106 51 verbum

1267 1597 105 55 Sed
1327 1597 180 55 qualiter
1462 1597 105 55 hoc
1522 1597 165 55 diuersi
1642 1597 195 55 declarant
1777 1597 195 55 diuersimodo

1277 1638 101 65 Unde
1341 1638 126 65 quidam
1429 1638 126 65 doctor
1517 1638 152 65 modernus
1631 1638 126 65 dicit.
1719 1638 101 65 quod
1783 1638 101 65 quia
1846 1638 126 65 filius
1921 1638 51 65 in

1268 1681 154 63 diuinis
1380 1681 140 63 emanat
1479 1681 84 63 in
1521 1681 112 63 esse
1591 1681 183 63 conspicuo
1731 1681 84 63 et
1773 1681 197 63 obiectiuo.
1914 1681 70 63 ita

1273 1726 102 60 tamen
1341 1726 91 60 quod
1398 1726 91 60 vere
1454 1726 136 60 realiter
1557 1726 102 60 capit
1625 1726 102 60 esse.
1693 1726 91 60 ideo
1750 1726 125 60 dicitur
1840 1726 125 60 verbum.
1920 1726 68 60 Unde

1267 1768 127 67 probat
1356 1768 102 67 tres
1420 1768 229 67 propositiones.
1611 1768 64 67 â‹
1636 1768 114 67 Prima
1712 1768 102 67 est.
1776 1768 102 67 quod
1839 1768 76 67 in
1878 1768 102 67 omni
1928 1768 64 67 in-

1257 1820 154 53 tentione
1373 1820 128 53 emanat
1462 1820 77 53 et
1501 1820 167 53 praecedit
1629 1820 90 53 non
1680 1820 141 53 aliquid
1783 1820 128 53 aliud.
1873 1820 90 53 sed
1911 1820 77 53 ipsa

1268 1854 92 58 met
1320 1854 92 58 res
1373 1854 144 58 cognita
1478 1854 79 58 in
1517 1854 105 58 esse
1583 1854 184 58 obiectiuo.
1727 1854 158 58 secundum
1846 1854 105 58 quod
1898 1854 92 58 habet

1266 1904 172 53 terminare
1398 1904 159 53 intuitum
1518 1904 212 53 intellectus.
1690 1904 66 53 â‹
1717 1904 146 53 Secunda
1823 1904 93 53 est
1876 1904 106 53 quod
1929 1904 53 53 ob

1276 1941 134 60 iectum
1369 1941 94 60 sic
1423 1941 147 60 positum
1530 1941 80 60 et
1570 1941 160 60 formatum
1690 1941 107 60 ante
1757 1941 134 60 dictum
1850 1941 120 60 intra
1917 1941 67 60 men

1273 1983 98 63 tem
1329 1983 98 63 vbi
1385 1983 196 63 cospicitur
1539 1983 84 63 et
1581 1983 84 63 ad
1623 1983 112 63 quod
1692 1983 196 63 cogitantis
1832 1983 140 63 intuitur

1267 2029 201 58 terminatur
1425 2029 101 58 est
1482 2029 144 58 verbum
1583 2029 144 58 mentis
1684 2029 158 58 nostre.
1799 2029 72 58 â‹
1828 2029 144 58 Tertia
1914 2029 72 58 est

1277 2077 103 60 quod
1341 2077 129 60 filius
1432 2077 77 60 in
1470 2077 142 60 diuinis
1573 2077 129 60 emanat
1663 2077 77 60 in
1702 2077 167 60 consimili
1831 2077 103 60 esse
1882 2077 103 60 conspi

1282 2123 80 60 cuo
1327 2123 68 60 et
1361 2123 160 60 obiectiuo.
1487 2123 80 60 sic
1532 2123 103 60 tamen
1601 2123 91 60 quod
1658 2123 137 60 formatur
1760 2123 91 60 vere
1817 2123 68 60 et
1851 2123 137 60 realiter
1942 2123 46 60 et

1274 2164 115 56 capit
1351 2164 102 56 esse
1414 2164 127 56 reale.
1504 2164 76 56 Ex
1542 2164 127 56 quibus
1631 2164 153 56 sequitur
1746 2164 102 56 quod
1810 2164 115 56 illud
1873 2164 115 56 genitum

1279 2209 85 52 in
1321 2209 156 52 diuinis
1435 2209 100 52 est
1492 2209 114 52 vere
1563 2209 156 52 verbum.
1677 2209 71 52 â‹
1706 2209 128 52 Prima
1777 2209 213 52 propositionem

1285 2251 135 63 probat
1380 2251 108 63 iste
1448 2251 122 63 alibi
1529 2251 122 63 sicut
1611 2251 149 63 ipsemet
1719 2251 122 63 dicit
1800 2251 95 63 hic
1841 2251 149 63 videlicet

1276 2289 108 73 quod
1343 2289 81 73 in
1384 2289 108 73 actu
1451 2289 203 73 intellectus
1613 2289 81 73 de
1654 2289 203 73 necessitate
1816 2289 95 73 res
1856 2289 135 73 intelle-

1282 2334 97 59 cta
1338 2334 153 59 ponitur
1449 2334 83 59 in
1490 2334 139 59 quodam
1587 2334 111 59 esse
1657 2334 222 59 intentionali
1823 2334 167 59 conspicuo-

1284 2375 192 60 apparenti
1432 2375 74 60 â‹
1462 2375 133 60 Primo
1550 2375 118 60 sic.
1624 2375 104 60 non
1683 2375 104 60 est
1743 2375 133 60 magis
1817 2375 177 60 formatiuus

1284 2425 126 53 sensus
1373 2425 151 53 exterior
1486 2425 88 53 vel
1536 2425 151 53 interior
1650 2425 101 53 quam
1713 2425 88 53 sit
1763 2425 113 53 actus
1826 2425 164 53 intellectus

1275 2466 105 64 sed
1335 2466 135 64 actus
1425 2466 150 64 sensus
1529 2466 209 64 exterioris
1694 2466 135 64 ponit
1784 2466 105 64 res
1843 2466 150 64 inesse
1933 2466 60 64 in

1282 2508 216 56 tentionali.
1454 2508 86 56 vt
1497 2508 129 56 patet
1583 2508 86 56 in
1626 2508 144 56 multis
1727 2508 244 56 experientiis.
1914 2508 86 56 Pri-

1285 2555 84 55 na
1327 2555 155 55 quidem.
1440 2555 113 55 quia
1510 2555 99 55 cum
1567 2555 169 55 portatur
1693 2555 155 55 aliquis
1806 2555 84 55 in
1848 2555 113 55 aqua
1904 2555 99 55 arbo.

1283 2595 101 58 res
1340 2595 202 58 existentes
1499 2595 87 58 in
1543 2595 116 58 ripa
1615 2595 145 58 moueri
1716 2595 188 58 videntur.
1861 2595 116 58 iste
1919 2595 72 58 mot

1287 2643 87 60 qui
1336 2643 87 60 est
1386 2643 75 60 in
1424 2643 112 60 oculo
1498 2643 162 60 obiectiue
1623 2643 87 60 non
1673 2643 125 60 potest
1760 2643 100 60 poni
1823 2643 100 60 quod
1885 2643 87 60 sit
1922 2643 75 60 ipsa
