2210 3051
388 262 160 71 minatio
505 262 116 71 sola
577 262 102 71 sed
635 262 160 71 quoddam
752 262 116 71 esse
824 262 232 71 intentionale
999 262 116 71 disti-

386 332 131 45 ctum
467 332 114 45 aut
533 332 212 45 apparens.
696 332 147 45 Iuxta
794 332 147 45 illud
876 332 245 45 commentatoris

386 364 89 56 ix.
437 364 128 56 metha.
527 364 166 56 commento.
654 364 102 56 vii.
718 364 89 56 qui
769 364 102 56 ait.
833 364 102 56 quod
897 364 179 56 intellecta
1025 364 89 56 dicum

390 406 83 54 tur
437 406 95 54 esse
497 406 83 54 non
544 406 189 54 simpliciter.
698 406 83 54 sed
745 406 95 54 esse
804 406 71 54 in
840 406 107 54 anima
911 406 71 54 et
946 406 71 54 in
970 406 142 54 cognitione

395 455 69 64 â‹
423 455 207 64 Aposteriori
588 455 124 64 autem
671 455 110 64 idem
740 455 165 64 apparet.
864 455 152 64 constat
974 455 110 64 enim
1029 455 83 64 quod

393 494 174 52 intellectus
533 494 116 52 fertur
614 494 105 52 super
684 494 105 52 rosam
754 494 174 52 simpliciter
893 494 70 52 et
928 494 151 52 experitur
1033 494 81 52 illam

388 538 103 59 sibi
452 538 129 59 obiici
543 538 180 59 obiectiue.
684 538 116 59 illud
761 538 129 59 itaque
852 538 103 59 quod
916 538 180 59 obiicitur.
1045 538 64 59 aut

396 588 88 45 est
447 588 138 45 species
547 588 163 45 informans
673 588 201 45 intellectum.
836 588 88 45 aut
886 588 113 45 actus
949 588 151 45 intellectu

389 627 94 56 aut
442 627 94 56 res
496 627 121 56 facta
577 627 94 56 per
631 627 215 56 intellectum.
806 627 94 56 aut
859 627 94 56 res
913 627 188 56 subsistens
1048 627 67 56 pri

403 678 83 48 ter
451 678 178 48 intellectu.
593 678 83 48 aut
640 678 107 48 omnes
712 678 95 48 rose
771 678 166 48 existentes
901 678 83 48 exa
949 678 131 48 posite.
1032 678 83 48 tamen

394 711 75 51 in
432 711 100 51 esse
495 711 200 51 intentionali
657 711 75 51 et
695 711 163 51 apparenti
820 711 113 51 quasi
895 711 88 51 vna
945 711 100 51 rosa
995 711 113 51 totalis

406 754 79 60 Non
451 754 113 60 potest
530 754 102 60 autem
597 754 90 60 dari
654 754 124 60 primum.
744 754 147 60 videlicet
857 754 90 60 quod
913 754 79 60 sit
958 754 124 60 species
1037 754 68 60 rose

396 807 145 47 existens
505 807 73 47 in
541 807 182 47 intellectu.
687 807 85 47 cum
735 807 97 47 enim
796 807 109 47 illud
869 807 170 47 obiiciatur
990 807 121 47 intelle-

389 848 105 48 ctui
454 848 79 48 et
494 848 157 48 cernatur
611 848 79 48 ab
651 848 92 48 eo.
703 848 92 48 aut
756 848 92 48 ibi
808 848 131 48 sistit
900 848 209 48 intellectus.
1057 848 52 48 et

399 888 83 53 hoc
447 888 95 53 poni
506 888 83 53 non
553 888 131 53 potest.
648 888 95 53 quia
708 888 83 53 non
755 888 214 53 intelligeretur
933 888 83 53 res
980 888 119 53 extra.
1052 888 59 53 sed

394 931 112 63 tantum
472 931 135 63 species.
573 931 67 63 et
607 931 112 63 iterum
686 931 135 63 scientia
787 931 101 63 esset
854 931 67 63 de
888 931 157 63 speciebus.
1011 931 79 63 nec
1045 931 67 63 ista

399 977 147 66 proposito
511 977 101 66 esset
579 977 101 66 vera.
647 977 90 66 rosa
703 977 79 66 est
748 977 101 66 flos.
816 977 90 66 quia
872 977 124 66 species
962 977 90 66 rose
1019 977 79 66 non
1053 977 56 66 est

387 1023 144 50 species
492 1023 144 50 floris.
596 1023 92 50 aut
648 1023 92 50 non
701 1023 131 50 sistit
792 1023 78 50 in
831 1023 105 50 illa
897 1023 131 50 specie
975 1023 131 50 intuitio

397 1073 225 44 intellectus.
580 1073 98 44 sed
636 1073 225 44 praetenditur
819 1073 169 44 mediante
945 1073 112 44 illa
1016 1073 84 44 ad
1044 1073 70 44 rem

393 1106 77 52 et
432 1106 102 52 tunc
495 1106 140 52 habetur
598 1106 166 52 intentum.
725 1106 89 52 res
776 1106 102 52 enim
840 1106 102 52 illa
904 1106 153 52 existens
1019 1106 77 52 in
1044 1106 77 52 vlti

385 1149 118 54 mato
459 1149 177 54 intuitum
592 1149 103 54 per
651 1149 133 54 modum
739 1149 207 54 apparentur
902 1149 103 54 est
961 1149 89 54 de
1005 1149 118 54 illa
1064 1149 59 54 de

408 1193 82 56 qua
455 1193 82 56 est
502 1193 141 56 praesens
608 1193 176 56 inquasitio.
749 1193 82 56 Nec
796 1193 118 56 potest
879 1193 106 56 etiam
949 1193 94 56 poni
1008 1193 94 56 quod
1055 1193 59 56 sit

392 1239 111 52 ipse
462 1239 125 52 actus
545 1239 209 52 intellectus
712 1239 111 52 rosa
781 1239 111 52 illa
851 1239 181 52 apparens.
990 1239 97 52 Tum
1032 1239 83 52 quia

384 1285 220 51 intellectus
560 1285 132 51 primo
648 1285 147 51 cerner
751 1285 73 51 t
781 1285 117 51 suum
854 1285 132 51 actum
942 1285 88 51 et
971 1285 147 51 mediante

389 1325 76 53 eo
427 1325 152 53 cerneret
542 1325 165 53 obiectum.
669 1325 76 53 et
707 1325 89 53 per
758 1325 178 53 consequens
897 1325 89 53 non
935 1325 178 53 intelligeret

390 1370 101 49 res
447 1370 172 49 directe.
576 1370 101 49 Tum
634 1370 115 49 quia
706 1370 158 49 rediret
821 1370 129 49 error
892 1370 216 49 commentatoris

396 1416 104 57 quod
461 1416 91 57 sit
513 1416 104 57 vnus
578 1416 195 57 intellectus
734 1416 78 57 in
774 1416 143 57 omnibus
878 1416 182 57 hominibus.
1008 1416 104 57 certum

387 1455 94 49 est
440 1455 108 49 enim
508 1455 108 49 quod
575 1455 108 49 rosa
642 1455 108 49 illa
710 1455 162 49 apparens
831 1455 94 49 non
885 1455 94 49 est
939 1455 94 49 nec
979 1455 135 49 multipli

398 1496 87 56 cari
452 1496 119 56 potest.
539 1496 65 56 et
571 1496 76 56 ita
614 1496 76 56 est
658 1496 76 56 vna
701 1496 65 56 in
733 1496 65 56 me
766 1496 65 56 et
798 1496 65 56 in
831 1496 76 56 te.
874 1496 65 56 et
907 1496 76 56 per
950 1496 151 56 consequens
1058 1496 54 56 sub

394 1542 138 54 iectum
491 1542 110 54 eius
560 1542 207 54 intellectus
725 1542 193 54 possibilis
877 1542 124 54 esset
959 1542 110 54 idem
1028 1542 83 54 in
1056 1542 55 54 me

404 1590 77 52 et
443 1590 77 52 in
482 1590 77 52 te
520 1590 90 52 non
572 1590 232 52 multiplicatum.
766 1590 90 52 Nec
817 1590 129 52 potest
907 1590 116 52 etiam
985 1590 103 52 poni
1037 1590 77 52 quod

392 1628 89 60 sit
443 1628 127 60 aliqua
532 1628 89 60 res
583 1628 115 60 facta
660 1628 89 60 per
711 1628 191 60 intellectum
864 1628 76 60 in
902 1628 102 60 esse
966 1628 127 60 reali.
1042 1628 64 60 Tum

390 1685 105 45 qui
450 1685 225 45 intellectio
630 1685 105 45 est
690 1685 180 45 operatio
826 1685 180 45 immanens
961 1685 90 45 ex
1006 1685 105 45 qua
1051 1685 60 45 no

398 1720 154 55 sequitur
514 1720 141 55 aliquid
616 1720 116 55 actu.
693 1720 77 55 vt
732 1720 128 55 patet.
822 1720 90 55 ix.
873 1720 103 55 meth
937 1720 64 55 â‹
963 1720 90 55 Tum
1014 1720 103 55 quia
1066 1720 51 55 si

396 1759 140 60 aspectus
502 1759 175 60 intellectus
642 1759 117 60 sistit
724 1759 70 60 in
759 1759 94 60 illa
817 1759 82 60 re.
864 1759 140 60 scientie
969 1759 105 60 erunt
1039 1759 70 60 de
1063 1759 58 60 ill

390 1803 114 62 rebus
467 1803 76 62 et
505 1803 89 62 non
555 1803 76 62 de
594 1803 114 62 rebus
670 1803 89 62 ex.
721 1803 76 62 et
759 1803 216 62 propositiones
936 1803 89 62 non
987 1803 114 62 erunt
1051 1803 76 62 vere

397 1847 96 59 qui
452 1847 192 59 ntellectus
603 1847 205 59 concipiendo
767 1847 178 59 subiectum
904 1847 164 59 formaret
1013 1847 96 59 aliam

401 1900 95 46 rem
456 1900 81 46 et
496 1900 122 46 aliam
578 1900 204 46 concipiendo
741 1900 217 46 praedicatum.
917 1900 81 46 et
958 1900 95 46 sic
1012 1900 95 46 vna
1053 1900 68 46 non

408 1933 102 54 erit
472 1933 115 54 alia.
549 1933 89 54 Nec
600 1933 128 54 potest
689 1933 102 54 dici
753 1933 102 54 quod
817 1933 89 54 sic
868 1933 128 54 aliqua
957 1933 89 54 res
995 1933 128 54 intentio

394 1982 86 57 nem
443 1982 173 57 praecedens
579 1982 123 57 habens
665 1982 136 57 aliquod
763 1982 99 57 esse
825 1982 123 57 reale.
911 1982 86 57 Tum
961 1982 99 57 quia
1010 1982 111 57 destru-

410 2028 115 47 ctis
482 2028 158 47 omnibus
597 2028 130 47 rosis
683 2028 259 47 particularibus
899 2028 187 47 remaneret
1029 2028 86 47 rao-

399 2071 57 51 sa
428 2071 143 51 simpliciter
543 2071 105 51 contrus
619 2071 143 51 philosophum
733 2071 57 51 in
762 2071 172 51 praedicamentur
905 2071 76 51 quai
953 2071 76 51 ait.
1001 2071 76 51 quod
1039 2071 76 51 destru

405 2116 106 50 ctis
471 2116 146 50 praemis
578 2116 200 50 impossibile
737 2116 93 50 est
790 2116 146 50 aliquod
897 2116 146 50 aliorum
990 2116 133 50 remamere

397 2151 80 54 et
437 2151 160 54 loquitur
557 2151 80 54 de
597 2151 160 54 secundis
717 2151 213 54 substantiis.
890 2151 93 54 Tum
943 2151 107 54 quia
997 2151 133 54 redirent

409 2192 122 59 ydee
485 2192 213 59 platonice.
652 2192 167 59 ponebat
774 2192 122 59 enim
850 2192 137 59 plato
941 2192 167 59 hominem
1048 2192 76 59 sub

404 2239 178 58 listentem
542 2239 124 58 illum
624 2239 96 58 qui
679 2239 192 58 terminabat
830 2239 165 58 aspectum
940 2239 178 58 intellectus

404 2282 204 60 concipientis
570 2282 140 60 hominem
672 2282 204 60 simpliciter.
837 2282 76 60 et
875 2282 140 60 vocabat
977 2282 102 60 ista
1041 2282 89 60 per
1079 2282 51 60 se

401 2329 171 51 hominem.
529 2329 100 51 per
586 2329 86 51 se
629 2329 143 51 rosam.
729 2329 129 51 quasi
815 2329 143 51 formas
915 2329 186 51 naturales
1044 2329 71 51 per

399 2381 93 44 se
445 2381 247 44 subsistentes
646 2381 93 44 et
692 2381 108 44 has
754 2381 170 44 dicebat
877 2381 154 44 ydeas.
985 2381 108 44 Tum
1031 2381 93 44 quia

410 2412 209 64 propositiones
582 2412 111 64 false
656 2412 111 64 erunt
729 2412 111 64 sicut
803 2412 135 64 argutum
902 2412 86 64 est
951 2412 74 64 de
988 2412 123 64 aliis.
1062 2412 61 64 nec

401 2458 235 60 diffinitiones
595 2458 97 60 aut
650 2458 166 60 scientie
775 2458 138 60 essent
872 2458 83 60 de
913 2458 125 60 rebus
983 2458 138 60 exntibus

414 2497 117 67 extra.
496 2497 105 67 sicut
566 2497 175 67 philosophus
706 2497 128 67 arguit.
800 2497 82 67 vii
846 2497 105 67 meth.
916 2497 93 67 Unde
975 2497 140 67 secundum
1068 2497 47 67 ve

401 2545 184 55 ritatem.
539 2545 230 55 intellectus
723 2545 138 55 nihil
814 2545 153 55 sciret
922 2545 92 55 de
968 2545 138 55 rebus
1044 2545 77 55 que

400 2588 113 64 sunt
470 2588 127 64 inter
555 2588 113 64 nos.
625 2588 84 64 si
667 2588 113 64 illa
738 2588 99 64 que
794 2588 183 64 terminant
935 2588 169 64 aspectus
1048 2588 70 64 in-

402 2631 191 68 tellectus
549 2631 250 68 considerantis
755 2631 162 68 naturas
873 2631 132 68 rerum
946 2631 191 68 simplicitur

1206 264 119 60 sunt
1281 264 164 60 aliquid
1400 264 149 60 habens
1504 264 119 60 esse
1579 264 149 60 reale.
1683 264 119 60 ergo
1742 264 194 60 relinquitur

1206 320 88 49 vt
1250 320 132 49 detur
1338 320 176 49 vltimum.
1470 320 191 49 videlicet
1617 320 117 49 quod
1690 320 103 49 non
1749 320 147 49 habeat
1837 320 88 49 nisi

1199 365 103 55 esse
1263 365 154 55 apparens
1379 365 77 55 et
1417 365 218 55 intentionale.
1597 365 77 55 vt
1635 365 90 55 sic
1686 365 115 55 omnes
1763 365 103 55 rose
1827 365 103 55 quae
1879 365 51 55 in

1204 412 113 44 esse
1274 412 127 44 reali
1359 412 183 44 distincte
1500 412 113 44 sunt
1570 412 169 44 ponantur
1697 412 84 44 in
1739 412 113 44 esse
1809 412 99 44 non
1852 412 70 44 rea

1203 450 79 47 li
1242 450 92 47 sed
1295 450 211 47 intentionali
1466 450 92 47 vna
1519 450 145 47 totalis
1624 450 119 47 rosa.
1703 450 79 47 et
1743 450 92 47 sic
1782 450 145 47 saluantur

1208 493 115 53 omnia
1285 493 89 53 que
1336 493 141 53 inducta
1438 493 115 53 sunt.
1515 493 89 53 Nam
1566 493 102 53 rosa
1630 493 102 53 illa
1694 493 89 53 est
1745 493 102 53 idem
1796 493 128 53 realiter

1207 539 85 48 cum
1255 539 133 48 omnibus
1352 539 121 48 rosis.
1437 539 97 48 quia
1498 539 97 48 illa
1558 539 158 48 conspecta
1680 539 206 48 conspiciuntur
1837 539 85 48 omnes

1205 587 103 48 rose
1269 587 77 48 vt
1308 587 116 48 vnum.
1385 587 90 48 non
1436 587 77 48 vt
1475 587 180 48 distincte.
1616 587 77 48 et
1655 587 90 48 ita
1706 587 154 48 scientia
1822 587 90 48 est
1861 587 51 48 de

1199 631 126 51 rebus
1283 631 84 51 et
1325 631 196 51 propositio
1479 631 84 51 et
1521 631 196 51 diffinitio
1676 631 84 51 et
1718 631 98 51 res
1760 631 154 51 cognoscum

1203 672 103 50 tur
1262 672 177 50 directe.
1395 672 162 50 Apparet
1513 672 118 50 ergo
1586 672 74 50 a
1616 672 147 50 priori
1719 672 88 50 et
1763 672 74 50 a
1778 672 147 50 posterio

1200 715 90 55 ri.
1252 715 103 55 quia
1316 715 90 55 per
1368 715 193 55 intellectum
1522 715 90 55 res
1574 715 142 55 cognita
1677 715 116 55 capit
1754 715 142 55 quoddam
1845 715 77 55 esse

1197 755 174 58 apparens
1328 755 87 58 et
1372 755 247 58 intentionale.
1575 755 73 58 â‹
1604 755 116 58 Ista
1677 755 145 58 opinio
1779 755 160 58 quantum
1895 755 87 58 ad
1924 755 58 58 In

1205 805 224 51 conclusionem
1387 805 98 51 pro
1443 805 98 51 qua
1499 805 168 51 rationes
1625 805 154 51 priores
1737 805 112 51 sunt
1793 805 126 51 adducte

1202 849 141 44 videtur
1305 849 103 44 mihi
1369 849 129 44 falsa.
1459 849 103 44 quia
1524 849 116 44 tamen
1601 849 116 44 pauca
1678 849 103 44 vidi
1742 849 77 44 de
1781 849 129 44 dictis
1858 849 64 44 il-

1203 890 106 45 lius
1269 890 172 45 doctoris.
1401 890 79 45 si
1441 890 106 45 enim
1507 890 119 45 omnes
1587 890 119 45 vices
1666 890 132 45 quibus
1759 890 146 45 respexi
1852 890 66 45 di-

1201 934 97 45 cta
1257 934 97 45 sua
1312 934 125 45 simul
1395 934 249 45 congregarentur
1603 934 97 45 non
1658 934 194 45 complerent
1796 934 125 45 spacium

1204 978 130 48 vnius
1290 978 115 48 diei
1362 978 202 48 naturalis.
1521 978 115 48 ideo
1593 978 144 48 contra
1693 978 187 48 opinantem
1823 978 101 48 istum

1198 1022 114 50 nolo
1269 1022 143 50 multum
1369 1022 172 50 arguere.
1498 1022 143 50 possem
1598 1022 114 50 enim
1670 1022 157 50 leuitur
1784 1022 86 50 ex
1813 1022 100 50 igno-

1206 1071 132 42 rantia
1298 1071 158 42 dictorum
1416 1071 132 42 suorum
1508 1071 118 42 magis
1587 1071 132 42 contra
1679 1071 118 42 verba
1758 1071 105 42 quam
1811 1071 105 42 contra

1202 1108 138 45 mentem
1299 1108 111 45 suam
1368 1108 166 45 arguere.
1492 1108 111 45 Quia
1562 1108 124 45 tamen
1644 1108 180 45 conclusio
1783 1108 124 45 sicut
1852 1108 55 45 so

1192 1152 99 48 nat
1248 1152 155 48 apparet
1361 1152 113 48 mihi
1432 1152 141 48 falsa.
1531 1152 141 48 arguam
1630 1152 141 48 contra
1728 1152 113 48 eam:
1799 1152 113 48 siue
1856 1152 56 48 ap

1208 1197 155 50 gumenta
1321 1197 184 50 procedant
1462 1197 141 50 contra
1561 1197 141 50 mentem
1660 1197 184 50 opinantis
1801 1197 113 50 siue
1857 1197 71 50 non

1211 1239 143 56 Possent
1315 1239 117 56 autem
1393 1239 130 56 contra
1484 1239 117 56 istam
1562 1239 208 56 conclusionem
1730 1239 130 56 adduci
1808 1239 104 56 aliquo

1207 1283 190 45 argumenta
1354 1283 103 45 que
1412 1283 117 45 feci
1486 1283 249 45 distinctione.
1691 1283 132 45 xxvi.
1779 1283 132 45 huius
1852 1283 73 45 li-

1198 1329 108 49 beri
1266 1329 81 49 de
1307 1329 108 49 esse
1374 1329 162 49 cognito.
1496 1329 108 49 quam
1564 1329 162 49 materiam
1685 1329 176 49 tractaui.
1820 1329 81 49 et
1847 1329 68 49 fe-

1205 1372 87 45 re
1248 1372 130 45 omnes
1335 1372 130 45 alias
1422 1372 87 45 de
1465 1372 130 45 primo
1552 1372 130 45 libro
1639 1372 159 45 anteque
1754 1372 116 45 vidi
1812 1372 116 45 opinio

1196 1412 94 55 nem
1249 1412 94 55 hic
1303 1412 188 55 recitatam.
1451 1412 175 55 praedicta
1586 1412 175 55 argumenta
1720 1412 135 55 querat
1801 1412 121 55 ibiden-

1205 1456 86 49 et
1248 1456 171 49 applicet
1376 1456 100 49 hic
1433 1456 100 49 qui
1490 1456 186 49 voluerit.
1633 1456 100 49 Sed
1690 1456 86 49 ad
1733 1456 171 49 praesens
1848 1456 71 49 ar-

1208 1503 93 52 guo
1261 1503 93 52 sic
1314 1503 133 52 primo.
1408 1503 120 52 quero
1488 1503 80 52 de
1528 1503 107 52 illo
1595 1503 107 52 esse
1661 1503 174 52 apparenti
1795 1503 80 52 et
1822 1503 93 52 inten

1206 1549 151 49 tionali.
1319 1549 88 49 aut
1370 1549 113 49 habet
1445 1549 100 49 esse
1508 1549 176 49 obiectiuum
1646 1549 138 49 tantum:
1746 1549 88 49 ita
1796 1549 100 49 quod
1847 1549 75 49 nul-

1196 1585 112 50 libi
1266 1585 126 50 habet
1350 1585 112 50 esse
1420 1585 224 50 subiectiuum.
1603 1585 98 50 Aut
1659 1585 154 50 alicubi
1771 1585 126 50 habet
1841 1585 84 50 esse

1209 1630 191 47 subiectiuum.
1365 1630 120 47 primum
1448 1630 84 47 non
1496 1630 120 47 potest
1580 1630 108 47 dari.
1652 1630 84 47 tum
1700 1630 96 47 quia
1759 1630 96 47 tunc
1819 1630 84 47 per
1855 1630 60 47 sen

1206 1675 107 61 sum
1267 1675 168 61 nunquam
1389 1675 122 61 vera
1465 1675 183 61 qualitas
1602 1675 305 61 apprehenderetur.
1846 1675 76 61 vel

1200 1718 76 54 in
1238 1718 178 54 sensatione
1378 1718 89 54 duo
1429 1718 140 54 obiecta
1531 1718 267 54 apprehenderentur.
1760 1718 153 54 scilicet
1861 1718 64 54 qua

1197 1759 131 51 litas
1285 1759 146 51 realis
1387 1759 88 51 et
1431 1759 131 51 illud
1518 1759 146 51 habens
1621 1759 117 51 esse
1694 1759 219 51 obiectiuum.
1854 1759 73 51 Tum

1205 1800 186 56 quia:nihil
1351 1800 93 56 est
1404 1800 159 56 obiectum
1523 1800 133 56 sensus
1616 1800 93 56 per
1669 1800 80 56 se
1709 1800 80 56 et
1748 1800 159 56 proprium
1854 1800 80 56 nisi

1200 1850 164 46 sensibile
1326 1850 126 46 reale.
1415 1850 88 46 Tum
1465 1850 101 46 quia
1528 1850 101 46 tale
1591 1850 88 46 non
1642 1850 88 46 est
1692 1850 101 46 nisi
1755 1850 88 46 ens
1793 1850 126 46 rationis

1204 1888 86 57 sed
1253 1888 86 57 ens
1302 1888 147 57 rationis
1412 1888 86 57 non
1462 1888 86 57 est
1511 1888 86 57 per
1560 1888 74 57 se
1597 1888 221 57 apprehensibile
1781 1888 61 57 a
1805 1888 123 57 sensu.
1879 1888 49 57 Se

1208 1932 126 47 cundum
1296 1932 113 47 etiam
1372 1932 88 47 non
1422 1932 126 47 potest
1510 1932 113 47 dari.
1585 1932 100 47 quia
1648 1932 113 47 illud
1723 1932 100 47 quod
1786 1932 138 47 alicubi
1874 1932 63 47 ha-

1199 1971 91 57 bet
1251 1971 104 57 esse
1316 1971 207 57 subiectiuum.
1484 1971 130 57 quando
1575 1971 117 57 habet
1653 1971 104 57 esse
1718 1971 194 57 subiectiuum
1860 1971 65 57 est

1219 2022 95 50 vere
1278 2022 83 50 ens
1326 2022 106 50 reale
1396 2022 71 50 et
1432 2022 83 50 non
1479 2022 118 50 tantum
1562 2022 189 50 intetionale.
1715 2022 95 50 ergo
1774 2022 71 50 si
1810 2022 95 50 tale
1857 2022 71 50 esse

1204 2064 175 58 apparens
1336 2064 88 58 et
1380 2064 233 58 intentionale
1569 2064 161 58 haberet
1686 2064 117 58 esse
1744 2064 190 58 subiectiuum

1210 2108 110 49 vere
1279 2108 124 49 esset
1361 2108 96 49 ens
1416 2108 137 49 reale.
1513 2108 69 49 â‹
1540 2108 179 49 Preterea.
1678 2108 82 49 si
1719 2108 124 49 habet
1801 2108 110 49 esse
1856 2108 69 49 sub

1207 2150 129 50 iectiuum
1304 2150 150 50 necessario
1422 2150 75 50 est
1465 2150 150 50 substantia
1583 2150 75 50 vel
1626 2150 140 50 accidens.
1734 2150 64 50 et
1766 2150 75 50 per
1798 2150 129 50 consequens

1208 2185 199 66 necessario
1364 2185 114 66 erit
1436 2185 100 66 ens
1493 2185 142 66 reale.
1592 2185 71 66 â‹
1621 2185 185 66 Preterea.
1763 2185 128 66 quero
1849 2185 85 66 de
1877 2185 57 66 il

1211 2237 82 55 lo
1252 2237 109 55 esse
1321 2237 178 55 apparenti
1457 2237 82 55 in
1498 2237 96 55 quo
1553 2237 137 55 albedo
1649 2237 219 55 constituitur
1813 2237 109 55 quando

1206 2282 128 55 albedo
1296 2282 154 55 videtur.
1412 2282 90 55 aut
1463 2282 90 55 est
1514 2282 103 55 idem
1578 2282 154 55 realiter
1694 2282 90 55 cum
1745 2282 167 55 albedine.
1861 2282 64 55 aut

1209 2335 81 44 non
1256 2335 81 44 est
1302 2335 92 44 idem
1359 2335 150 44 realiter.
1475 2335 69 44 Si
1509 2335 127 44 dicatur
1601 2335 92 44 quod
1659 2335 81 44 sit
1705 2335 92 44 idem
1763 2335 150 44 realiter.
1866 2335 58 44 Con

1212 2375 98 50 tra.
1273 2375 122 50 quando
1359 2375 122 50 aliqua
1444 2375 98 50 sunt
1506 2375 98 50 idem
1567 2375 159 50 realiter.
1689 2375 98 50 illa
1751 2375 98 50 sunt
1812 2375 110 50 simul
1873 2375 49 50 ge

1217 2412 136 57 neratione
1321 2412 63 57 et
1353 2412 167 57 corruptione.
1489 2412 126 57 secundum
1583 2412 167 57 philosophum.
1719 2412 94 57 iiiii
1782 2412 105 57 metha.
1855 2412 63 57 et
1876 2412 52 57 per

1207 2458 162 59 consequens
1335 2458 185 59 quandocunque
1485 2458 116 59 fieret
1566 2458 104 59 illud
1636 2458 93 59 esse
1694 2458 127 59 appares
1786 2458 116 59 ficret
1856 2458 69 59 ipsa

1211 2504 122 53 albedo.
1300 2504 144 53 Similiter
1410 2504 177 53 quandocunque
1554 2504 111 53 aliqua
1632 2504 89 53 sunt
1687 2504 89 53 idem
1743 2504 144 53 realiter.
1842 2504 89 53 impos-

1212 2547 129 46 sibile
1303 2547 91 46 est
1354 2547 104 46 vnum
1419 2547 104 46 esse
1484 2547 142 46 reliquo
1587 2547 91 46 non
1639 2547 181 46 existente.
1782 2547 91 46 sed
1833 2547 91 46 hoc
1872 2547 65 46 de-

1213 2586 197 57 monstrando
1368 2586 183 57 albedinem
1509 2586 141 57 potest
1608 2586 113 57 esse
1678 2586 99 57 hoc
1721 2586 197 57 demonstrando

1212 2630 106 75 illud
1283 2630 95 75 esse
1342 2630 142 75 apparens
1448 2630 83 75 non
1496 2630 189 75 inexistente.
1649 2630 95 75 quia
1708 2630 118 75 aliter
1791 2630 106 75 illud
1850 2630 71 75 esse
