2213 3051
372 264 115 77 est.
444 264 101 77 nec
501 264 130 77 aliud
588 264 101 77 est
645 264 101 77 rem
703 264 144 77 obiici
804 264 101 77 vel
861 264 144 77 appere
948 264 144 77 intelle-

373 327 110 62 ctui
442 327 110 62 nisi
511 327 247 62 intellectionem
716 327 96 62 rei
771 327 110 62 esse
840 327 82 62 in
881 327 206 62 intellectu.
1032 327 55 62 Ad

372 370 147 74 commen.
478 370 107 74 quod
545 370 240 74 intelligibilia
745 370 107 74 esse
811 370 80 74 in
851 370 186 74 intellectu
998 370 93 74 vel
1038 370 53 74 co

373 416 157 72 gnitione
490 416 91 72 non
543 416 91 72 est
595 416 104 72 nisi
660 416 104 72 ipsa
725 416 170 72 intelligi
856 416 91 72 vel
908 416 170 72 cognosci.
1039 416 78 72 Ad

377 460 126 58 vltimum
468 460 114 58 potest
548 460 194 58 multipliciter
708 460 91 58 dici
765 460 137 58 secundum
868 460 137 58 diuersas
959 460 126 58 opiniones

381 512 86 62 Uno
430 512 98 62 modo
491 512 98 62 quod
553 512 172 62 diffinitio
688 512 86 62 est
738 512 209 62 insufficiens.
910 512 98 62 quia
971 512 86 62 qui
1008 512 74 62 pone

370 549 89 71 ret
421 549 164 71 opinionem
547 549 76 71 de
585 549 126 71 fictum
674 549 101 71 quae
737 549 177 71 frequenter
876 549 89 71 est
927 549 152 71 recitata
1028 549 63 71 di-

377 589 97 69 ceret
442 589 86 69 quod
495 589 107 69 quando
571 589 172 69 intelligitur
710 589 86 69 rosa
764 589 172 69 simpliciter.
904 589 75 69 nec
936 589 161 69 intelligitur.

368 634 147 73 species
475 634 174 73 informans
609 634 214 73 intellectum.
783 634 94 73 nec
836 634 121 73 actus
903 634 188 73 intellectus.

377 680 88 62 nec
428 680 88 62 res
478 680 100 62 fcam
540 680 88 62 per
590 680 200 62 intellectum.
753 680 88 62 nec
803 680 88 62 res
853 680 175 62 subsistens
978 680 113 62 praeter

368 725 205 58 intellectum.
535 725 90 58 nec
586 725 103 58 omns
651 725 103 58 rose
715 725 180 58 existentes
856 725 90 58 exa
907 725 128 58 posite
997 725 77 58 in
1023 725 77 58 esse

378 775 209 55 intentionali
548 775 78 55 et
587 775 144 55 appenti
691 775 118 55 quasi
770 775 91 55 vna
822 775 104 55 rosa
887 775 157 55 totalis.
1005 775 91 55 sed
1044 775 52 55 in

378 814 182 67 telligitur
521 814 104 67 vnum
586 814 130 67 habens
677 814 104 67 esse
742 814 182 67 obiectiuum
885 814 104 67 tale
950 814 117 67 quale
1015 814 78 67 rosa

381 857 191 67 particularis
537 857 96 67 extr
596 857 108 67 habet
668 857 72 67 in
704 857 96 67 esse
764 857 168 67 subiectiuo
896 857 72 67 et
931 857 108 67 illud
1003 857 84 67 nec
1039 857 60 67 est

368 903 144 60 species
473 903 92 60 nec
525 903 118 60 actus
604 903 92 60 nec
657 903 92 60 res
709 903 118 60 fcam.
788 903 92 60 nec
841 903 92 60 res
893 903 184 60 subsistens
1024 903 66 60 nec

379 946 75 60 est
422 946 86 60 rose
476 946 97 60 extra
540 946 64 60 in
573 946 140 60 quocumque
680 946 86 60 ess.
734 946 75 60 sed
777 946 86 60 vnum
830 946 75 60 est
873 946 107 60 fictum
949 946 64 60 in
981 946 97 60 anima
1035 946 64 60 quod

383 991 76 64 non
426 991 76 64 est
470 991 86 64 ideo
524 991 130 64 realiter
621 991 76 64 cum
664 991 108 64 aliquo
740 991 97 64 extra
804 991 65 64 et
837 991 76 64 est
880 991 130 64 commune.
977 991 76 64 sic
1010 991 86 64 decla-

382 1044 115 50 ratum
459 1044 89 50 est
510 1044 115 50 alibi
586 1044 64 50 â‹
611 1044 127 50 Aliter
700 1044 153 50 dicerent
815 1044 102 50 illi
879 1044 89 50 qui
930 1044 127 50 ponunt
1006 1044 89 50 conce

378 1083 93 64 ptum
436 1083 81 64 seu
483 1083 174 64 intentionem
621 1083 104 64 anime
691 1083 93 64 esse
749 1083 139 64 realiter
853 1083 220 64 intellectionem.
1027 1083 69 64 quia

383 1134 144 57 dicerent
491 1134 96 57 quod
551 1134 168 57 diffinitio
683 1134 84 57 est
731 1134 192 57 insufficiens
887 1134 132 57 propter
983 1134 84 57 hoc
1019 1134 72 57 quod

381 1166 102 65 tali
445 1166 216 65 intellectione
623 1166 242 65 intelligerentur
827 1166 102 65 omns
890 1166 102 65 rose
954 1166 127 65 extra.
1030 1166 64 65 non

380 1209 115 59 tamen
457 1209 128 59 posite
546 1209 77 59 in
585 1209 102 59 esse
648 1209 192 59 intentioali
802 1209 153 59 apprenti
916 1209 115 59 quasi
993 1209 89 59 vna
1031 1209 77 59 rosa

377 1256 138 57 totalis
478 1256 88 57 per
528 1256 188 57 quamncumque
679 1256 188 57 causationem
830 1256 88 57 est
880 1256 201 57 impossibile.
1031 1256 75 57 ipse

375 1301 128 59 tamen
460 1301 113 59 rose
531 1301 184 59 terminant
673 1301 128 59 actum
758 1301 227 59 intelligendi
942 1301 113 59 sine
999 1301 113 59 quocum

389 1345 88 68 que
440 1345 113 68 medio
515 1345 88 68 vel
566 1345 101 68 alio
628 1345 176 68 terminante
767 1345 63 68 â‹
792 1345 126 68 Aliter
880 1345 126 68 potest
968 1345 101 68 dici
1019 1345 75 68 quod

383 1387 88 72 per
434 1387 188 72 intellectum
584 1387 200 72 intelligitur
746 1387 88 72 res
796 1387 100 72 fcam
859 1387 75 72 in
896 1387 100 72 esse
959 1387 125 72 reali.
1046 1387 63 72 â‹
1059 1387 50 72 Et

390 1433 69 60 ad
425 1433 116 60 primum
506 1433 69 60 in
541 1433 162 60 contrarium
668 1433 92 60 quod
726 1433 81 60 non
772 1433 150 60 concludit
887 1433 150 60 dicerent.
1003 1433 92 60 quod
1049 1433 58 60 non

394 1476 102 63 omnis
462 1476 170 63 intellectio
598 1476 79 63 est
643 1476 170 63 productiva.
779 1476 147 63 Similiter
893 1476 125 63 quamuis
984 1476 68 63 ex
1006 1476 91 63 aliquo

392 1522 216 58 intellectione
570 1522 153 58 sequatur
685 1522 140 58 aliquid
787 1522 140 58 factum.
889 1522 89 58 sic
940 1522 127 58 saltem
1016 1522 89 58 verum

386 1564 69 65 est
426 1564 59 65 de
455 1564 109 65 habitum
535 1564 129 65 generati.
634 1564 69 65 non
673 1564 89 65 tamen
733 1564 119 65 sequitur
822 1564 109 65 aliquid
901 1564 99 65 factum
970 1564 89 65 extra
1020 1564 79 65 animam

384 1613 79 50 et
423 1613 92 50 hoc
476 1613 184 50 immediate.
620 1613 144 50 quamuis
725 1613 158 50 mediante
843 1613 105 50 actu
909 1613 184 50 voluntatis
1040 1613 66 50 ali

389 1655 81 59 quid
439 1655 131 59 aliquando
540 1655 81 59 fiat
590 1655 101 59 extra.
661 1655 60 59 et
691 1655 70 59 hoc
731 1655 70 59 est
772 1655 121 59 intentio
862 1655 141 59 philosophi
973 1655 50 59 â‹
993 1655 60 59 Ad
1013 1655 101 59 secundum

395 1699 62 58 in
426 1699 145 58 contrarium
539 1699 124 58 dicendum
632 1699 72 58 est
674 1699 83 58 sict
725 1699 103 58 dictum
798 1699 72 58 est
839 1699 103 58 prius.
912 1699 83 58 quod
963 1699 134 58 scientiam
1056 1699 52 58 ess

391 1745 62 54 de
422 1745 135 54 aliquibus
525 1745 72 54 est
567 1745 155 54 dupliciter.
691 1745 72 54 vel
732 1745 83 54 quia
784 1745 83 54 illa
836 1745 83 54 sunt
888 1745 104 54 partes
950 1745 155 54 propositionis

388 1797 117 49 scite.
470 1797 82 49 vel
517 1797 93 49 quia
575 1797 93 49 sunt
633 1797 93 49 illa
691 1797 82 49 pro
738 1797 117 49 quibus
819 1797 117 49 partes
901 1797 186 49 conclusionis
1041 1797 58 49 sup

406 1829 129 59 ponunt.
500 1829 106 59 Primo
571 1829 94 59 modo
630 1829 141 59 scientia
736 1829 82 59 non
783 1829 82 59 est
830 1829 71 59 de
865 1829 106 59 rebus
936 1829 82 59 ex.
983 1829 82 59 sed
1030 1829 82 59 est
1065 1829 47 59 de

396 1870 105 66 aliis
466 1870 117 66 rebus.
548 1870 70 66 et
583 1870 82 66 hoc
630 1870 140 66 secundum
735 1870 129 66 aliquam
829 1870 152 66 opinionem
946 1870 82 66 est
992 1870 70 66 de
1016 1870 105 66 entibus

391 1912 129 65 rationis
488 1912 75 65 hoc
531 1912 97 65 tamen
596 1912 75 65 non
639 1912 108 65 assero
715 1912 86 65 quod
768 1912 75 65 non
811 1912 75 65 est
855 1912 65 65 de
887 1912 97 65 rebus
952 1912 86 65 exr.
1005 1912 75 65 Sed
1049 1912 65 65 ex
1070 1912 54 65 hoc

390 1958 72 72 non
431 1958 123 72 sequitur
523 1958 82 72 quod
575 1958 175 72 propositiones
719 1958 72 72 non
760 1958 82 72 sunt
811 1958 92 72 vere.
873 1958 82 72 quia
924 1958 72 72 non
965 1958 134 72 sequitur.
1058 1958 51 72 sub

393 2001 113 62 iectum
472 2001 79 62 est
517 2001 90 62 alia
573 2001 79 62 res
618 2001 56 62 a
641 2001 169 62 praedicato.
776 2001 90 62 ergo
832 2001 158 62 propositio
956 2001 79 62 non
1001 2001 79 62 est
1035 2001 79 62 vera.

394 2046 74 57 Nam
437 2046 74 57 per
479 2046 95 57 talem
542 2046 179 57 propositionem
689 2046 84 57 homo
742 2046 74 57 est
784 2046 116 57 animal.
868 2046 74 57 vel
910 2046 84 57 homo
963 2046 74 57 est
995 2046 126 57 risibilis.

400 2092 82 60 non
447 2092 152 60 denotatur
564 2092 94 60 quod
623 2092 152 60 subiectum
740 2092 82 60 sit
787 2092 176 60 praedicatum
927 2092 82 60 sed
974 2092 94 60 quod
1021 2092 82 60 stant

398 2133 100 62 eodem.
468 2133 60 62 et
498 2133 80 62 ideo
548 2133 70 62 est
588 2133 140 62 propositio
698 2133 90 62 vera.
758 2133 70 62 Sed
797 2133 110 62 secundo
877 2133 80 62 modo
927 2133 120 62 scientia
1017 2133 70 62 est
1057 2133 60 62 de
1077 2133 40 62 re

398 2179 77 61 bus
442 2179 77 61 ex.
486 2179 89 61 quia
542 2179 144 61 subiectum
652 2179 66 61 et
686 2179 166 61 praedicatum
818 2179 199 61 propositionis.
984 2179 122 61 quamuis
1062 2179 55 61 non

393 2224 102 60 sint
457 2224 89 60 vna
508 2224 102 60 res.
572 2224 115 60 tamen
648 2224 166 60 supponunt
776 2224 89 60 pro
827 2224 115 60 eadem
903 2224 89 60 re.
954 2224 77 60 et
993 2224 102 60 isto
1044 2224 77 60 modo

399 2266 140 61 scientia
504 2266 81 61 est
551 2266 70 61 de
586 2266 105 61 rebus
655 2266 81 61 ex.
702 2266 81 61 hoc
749 2266 81 61 est
795 2266 128 61 termini
888 2266 198 61 propositionis
1040 2266 81 61 scite

398 2313 169 61 supponunt
528 2313 91 61 pro
580 2313 117 61 rebus
659 2313 130 61 extra.
750 2313 65 61 â‹
776 2313 104 61 Alia
841 2313 130 61 menbra
932 2313 104 61 quae
985 2313 130 61 improbat

395 2356 97 64 falsa
460 2356 97 64 sunt.
524 2356 97 64 tamen
589 2356 129 64 rationes
685 2356 75 64 sue
728 2356 75 64 non
771 2356 161 64 concludunt.
900 2356 97 64 Prima
965 2356 129 64 conclusi
1051 2356 64 64 pri-

398 2400 84 62 mum
446 2400 84 62 non
494 2400 167 62 concludit.
625 2400 95 62 quia
684 2400 84 62 non
732 2400 143 62 haberent
840 2400 95 62 alii
899 2400 84 62 pro
935 2400 179 62 inconuenienti

395 2446 94 70 quod
454 2446 129 70 species
547 2446 117 70 tantum
629 2446 210 70 intelligeretur
804 2446 70 70 et
839 2446 82 70 non
886 2446 82 70 res
933 2446 70 70 ex
968 2446 94 70 tali
1015 2446 105 70 intelle

405 2490 159 59 ctione.
520 2490 159 59 quamuis
635 2490 101 59 vna
693 2490 115 59 alia
765 2490 245 59 intellectione
967 2490 101 59 res
1011 2490 115 59 intel-

397 2525 196 67 ligerentur.
554 2525 118 67 sicut
632 2525 92 67 qui
685 2525 144 67 poneret
789 2525 118 67 entia
868 2525 118 67 ficta
946 2525 78 67 de
985 2525 131 67 quibus
1064 2525 65 67 fre

411 2573 127 73 quenter
504 2573 116 73 dictum
585 2573 93 73 est.
643 2573 93 73 quod
701 2573 116 73 quando
782 2573 185 73 intelligitur
933 2573 162 73 vniversale
1049 2573 81 73 nulla

411 2618 100 63 res
468 2618 128 63 extra
553 2618 243 63 intelligitur.
753 2618 143 63 quando
853 2618 128 63 tamen
924 2618 200 63 intelligitur

409 2662 188 71 singulare
553 2662 115 71 siue
625 2662 159 71 notitia
740 2662 188 71 intuitrua
885 2662 115 71 siue
942 2662 188 71 abstractiua

1184 258 202 71 intelligitur
1348 258 177 71 singulare.
1487 258 139 71 Secunda
1588 258 114 71 etiam
1664 258 88 71 non
1714 258 177 71 concludit.
1840 258 76 71 quia

1187 316 74 58 non
1230 316 128 58 probatur
1326 316 85 58 quod
1379 316 128 58 scientia
1474 316 74 58 non
1517 316 74 58 sit
1559 316 85 58 nisi
1612 316 64 58 de
1644 316 138 58 speciebus
1751 316 96 58 tamen
1804 316 106 58 supponem

1193 360 92 57 tibus
1254 360 72 57 pro
1295 360 92 57 rebus
1356 360 92 57 extra
1418 360 92 57 sicut
1479 360 82 57 dico
1530 360 82 57 quod
1582 360 123 57 scientia
1674 360 72 57 non
1715 360 72 57 est
1756 360 61 57 de
1786 360 92 57 rebus
1837 360 72 57 extra

1180 410 78 51 ita
1225 410 89 51 quod
1280 410 89 51 ille
1336 410 89 51 sint
1392 410 112 51 partes
1470 410 190 51 propositionis
1627 410 112 51 scite.
1705 410 123 51 quamuis
1794 410 112 51 partes
1861 410 67 51 sup-

1184 456 130 56 ponant
1275 456 91 56 pro
1327 456 117 56 rebus
1405 456 91 56 ex.
1457 456 91 56 Nec
1509 456 130 56 tertia
1601 456 182 56 concludit.
1744 456 104 56 quia
1796 456 117 56 quamuis

1196 497 114 59 species
1279 497 104 59 tantum
1351 497 187 59 intelligeretur
1507 497 93 59 tamen
1569 497 135 59 proposito
1673 497 93 59 esset
1735 497 93 59 vera.
1797 497 83 59 quia
1839 497 83 59 subie-

1193 536 92 56 ctum
1250 536 69 56 et
1284 536 172 56 praedicatum
1422 536 161 56 supponeret
1548 536 80 56 pro
1594 536 103 56 rebus
1663 536 103 56 extra
1732 536 69 56 et
1766 536 80 56 pro
1801 536 103 56 eisdem-

1196 587 94 51 rebus
1258 587 52 51 â‹
1279 587 94 51 Prima
1342 587 94 51 ratio
1404 587 104 51 concra
1477 587 104 51 primum
1550 587 115 51 menbrum
1634 587 94 51 habet
1696 587 146 51 apparentia
1801 587 104 51 scilicet

1190 621 108 61 cunda
1262 621 84 61 non
1310 621 168 61 concludit.
1442 621 96 61 quia
1502 621 84 61 non
1550 621 120 61 probat
1634 621 96 61 quod
1694 621 108 61 illud
1766 621 96 61 quod
1814 621 96 61 intell

1198 671 100 62 gitur
1264 671 111 62 quando
1342 671 177 62 intelligitur
1486 671 89 62 rosa
1541 671 77 62 non
1585 671 111 62 potest
1663 671 133 62 realiter
1751 671 155 62 multiplicari

1186 715 136 68 quamuis
1284 715 86 68 sit
1334 715 259 68 immultiplicabilis
1556 715 86 68 per
1605 715 210 68 equiualentiam
1777 715 136 68 quantum
1864 715 49 68 ad

1190 765 148 56 rationem
1300 765 209 56 praedicabilis
1472 765 74 56 de
1509 765 160 56 pluribus.
1632 765 111 56 sicut
1706 765 86 56 est
1755 765 111 56 alibi
1817 765 98 56 decla-

1190 803 110 72 ratum.
1267 803 55 72 â‹
1289 803 142 72 Preterea.
1398 803 99 72 prima
1464 803 99 72 ratio
1530 803 110 72 contra
1606 803 120 72 quartum
1694 803 120 72 menbrum
1782 803 77 72 non
1814 803 99 72 conclu-

1187 846 84 56 dit.
1240 846 84 56 quia
1293 846 106 56 quando
1367 846 158 56 philosophus
1493 846 95 56 dicit
1557 846 63 56 in
1588 846 200 56 praedicamentis.
1757 846 84 56 quod
1799 846 127 56 destructis

1184 893 144 68 praemis
1289 893 131 68 subiis
1381 893 197 68 impossibile
1538 893 92 68 est
1591 893 144 68 aliquid
1696 893 144 68 aliorum
1788 893 131 68 remanere

1193 934 88 58 non
1244 934 176 58 intelligit
1382 934 100 58 quod
1445 934 176 58 destructis
1583 934 176 58 indiuiduis
1721 934 88 58 non
1771 934 126 58 potest
1847 934 75 58 esse

1198 981 67 57 in
1231 981 90 57 esse
1288 981 90 57 sibi
1344 981 169 57 conuenienti
1479 981 124 57 aliquod
1569 981 157 57 vniversale
1692 981 180 57 praedicabile
1838 981 67 57 de
1861 981 67 57 mul-

1190 1023 94 58 tis.
1249 1023 82 58 sed
1296 1023 164 58 intelligit
1424 1023 94 58 quod
1483 1023 70 58 si
1518 1023 94 58 esse
1577 1023 129 58 negetur
1670 1023 59 58 a
1694 1023 140 58 quolibet
1787 1023 129 58 indiuiduo

1191 1066 56 60 a
1213 1066 135 60 quolibet
1315 1066 158 60 vniversali
1438 1066 158 60 supponente
1562 1066 180 60 personaliter
1708 1066 158 60 negabitur.
1832 1066 68 60 et
1855 1066 56 60 loc

1197 1112 82 57 est
1244 1112 117 57 verum.
1326 1112 82 57 sed
1373 1112 106 57 nihil
1444 1112 82 57 est
1491 1112 70 57 ad
1526 1112 176 57 propositum.
1667 1112 129 57 Secunda
1760 1112 106 57 ratio
1831 1112 82 57 est
1866 1112 47 57 ap

1202 1153 138 68 parens.
1303 1153 138 68 quamuis
1404 1153 126 68 posset
1492 1153 163 68 impediri.
1617 1153 126 68 Tertia
1705 1153 113 68 ratio
1781 1153 88 68 non
1818 1153 101 68 concli

1200 1201 96 56 dit.
1260 1201 96 56 quia
1320 1201 132 56 quamuis
1417 1201 156 56 subiectum
1537 1201 72 56 et
1573 1201 181 56 praedicatum
1717 1201 120 56 essent
1802 1201 84 56 res
1838 1201 96 56 distin

1212 1240 72 62 cte
1253 1240 133 62 realiter.
1355 1240 72 62 non
1396 1240 143 62 sequeretur
1508 1240 82 62 quod
1560 1240 184 62 praedicationes
1713 1240 102 62 essent
1785 1240 113 62 secile.
1856 1240 72 62 nisi-

1208 1287 167 60 subiectum
1337 1287 77 60 et
1375 1287 193 60 praedicatum
1530 1287 193 60 supponerent
1684 1287 90 60 pro
1735 1287 154 60 seipsis.
1851 1287 77 60 et
1877 1287 51 60 no

1200 1335 87 63 pro
1249 1335 124 63 eisdem
1336 1335 124 63 rebus.
1423 1335 87 63 Nec
1473 1335 124 63 quarta
1560 1335 124 63 valet.
1646 1335 99 63 quia
1709 1335 149 63 scientie
1820 1335 87 63 non
1858 1335 74 63 sunt

1204 1381 67 56 de
1237 1381 101 56 rebus
1305 1381 67 56 ex
1338 1381 112 56 tamque
1416 1381 67 56 de
1450 1381 101 56 illis
1517 1381 90 56 quae
1573 1381 145 56 sciuntur.
1685 1381 78 56 sed
1730 1381 123 56 tanquam
1819 1381 67 56 de
1842 1381 78 56 illis

1211 1418 79 70 pro
1256 1418 113 70 quibus
1335 1418 125 70 termini
1426 1418 192 70 propositionum
1584 1418 159 70 supponunt.
1709 1418 147 70 Similiter
1811 1418 113 70 diffini-

1209 1467 111 56 tiones
1287 1467 78 56 non
1331 1467 89 56 sunt
1387 1467 67 56 de
1420 1467 100 56 rebus
1487 1467 100 56 extra
1553 1467 122 56 tamquae
1642 1467 67 56 de
1675 1467 100 56 illis
1742 1467 67 56 de
1775 1467 111 56 quibus
1842 1467 89 56 adequa

1205 1509 67 59 te
1238 1509 189 59 praedicantur.
1394 1509 78 59 sed
1439 1509 123 59 tamquam
1528 1509 67 59 de
1561 1509 100 59 illis
1628 1509 78 59 pro
1673 1509 111 59 quibus
1751 1509 100 59 talia
1818 1509 67 59 de
1840 1509 89 59 quibus

1201 1553 203 66 praedicantur
1366 1553 152 66 adequate
1481 1553 178 66 supponunt.
1620 1553 102 66 Unde
1684 1553 102 66 iste
1747 1553 165 66 rationes.
1862 1553 63 66 ve-

1207 1596 106 60 omnes
1278 1596 83 60 vel
1325 1596 94 60 fere
1384 1596 106 60 omnes
1455 1596 94 60 quas
1514 1596 130 60 adducit
1608 1596 94 60 sunt
1667 1596 118 60 contra
1750 1596 142 60 proprium
1844 1596 83 60 dicti

1214 1641 88 66 Nam
1265 1641 139 66 quaero.
1366 1641 88 66 aut
1416 1641 113 66 illud
1492 1641 101 66 quod
1555 1641 177 66 determinat
1693 1641 113 66 actum
1757 1641 177 66 intelligendi

1220 1684 108 73 quando
1296 1684 173 73 intelligitur
1436 1684 87 73 rosa
1491 1684 162 73 simpliciter
1620 1684 76 73 est
1664 1684 87 73 rose
1718 1684 87 73 exr.
1772 1684 76 73 vel
1815 1684 76 73 non
1858 1684 76 73 est
1891 1684 43 73 ro

1212 1729 79 61 se.
1257 1729 68 61 si
1291 1729 79 61 non
1336 1729 79 61 sit
1382 1729 91 61 rose
1439 1729 79 61 ex.
1484 1729 91 61 ergo
1541 1729 79 61 per
1586 1729 148 61 argumenta
1700 1729 79 61 sua
1745 1729 136 61 scientia
1847 1729 79 61 non
1881 1729 57 61 est

1212 1766 69 63 de
1247 1766 104 63 rebus
1316 1766 104 63 extra
1385 1766 81 63 nec
1432 1766 196 63 diffinitiones
1593 1766 81 63 nec
1639 1766 196 63 propositiones
1801 1766 104 63 erunt
1858 1766 81 63 vere.

1214 1819 64 53 si
1246 1819 85 53 illa
1300 1819 85 53 rosa
1353 1819 75 53 est
1396 1819 85 53 idem
1449 1819 128 53 realiter
1545 1819 75 53 cum
1587 1819 117 53 omnibus
1673 1819 107 53 rtosis
1747 1819 96 53 sicut
1811 1819 85 53 ipse
1854 1819 85 53 dicit.

1211 1857 98 70 ergo
1272 1857 110 70 sicut
1346 1857 98 70 ipse
1407 1857 98 70 rose
1468 1857 86 70 non
1517 1857 196 70 producuntur.
1677 1857 86 70 ita
1726 1857 86 70 nec
1775 1857 98 70 illa
1836 1857 98 70 rosa
1885 1857 49 70 po

1211 1905 103 59 nitur
1279 1905 69 59 in
1314 1905 92 59 tali
1371 1905 103 59 esse.
1440 1905 57 59 â‹
1463 1905 149 59 Preterea.
1578 1905 103 59 prius
1647 1905 103 59 dicit
1716 1905 92 59 quod
1773 1905 103 59 multo
1831 1905 103 59 fortius

1212 1948 105 60 vera
1277 1948 118 60 visio
1356 1948 118 60 ponit
1435 1948 92 60 res
1487 1948 79 60 in
1527 1948 105 60 tali
1592 1948 105 60 esse
1658 1948 170 60 apparenti
1789 1948 105 60 quam
1841 1948 92 60 falsa

1214 1989 111 60 visio.
1291 1989 78 60 sed
1336 1989 78 60 per
1380 1989 111 60 falsam
1458 1989 133 60 visionem
1557 1989 78 60 fit
1602 1989 122 60 aliquid
1690 1989 89 60 quod
1746 1989 78 60 non
1790 1989 78 60 est
1823 1989 111 60 realiter

1216 2034 96 63 ipsa
1276 2034 84 63 res
1324 2034 180 63 intellecta.
1468 2034 96 63 ergo
1528 2034 84 63 per
1576 2034 108 63 veram
1649 2034 156 63 visionem.
1769 2034 96 63 ergo
1829 2034 108 63 illud
1889 2034 48 63 ap

1214 2078 122 65 parens
1299 2078 85 65 non
1348 2078 85 65 est
1397 2078 146 65 realiter
1506 2078 98 65 ipse
1567 2078 98 65 rose
1628 2078 207 65 particulares.
1799 2078 61 65 â‹
1811 2078 122 65 Preterea

1218 2126 76 55 si
1256 2126 101 55 illa
1319 2126 101 55 rosa
1382 2126 176 55 intellecta
1521 2126 88 55 non
1571 2126 201 55 distinguitur
1735 2126 63 55 a
1760 2126 113 55 rosis
1823 2126 113 55 partici

1213 2170 137 60 laribus.
1315 2170 80 60 sed
1361 2170 80 60 est
1406 2170 91 60 ipse
1463 2170 91 60 rose
1520 2170 194 60 particulares.
1680 2170 91 60 ergo
1737 2170 103 60 nihil
1805 2170 80 60 est
1839 2170 103 60 praeter

1214 2211 116 62 ipsas
1291 2211 116 62 rosas
1369 2211 206 62 particulares
1536 2211 77 62 et
1575 2211 116 62 ipsam
1652 2211 232 62 intellectione.
1846 2211 103 62 ergo
1897 2211 52 62 si

1214 2259 144 65 propter
1319 2259 235 65 intellectionem
1515 2259 105 65 iste
1580 2259 105 65 rose
1645 2259 105 65 nunc
1711 2259 157 65 apparent
1828 2259 78 65 et
1854 2259 92 65 prius

1213 2298 95 68 non.
1272 2298 83 68 cum
1320 2298 83 68 hoc
1367 2298 83 68 non
1414 2298 83 68 sit
1461 2298 95 68 nisi
1520 2298 130 68 propter
1615 2298 225 68 intellectionem.
1804 2298 71 68 et
1839 2298 95 68 ipsa
1887 2298 47 68 in

1218 2346 167 57 tellectio
1347 2346 90 57 est
1398 2346 116 57 ipsus
1476 2346 116 57 rosis
1553 2346 232 57 particularibus
1746 2346 193 57 extrinseca.
1888 2346 64 57 tam

1221 2387 86 57 tum
1270 2387 98 57 erit
1331 2387 184 57 denominatio
1478 2387 171 57 extrinseca
1612 2387 122 57 quando
1698 2387 135 57 dicitur
1796 2387 98 57 illa
1845 2387 98 57 ratio-

1217 2432 80 57 sa
1257 2432 173 57 apparere.
1390 2432 107 57 quod
1456 2432 107 57 ipse
1523 2432 133 57 negat.
1616 2432 67 57 â‹
1643 2432 173 57 Preterea.
1776 2432 80 57 si
1816 2432 107 57 illa
1869 2432 80 57 rosa

1209 2481 86 52 est
1258 2481 99 52 rose
1320 2481 210 52 particulares.
1492 2481 74 52 et
1529 2481 99 52 rose
1591 2481 197 52 particulares
1752 2481 123 52 habent
1838 2481 99 52 esse
1887 2481 62 52 re-

1222 2530 91 46 ale.
1279 2530 91 46 ergo
1336 2530 91 46 illa
1393 2530 91 46 rosa
1450 2530 103 46 habet
1518 2530 91 46 esse
1575 2530 114 46 reale.
1655 2530 68 46 et
1689 2530 80 46 non
1734 2530 114 46 tantum
1803 2530 148 46 intentiona-

1223 2564 77 56 le.
1267 2564 66 56 Et
1300 2564 66 56 si
1333 2564 121 56 dicatur
1422 2564 88 56 quod
1477 2564 66 56 ex
1510 2564 77 56 hoc
1554 2564 88 56 quod
1609 2564 132 56 apparent
1708 2564 110 56 habent
1786 2564 88 56 esse
1830 2564 110 56 intentio

1211 2606 114 56 nale.
1287 2606 89 56 hoc
1338 2606 89 56 non
1388 2606 126 56 valet.
1477 2606 101 56 quia
1540 2606 114 56 eadem
1616 2606 177 56 facilitate
1755 2606 126 56 dicam.
1844 2606 101 56 quod
1894 2606 51 56 ex

1223 2651 85 61 hoc
1271 2651 97 61 quod
1332 2651 97 61 deus
1392 2651 121 61 creat.
1477 2651 97 61 deus
1538 2651 109 61 habet
1610 2651 97 61 esse
1671 2651 206 61 intentionale.
1840 2651 97 61 quia
1888 2651 61 61 est
