2249 3087
256 303 159 65 creans.
371 303 72 65 ⁋
400 303 174 65 Preterea
531 303 87 65 si
574 303 116 65 illa
646 303 116 65 rosa
719 303 101 65 sit
777 303 116 65 ipse
849 303 116 65 rose
907 303 87 65 par-

259 355 200 61 ticulares.
416 355 86 61 et
459 355 115 61 ipse
531 355 115 61 rose
602 355 229 61 particulares
789 355 129 61 sunt.
860 355 129 61 quamuis

261 399 168 59 apparitio
391 399 91 59 non
442 399 104 59 sit.
507 399 104 59 ergo
572 399 91 59 non
624 399 91 59 fit
675 399 104 59 illa
740 399 104 59 rosa
805 399 91 59 per
844 399 142 59 apparitio

268 449 97 54 nem.
329 449 61 54 ⁋
353 449 146 54 Preterea
462 449 109 54 prius
535 449 109 54 dicit
608 449 97 54 quod
668 449 121 54 certum
753 449 85 54 est
802 449 97 54 quod
863 449 97 54 rosa
911 449 73 54 illa

250 484 98 65 non
306 484 98 65 est
362 484 223 65 particularis
543 484 98 65 nec
599 484 223 65 multiplicari
780 484 153 65 potest.
891 484 84 65 et
919 484 70 65 ita

250 535 100 52 est
307 535 100 52 vna
364 535 85 52 in
406 535 85 52 me
449 535 85 52 et
492 535 85 52 in
534 535 100 52 te.
591 535 85 52 Et
634 535 85 52 ex
677 535 100 52 hoc
734 535 142 52 arguo.
833 535 128 52 illud
905 535 85 52 quod

243 580 97 52 non
299 580 97 52 est
354 580 111 52 rosa
424 580 139 52 aliqua
521 580 222 52 particularis
701 580 97 52 non
757 580 139 52 potest
840 580 139 52 multipli

248 618 118 68 cari.
327 618 92 68 nec
379 618 92 68 est
432 618 158 68 realiter
550 618 105 68 rose
615 618 210 68 particulares
786 618 118 68 omns.
865 618 92 68 sed
904 618 79 68 illa

250 668 98 55 rosa
311 668 85 55 per
360 668 73 55 te
396 668 85 55 est
445 668 171 55 huiusmodi.
579 668 98 55 ergo
640 668 85 55 non
689 668 85 55 est
738 668 98 55 rose
787 668 183 55 particulares.

252 704 63 69 ⁋
278 704 151 69 Preterea
390 704 125 69 semper
478 704 138 69 habetur
579 704 151 69 intentum
691 704 100 69 quod
754 704 138 69 praeter
855 704 113 69 ipsas
917 704 63 69 res

252 752 132 64 reales
344 752 79 64 et
384 752 119 64 ipsam
463 752 158 64 notitiam
581 752 119 64 nihil
661 752 105 64 est.
726 752 145 64 quamuis
832 752 145 64 propter
924 752 53 64 no

248 798 131 56 titiam
340 798 144 56 possint
445 798 92 56 res
497 798 158 56 realiter
616 798 184 56 denominari
760 798 105 56 nunc
826 798 105 56 quam
878 798 92 56 prius

235 841 122 65 sicut
317 841 108 65 deus
384 841 149 65 propter
493 841 95 65 hoc
547 841 108 65 quod
614 841 162 65 creatura
736 841 95 65 est
790 841 81 65 de
831 841 108 65 nouo
885 841 81 65 alia

243 885 172 67 denominatur
380 885 92 67 nunc
438 885 92 67 quam
495 885 115 67 prius.
575 885 103 67 sicut
644 885 126 67 dicitur
736 885 126 67 creans.
816 885 161 67 beatificans.

246 926 148 68 damnans.
357 926 148 68 puniens.
468 926 74 68 et
505 926 173 68 huiusmodi.
640 926 62 68 ⁋
665 926 74 68 Ad
702 926 185 68 quaestionem
850 926 99 68 dico
899 926 74 68 quod

241 970 101 68 solus
308 970 113 68 filius
387 970 79 68 est
432 970 113 68 verbum
511 970 68 68 in
545 970 135 68 divinis.
646 970 79 68 hoc
691 970 113 68 patet.
770 970 90 68 quia
826 970 101 68 solus
882 970 90 68 filius

234 1022 86 55 est
283 1022 148 55 genitus.
394 1022 86 55 sed
443 1022 98 55 omne
504 1022 123 55 verbum
591 1022 86 55 est
640 1022 148 55 genitum.
751 1022 98 55 ergo
812 1022 111 55 solus
874 1022 98 55 filius

228 1061 81 65 est
275 1061 151 65 moverbum.
391 1061 81 65 hoc
438 1061 105 65 etiam
508 1061 105 65 patet
577 1061 81 65 per
624 1061 116 65 beatum
705 1061 175 65 augustinum.
845 1061 70 65 v.
880 1061 70 65 de
903 1061 70 65 tri.

229 1113 87 58 c.
272 1113 116 58 xvi.
345 1113 102 58 qui
403 1113 145 58 dicit.
504 1113 102 58 nec
562 1113 145 58 verbum
664 1113 102 58 nec
722 1113 131 58 ymago
809 1113 102 58 nec
852 1113 116 58 filius

234 1151 125 63 dicitur
324 1151 113 63 pater.
404 1151 68 63 et
438 1151 102 63 eadem
506 1151 125 63 ratione
597 1151 113 63 verbum
676 1151 79 63 non
721 1151 79 63 est
767 1151 136 63 spiritus
858 1151 113 63 sanctus.

232 1200 61 57 et
262 1200 71 57 per
303 1200 141 57 consequens
413 1200 91 57 solus
474 1200 101 57 filius
545 1200 71 57 est
585 1200 111 57 verbum.
666 1200 141 57 Similiter.
776 1200 91 57 patet
837 1200 61 57 de
867 1200 81 57 tri.
908 1200 50 57 ca-

235 1245 74 56 ex
272 1245 87 56 vi.
321 1245 74 56 in
358 1245 87 56 hac
408 1245 161 56 trinitate
532 1245 87 56 non
581 1245 136 56 dicitur
680 1245 124 56 verbum
767 1245 87 56 dei
816 1245 99 56 nisi
866 1245 99 56 filius

226 1291 82 51 Ex
267 1291 137 51 quibus
364 1291 82 51 et
405 1291 137 51 multis
501 1291 124 51 aliis
583 1291 124 51 patet
666 1291 110 51 quod
734 1291 124 51 solus
817 1291 137 51 filius
899 1291 69 51 sit

222 1331 161 56 verbum.
339 1331 102 56 Sed
398 1331 190 56 supposito
544 1331 117 56 quod
617 1331 132 56 solus
705 1331 146 56 filius
807 1331 102 56 sit
851 1331 117 56 verbum

227 1377 84 55 ita
275 1377 96 55 quod
335 1377 120 55 verbum
418 1377 131 55 dicatur
514 1377 191 55 notionaliter
669 1377 120 55 tantum
753 1377 72 55 et
789 1377 84 55 non
825 1377 131 55 essentiam

226 1413 130 70 liter
312 1413 101 70 est
370 1413 145 70 dubium
471 1413 87 70 an
515 1413 145 70 verbum
616 1413 130 70 dicat
703 1413 188 70 respectum
833 1413 130 70 aliquem

234 1467 76 57 ad
272 1467 164 57 creaturam
398 1467 126 57 qualem
486 1467 88 57 non
537 1467 113 57 dicit
612 1467 113 57 pater
688 1467 88 57 nec
738 1467 151 57 spiritus
839 1467 126 57 sanctus.

217 1513 82 51 Et
258 1513 192 51 communiter
409 1513 164 51 doctores
532 1513 150 51 aliquam
641 1513 123 51 trium
723 1513 178 51 opinionum
847 1513 109 51 dicunt

219 1555 163 58 videlicet
345 1555 100 58 quod
408 1555 125 58 verbum
495 1555 151 58 includit
608 1555 163 58 respectum
734 1555 151 58 proprium
847 1555 75 58 ad
872 1555 75 58 crea

221 1593 141 62 turam.
320 1593 99 62 vel
376 1593 113 62 quod
447 1593 169 62 connotat
574 1593 184 62 respectum
715 1593 85 62 ad
757 1593 184 62 creaturam
884 1593 71 62 vel

227 1638 106 55 quod
293 1638 159 55 connotat
412 1638 172 55 creaturam
545 1638 66 55 ⁋
571 1638 132 55 Primam
664 1638 146 55 istarum
770 1638 172 55 opinionum
889 1638 66 55 non

222 1685 130 47 reputo
313 1685 130 47 veram.
404 1685 104 47 quia
470 1685 78 47 in
509 1685 143 47 divinis
613 1685 117 47 nulla
691 1685 91 47 est
743 1685 143 47 relatio
835 1685 117 47 realis.

219 1722 105 65 nisi
284 1722 184 65 paternitas
429 1722 157 65 spiratio
547 1722 131 65 actio.
638 1722 79 65 et
678 1722 157 65 filiatio
796 1722 79 65 et
822 1722 131 65 spiratis

222 1764 139 67 passio.
323 1764 88 67 sed
374 1764 113 67 nulla
449 1764 139 67 istarum
550 1764 88 67 est
600 1764 76 67 ad
638 1764 176 67 creaturam.
777 1764 101 67 ergo
840 1764 101 67 etc.
890 1764 63 67 Nec

217 1813 119 64 potest
301 1813 95 64 dici
360 1813 95 64 quod
420 1813 143 64 includat
527 1813 155 64 respectum
647 1813 155 64 rationis.
766 1813 95 64 quia
826 1813 84 64 vel
861 1813 84 64 respe

217 1863 112 48 ctus
287 1863 168 48 rationis
412 1863 98 48 non
468 1863 98 48 est
524 1863 181 48 ponendus.
664 1863 98 48 vel
720 1863 84 48 si
762 1863 98 48 est
803 1863 140 48 ponendus

224 1895 79 59 non
269 1895 79 59 est
314 1895 79 59 ens
358 1895 112 59 reale.
437 1895 67 59 et
471 1895 79 59 per
516 1895 157 59 consequens
639 1895 79 59 non
684 1895 79 59 est
729 1895 67 59 de
762 1895 123 59 esentia
841 1895 101 59 persone

219 1942 144 62 realis.
324 1942 65 62 ⁋
350 1942 157 62 Secundam
467 1942 144 62 opionem
572 1942 78 62 et
611 1942 144 62 tertiam
716 1942 118 62 sicut
794 1942 131 62 fonant
873 1942 65 62 non

212 1989 142 64 reputo
311 1989 142 64 veras.
410 1989 113 64 quia
481 1989 170 64 connotat
609 1989 99 64 non
666 1989 170 64 conuenit
779 1989 156 64 cuicunque

208 2033 90 61 rei.
264 2033 79 61 sed
309 2033 112 61 tantum
387 2033 101 61 signo
455 2033 90 61 rei.
511 2033 67 61 et
544 2033 90 61 ideo
600 2033 112 61 verbum
679 2033 123 61 divinum
769 2033 79 61 non
814 2033 90 61 plus
858 2033 79 61 conno

208 2081 75 50 tat
251 2081 85 50 quam
304 2081 96 50 pater
368 2081 75 50 vel
411 2081 128 50 spiritus
507 2081 128 50 sancuns.
603 2081 85 50 Ideo
657 2081 117 50 quantum
742 2081 64 50 ad
774 2081 96 50 istum
828 2081 117 50 articulum

207 2124 93 52 dico
266 2124 140 52 breuitur
370 2124 93 52 quod
429 2124 116 52 verbum
510 2124 93 52 quod
568 2124 82 52 est
615 2124 140 52 realiter
720 2124 116 52 filius
801 2124 70 52 in
825 2124 116 52 divinis.

208 2167 103 52 nec
267 2167 176 52 includit
399 2167 103 52 nec
458 2167 176 52 connotat
590 2167 191 52 respectum
737 2167 103 52 nec
795 2167 132 52 etiam
869 2167 73 52 com

207 2206 110 59 notat
280 2206 171 59 creaturam.
415 2206 110 59 tamen
488 2206 98 59 haec
550 2206 110 59 nomen
623 2206 122 59 verbum
709 2206 184 59 instituitur
856 2206 73 59 ad
880 2206 49 59 si

207 2251 196 61 gnificandum
364 2251 105 61 quod
429 2251 157 61 connotat
547 2251 183 61 creaturam.
691 2251 92 61 sed
743 2251 92 61 hoc
795 2251 92 61 non
847 2251 92 61 est
887 2251 52 61 ex

210 2302 125 53 natura
298 2302 88 53 sed
348 2302 75 53 ex
386 2302 188 53 impositione
537 2302 151 53 nominis.
649 2302 138 53 Secundo
750 2302 100 53 quia
813 2302 75 53 in
838 2302 100 53 diffi-

213 2341 140 59 nitione
315 2341 178 59 exprimente
455 2341 102 59 quid
518 2341 140 59 nominis
620 2341 114 59 debet
696 2341 102 59 poni
760 2341 114 59 nomen
823 2341 102 59 creati

196 2384 85 63 re
238 2384 85 63 in
280 2384 169 63 obliquo.
407 2384 85 63 vt
450 2384 99 63 hoc
506 2384 99 63 sit
562 2384 197 63 diffinitio
718 2384 183 63 exprimens
844 2384 85 63 quid

200 2432 158 54 nominis.
318 2432 132 54 Uerbum
411 2432 145 54 diuinum
516 2432 92 54 est
569 2432 145 54 persona
674 2432 132 54 genita
767 2432 79 54 de
793 2432 132 54 scientia

209 2470 95 58 que
263 2470 95 58 est
317 2470 95 58 dei
370 2470 81 58 et
411 2470 135 58 omnium
506 2470 203 58 creaturarum
668 2470 149 58 tanquam
762 2470 162 58 obiectorum

199 2511 119 64 Istud
278 2511 119 64 autem
357 2511 119 64 nomen
437 2511 132 64 filius
529 2511 93 64 non
582 2511 119 64 habet
662 2511 119 64 talem
728 2511 198 64 diffinitionem

194 2564 192 52 exprimentem
347 2564 102 52 quid
411 2564 153 52 nominis.
526 2564 77 52 Et
565 2564 77 52 si
603 2564 179 52 exprimatur
743 2564 179 52 diffinitio
871 2564 64 52 sua

196 2601 123 64 debet
278 2601 96 64 sic
333 2601 123 64 dici.
415 2601 137 64 filius
511 2601 96 64 est
566 2601 150 64 persona
675 2601 137 64 genita
771 2601 82 64 de
798 2601 137 64 substam-

197 2644 94 64 tia
250 2644 148 64 patris.
358 2644 81 64 In
398 2644 94 64 qua
452 2644 215 64 diffinitione
627 2644 94 64 non
681 2644 148 64 ponitur
788 2644 121 64 nomen
855 2644 81 64 crea

195 2695 117 70 ture
268 2695 102 70 nec
327 2695 87 70 in
370 2695 102 70 rec
429 2695 87 70 to
472 2695 102 70 nec
531 2695 87 70 in
574 2695 175 70 obliquo.
705 2695 87 70 Et
749 2695 160 70 propter
851 2695 73 70 hoc

1083 296 90 81 hoc
1135 296 116 81 nomen
1212 296 129 81 filius
1303 296 90 81 non
1355 296 155 81 connotat
1471 296 181 81 creaturam.
1613 296 90 81 sed
1665 296 90 81 hoc
1704 296 90 81 nomen

1076 356 136 74 verbum
1171 356 163 74 connotat
1294 356 190 74 creaturam.
1443 356 81 74 Et
1484 356 81 74 si
1524 356 149 74 dicatur
1633 356 109 74 quod
1687 356 109 74 verbum

1075 406 133 58 diuinum
1172 406 73 58 et
1208 406 121 58 filius
1293 406 109 58 nullo
1366 406 97 58 modo
1427 406 206 58 distinguuntur
1597 406 85 58 nec
1645 406 146 58 secundum
1742 406 61 58 rem

1082 444 75 72 nec
1125 444 129 72 secundum
1222 444 140 72 rationem.
1329 444 86 72 ergo
1383 444 129 72 quicquid
1480 444 150 72 connotatur
1598 444 75 72 per
1641 444 107 72 verbum
1705 444 97 72 divinum

1077 499 163 56 connotatur
1205 499 81 56 per
1252 499 116 56 filium
1333 499 70 56 et
1368 499 163 56 econuerso.
1496 499 58 56 ⁋
1519 499 139 56 Preterea
1624 499 81 56 non
1670 499 116 56 tantum
1740 499 58 56 ver

1080 533 87 70 bum
1129 533 136 70 diuinum
1228 533 87 70 est
1277 533 136 70 persona
1376 533 124 70 genita
1463 533 74 70 de
1500 533 148 70 scientia
1611 533 124 70 patris
1698 533 99 70 quae
1747 533 62 70 est

1076 582 91 61 dei
1128 582 78 61 et
1167 582 130 61 omnium
1258 582 195 61 creaturarum
1414 582 143 61 tanquam
1518 582 195 61 cognitorum.
1674 582 91 61 sed
1713 582 91 61 etiam

1073 627 127 57 filius
1162 627 89 57 dei
1213 627 101 57 eque
1276 627 165 57 veraciter
1403 627 89 57 est
1454 627 139 57 persona
1555 627 127 57 genita
1644 627 76 57 de
1669 627 127 57 scientia

1075 668 83 72 dei
1123 668 131 72 patris.
1218 668 95 72 quae
1277 668 83 72 est
1324 668 107 72 vnica
1395 668 83 72 dei
1443 668 71 72 et
1479 668 119 72 omnium
1562 668 178 72 creaturarum
1692 668 95 72 tamqua

1078 723 185 56 cognitorum.
1226 723 99 56 ergo
1287 723 86 56 non
1337 723 99 56 plus
1398 723 185 56 connotantur
1547 723 148 56 creature
1658 723 86 56 per
1695 723 86 56 verbi

1071 763 92 65 quam
1129 763 81 65 per
1175 763 127 65 filium.
1268 763 58 65 ⁋
1291 763 69 65 Ad
1325 763 115 65 primum
1406 763 127 65 istorum
1498 763 138 65 dicendum
1602 763 92 65 quod
1660 763 69 65 si
1694 763 69 65 in
1717 763 81 65 ista.

1070 808 124 64 verbum
1156 808 136 64 diuinum
1255 808 74 64 et
1293 808 124 64 filius
1379 808 111 64 nullo
1454 808 111 64 mnodo
1528 808 87 64 nec
1577 808 149 64 secundum
1689 808 87 64 rem
1726 808 62 64 nec

1065 847 156 65 secundum
1182 847 169 65 rationem:
1312 847 104 65 isti
1377 847 143 65 termini
1480 847 130 65 verbum
1571 847 130 65 filius
1649 847 143 65 supponunt

1066 888 184 64 personaliter
1215 888 80 64 pro
1261 888 80 64 suo
1307 888 172 64 significato
1444 888 92 64 vera
1502 888 92 64 est.
1559 888 69 64 et
1594 888 92 64 tunc
1651 888 115 64 semper
1720 888 69 64 acci

1063 930 144 70 piendo
1163 930 216 70 vniformiter
1336 930 129 70 nihil
1422 930 201 70 connotatur
1580 930 101 70 nec
1638 930 101 70 per
1681 930 115 70 verbum

1062 984 65 54 nec
1099 984 65 54 per
1136 984 102 54 filium.
1210 984 56 54 et
1238 984 74 54 ideo
1285 984 149 54 consequentia
1405 984 74 54 illa
1452 984 74 54 fcam
1498 984 65 54 non
1535 984 93 54 valet.
1600 984 74 54 quia
1647 984 56 54 in
1665 984 121 54 consequente

1065 1025 168 72 implicatur
1197 1025 96 72 quod
1257 1025 132 72 aliquid
1353 1025 168 72 connotatur
1484 1025 84 72 per
1532 1025 120 72 verbum
1616 1025 84 72 vel
1664 1025 84 72 per
1700 1025 96 72 filium

1051 1076 107 54 quod
1118 1076 134 54 falsum
1212 1076 94 54 est
1265 1076 121 54 sicut
1346 1076 134 54 dictum
1440 1076 94 54 est
1494 1076 134 54 prius.
1588 1076 94 54 ita
1641 1076 121 54 etiam
1708 1076 81 54 tunc

1062 1115 124 63 semper
1148 1115 173 63 accipiendo
1284 1115 198 63 personaliter
1445 1115 111 63 nihil
1519 1115 173 63 connotatur
1655 1115 87 63 per
1692 1115 99 63 verbum

1055 1161 94 59 vel
1108 1161 94 59 per
1162 1161 148 59 filium.
1269 1161 80 59 Si
1309 1161 94 59 aut
1363 1161 107 59 isti
1430 1161 148 59 termini
1538 1161 134 59 verbum
1631 1161 148 59 diuinum
1725 1161 54 59 et

1053 1199 121 69 filius
1138 1199 158 69 supponunt
1259 1199 85 69 pro
1308 1199 73 69 se
1344 1199 73 69 in
1381 1199 158 69 praedicta
1502 1199 206 69 propositione.
1672 1199 97 69 tunc
1720 1199 61 69 est

1057 1251 197 57 antecedens
1212 1251 155 57 falsum.
1325 1251 113 57 quia
1395 1251 113 57 illo
1466 1251 113 57 modo
1536 1251 197 57 accipiendo
1677 1251 113 57 verbum

1064 1293 125 63 diuinum
1154 1293 68 63 et
1188 1293 113 63 filius
1267 1293 79 63 non
1313 1293 91 63 sunt
1369 1293 91 63 idem
1426 1293 147 63 realiter.
1539 1293 91 63 quia
1596 1293 91 63 isti
1652 1293 125 63 termini
1732 1293 45 63 no

1057 1336 88 60 sunt
1112 1336 88 60 idem
1167 1336 144 60 realiter.
1278 1336 66 60 et
1311 1336 88 60 ideo
1366 1336 122 60 aliquid
1455 1336 155 60 connotatur
1576 1336 77 60 per
1620 1336 88 60 vnum
1676 1336 88 60 quod
1720 1336 55 60 non

1049 1384 164 65 connotatur
1178 1384 82 65 per
1225 1384 152 65 reliquum.
1342 1384 59 65 ⁋
1365 1384 70 65 Ad
1401 1384 141 65 secundum
1506 1384 141 65 dicendum
1611 1384 82 65 est
1658 1384 94 65 quod
1705 1384 82 65 equae

1056 1430 158 60 veraciter
1177 1430 121 60 filius
1262 1430 85 60 est
1311 1430 133 60 persona
1408 1430 121 60 genita
1493 1430 73 60 de
1529 1430 146 60 scientia
1638 1430 121 60 patris
1711 1430 73 60 etc.

1052 1468 110 58 sicut
1125 1468 122 58 verbum
1210 1468 146 58 diuinum.
1320 1468 110 58 tamen
1393 1468 73 58 in
1430 1468 85 58 vna
1479 1468 195 58 propositione
1625 1468 159 58 praedicatur

1059 1515 184 65 diffinitio
1203 1515 170 65 exprimens
1334 1515 105 65 quid
1400 1515 144 65 nominis
1505 1515 79 65 de
1544 1515 92 65 suo
1596 1515 184 65 diffinito.
1728 1515 52 65 et

1054 1558 70 66 in
1089 1558 93 66 alia
1147 1558 93 66 non.
1205 1558 70 66 et
1240 1558 93 66 ideo
1298 1558 128 66 aliquid
1391 1558 162 66 connotatur
1519 1558 81 66 per
1565 1558 93 66 vnum
1623 1558 93 66 quod
1681 1558 81 66 non
1716 1558 58 66 per

1048 1604 172 59 reliquum.
1180 1604 79 59 Et
1219 1604 79 59 si
1259 1604 172 59 queratur.
1391 1604 119 59 quare
1470 1604 106 59 plus
1536 1604 106 59 vnum
1602 1604 119 59 nomen
1668 1604 119 59 secunde

1040 1650 152 57 persone
1151 1650 166 57 connotat
1275 1650 180 57 creaturam
1414 1650 111 57 quam
1483 1650 124 57 aliud
1566 1650 124 57 nomen
1635 1650 138 57 alterius

1041 1683 151 67 persone.
1155 1683 101 67 Dico
1218 1683 101 67 quod
1281 1683 113 67 sicut
1356 1683 101 67 vnum
1420 1683 113 67 nomen
1495 1683 139 67 secunde
1596 1683 139 67 persone
1697 1683 76 67 in
1722 1683 63 67 di-

1049 1738 130 58 uinis
1135 1738 174 58 connotat
1266 1738 203 58 creaturam.
1425 1738 87 58 et
1468 1738 130 58 aliud
1555 1738 116 58 nome
1627 1738 101 58 non
1671 1738 101 58 conno

1044 1774 85 66 tat
1092 1774 170 66 creaturam.
1226 1774 133 66 propter
1323 1774 85 66 hoc
1372 1774 97 66 quod
1432 1774 97 66 illa
1493 1774 121 66 nomina
1578 1774 121 66 habent
1651 1774 121 66 diuersas

1041 1821 214 66 diffinitiones
1217 1821 189 66 exprimentes
1368 1821 101 66 quid
1431 1821 151 66 nominis.
1544 1821 88 66 ita
1595 1821 151 66 cuilibet
1695 1821 63 66 per

1037 1866 125 67 sone
1116 1866 156 67 diuine
1225 1866 156 67 posset
1334 1866 156 67 imponi
1444 1866 141 67 nomen
1538 1866 125 67 tale
1600 1866 172 67 connotans

1046 1908 186 67 creaturam.
1192 1908 93 67 Nam
1245 1908 120 67 sicut
1325 1908 146 67 propter
1431 1908 93 67 hoc
1484 1908 106 67 quod
1550 1908 93 67 hoc
1604 1908 120 67 totum
1670 1908 93 67 perso

1029 1961 83 56 na
1071 1961 138 56 genita
1167 1961 83 56 de
1209 1961 166 56 scientia
1333 1961 138 56 patris
1430 1961 97 56 que
1485 1961 97 56 est
1540 1961 124 56 vnica
1623 1961 138 56 omnium
1706 1961 69 56 tam

1035 2000 97 55 dei
1091 2000 111 55 quam
1160 2000 208 55 creaturarum
1327 2000 97 55 est
1382 2000 194 55 diffinitio
1535 2000 180 55 exprimens
1660 2000 97 55 quido

1036 2041 165 65 nominis
1156 2041 135 65 huius
1246 2041 165 65 termini
1366 2041 165 65 verbum.
1487 2041 120 65 ideo
1562 2041 105 65 hoc
1622 2041 120 65 nome
1682 2041 75 65 ver

1036 2084 104 59 bum
1095 2084 178 59 connotat
1229 2084 207 59 creaturam.
1392 2084 104 59 Ita
1451 2084 89 59 si
1495 2084 104 59 hoc
1555 2084 133 59 totum
1629 2084 133 59 persona

1032 2132 141 59 generans
1138 2132 71 59 de
1174 2132 141 59 scientia
1280 2132 83 59 sua
1327 2132 94 59 quae
1386 2132 83 59 est
1433 2132 106 59 vnica
1504 2132 94 59 etc.
1563 2132 106 59 esset
1622 2132 141 59 diffinitio

1041 2181 172 51 exprimens
1173 2181 106 51 quid
1239 2181 146 51 nominis
1345 2181 159 51 alicuius
1465 2181 146 51 nominis
1571 2181 159 51 impositi
1677 2181 79 51 quod

1030 2220 104 62 esset
1100 2220 139 62 proprium
1204 2220 116 62 patri.
1285 2220 104 62 sicut
1354 2220 92 62 illa
1412 2220 162 62 diffinitio
1539 2220 81 62 est
1585 2220 127 62 propria
1666 2220 81 62 patri

1034 2258 106 66 ita
1095 2258 213 66 connotaret
1262 2258 197 66 creaturam
1414 2258 137 66 sicut
1505 2258 106 66 hoc
1566 2258 137 66 nomen
1641 2258 122 66 verbum

1035 2303 80 67 Et
1075 2303 80 67 si
1114 2303 93 67 hoc
1167 2303 119 67 totum
1247 2303 93 67 vel
1300 2303 172 67 consimile
1433 2303 80 67 in
1472 2303 93 67 quo
1526 2303 146 67 ponitur
1632 2303 146 67 aliquod

1022 2349 143 57 nomen
1118 2349 191 57 creature
1261 2349 95 57 in
1308 2349 175 57 obliquo
1436 2349 111 57 vel
1499 2349 95 57 in
1547 2349 159 57 recto.
1643 2349 111 57 sicut

1028 2392 199 64 diffinitio
1184 2392 184 64 exprimens
1326 2392 113 64 quid
1397 2392 156 64 nominis
1510 2392 128 64 huius
1595 2392 156 64 nominis
1694 2392 57 64 di

1020 2443 120 59 cens
1095 2443 150 59 quando
1200 2443 165 59 tenetur
1321 2443 120 59 pure
1396 2443 256 59 notionaliter.
1607 2443 105 59 hoc
1652 2443 105 59 nomen

1022 2487 141 52 dicens
1121 2487 113 52 erit
1192 2487 170 52 proprium
1319 2487 127 52 patri
1404 2487 85 52 et
1446 2487 198 52 connotabit
1587 2487 170 52 creaturam.

1014 2520 88 74 Et
1058 2520 132 74 sicut
1146 2520 147 74 dictum
1249 2520 103 74 est
1307 2520 88 74 de
1351 2520 147 74 patre.
1454 2520 103 74 ita
1513 2520 176 74 dicendum
1644 2520 103 74 est
1688 2520 59 74 de

1020 2575 169 59 spiritus
1147 2575 141 59 ancto.
1246 2575 71 59 ⁋
1274 2575 85 59 Ad
1316 2575 141 59 primum
1415 2575 198 59 principale
1570 2575 169 59 dicendum
1683 2575 85 59 quod

1008 2615 103 59 non
1067 2615 133 59 solus
1156 2615 148 59 filius
1259 2615 103 59 est
1319 2615 163 59 verbum.
1437 2615 103 59 sed
1496 2615 133 59 solus
1584 2615 148 59 filius
1673 2615 74 59 est

1011 2665 153 50 verbum
1118 2665 184 50 diuinum.
1256 2665 77 50 ⁋
1287 2665 92 50 Et
1333 2665 92 50 si
1379 2665 169 50 dicatur
1502 2665 123 50 quod
1578 2665 153 50 dictum
1670 2665 77 50 est

1008 2700 75 75 in
1045 2700 187 75 praecedenti
1195 2700 175 75 questione.
1332 2700 100 75 quod
1395 2700 112 75 omnis
1470 2700 187 75 intellectio
1620 2700 87 75 est
1657 2700 100 75 verbum
