<?xml version="1.0" encoding="UTF-8"?>
<alto xmlns:xsi="http://www.w3.org/2001/XMLSchema-instance"
      xmlns="http://www.loc.gov/standards/alto/ns-v2#"
      xmlns:page="http://schema.primaresearch.org/PAGE/gts/pagecontent/2013-07-15"
      xsi:schemaLocation="http://www.loc.gov/standards/alto/ns-v2# http://www.loc.gov/standards/alto/alto.xsd">
   <Description>
      <MeasurementUnit>pixel</MeasurementUnit>
      <OCRProcessing ID="IdOcr">
         <ocrProcessingStep>
            <processingDateTime>2020-09-05T08:11:00.235-04:00</processingDateTime>
            <processingSoftware>
               <softwareCreator>READ COOP</softwareCreator>
               <softwareName>Transkribus</softwareName>
            </processingSoftware>
         </ocrProcessingStep>
      </OCRProcessing>
   </Description>
   <Tags/>
   <Layout>
      <Page ID="Page1" PHYSICAL_IMG_NR="1" HEIGHT="3045" WIDTH="2221">
         <TopMargin HEIGHT="0" WIDTH="2221" VPOS="0" HPOS="0"/>
         <LeftMargin HEIGHT="3045" WIDTH="0" VPOS="0" HPOS="0"/>
         <RightMargin HEIGHT="3045" WIDTH="0" VPOS="0" HPOS="2221"/>
         <BottomMargin HEIGHT="0" WIDTH="2221" VPOS="3045" HPOS="0"/>
         <PrintSpace HEIGHT="3045" WIDTH="2221" VPOS="0" HPOS="0">
            <TextBlock ID="r3" HEIGHT="2477" WIDTH="762" VPOS="233" HPOS="429">
               <Shape>
                  <Polygon POINTS="429,233 429,2710 1191,2710 1191,233"/>
               </Shape>
               <TextLine ID="r3l2"
                         BASELINE="366"
                         HEIGHT="91"
                         WIDTH="696"
                         VPOS="275"
                         HPOS="423">
                  <String HEIGHT="91" WIDTH="89" VPOS="275" HPOS="410" CONTENT="per"/>
                  <SP HEIGHT="91" WIDTH="13" VPOS="275" HPOS="499"/>
                  <String HEIGHT="91"
                          WIDTH="114"
                          VPOS="275"
                          HPOS="461"
                          CONTENT="aliam"/>
                  <SP HEIGHT="91" WIDTH="13" VPOS="275" HPOS="575"/>
                  <String HEIGHT="91"
                          WIDTH="177"
                          VPOS="275"
                          HPOS="537"
                          CONTENT="relationem"/>
                  <SP HEIGHT="91" WIDTH="13" VPOS="275" HPOS="714"/>
                  <String HEIGHT="91" WIDTH="89" VPOS="275" HPOS="676" CONTENT="est"/>
                  <SP HEIGHT="91" WIDTH="13" VPOS="275" HPOS="765"/>
                  <String HEIGHT="91"
                          WIDTH="152"
                          VPOS="275"
                          HPOS="727"
                          CONTENT="diuersa."/>
                  <SP HEIGHT="91" WIDTH="13" VPOS="275" HPOS="879"/>
                  <String HEIGHT="91" WIDTH="76" VPOS="275" HPOS="841" CONTENT="et"/>
                  <SP HEIGHT="91" WIDTH="13" VPOS="275" HPOS="917"/>
                  <String HEIGHT="91" WIDTH="76" VPOS="275" HPOS="879" CONTENT="de"/>
                  <SP HEIGHT="91" WIDTH="13" VPOS="275" HPOS="954"/>
                  <String HEIGHT="91"
                          WIDTH="101"
                          VPOS="275"
                          HPOS="917"
                          CONTENT="illa"/>
                  <SP HEIGHT="91" WIDTH="13" VPOS="275" HPOS="1018"/>
                  <String HEIGHT="91"
                          WIDTH="114"
                          VPOS="275"
                          HPOS="980"
                          CONTENT="arguo"/>
                  <SP HEIGHT="91" WIDTH="13" VPOS="275" HPOS="1094"/>
                  <String HEIGHT="91"
                          WIDTH="76"
                          VPOS="275"
                          HPOS="1043"
                          CONTENT="quod"/>
               </TextLine>
               <TextLine ID="r3l3"
                         BASELINE="407"
                         HEIGHT="67"
                         WIDTH="693"
                         VPOS="340"
                         HPOS="431">
                  <String HEIGHT="67" WIDTH="87" VPOS="340" HPOS="419" CONTENT="lla"/>
                  <SP HEIGHT="67" WIDTH="12" VPOS="340" HPOS="505"/>
                  <String HEIGHT="67" WIDTH="99" VPOS="340" HPOS="468" CONTENT="erit"/>
                  <SP HEIGHT="67" WIDTH="12" VPOS="340" HPOS="567"/>
                  <String HEIGHT="67"
                          WIDTH="136"
                          VPOS="340"
                          HPOS="530"
                          CONTENT="diuersa"/>
                  <SP HEIGHT="67" WIDTH="12" VPOS="340" HPOS="666"/>
                  <String HEIGHT="67" WIDTH="87" VPOS="340" HPOS="629" CONTENT="per"/>
                  <SP HEIGHT="67" WIDTH="12" VPOS="340" HPOS="716"/>
                  <String HEIGHT="67"
                          WIDTH="111"
                          VPOS="340"
                          HPOS="679"
                          CONTENT="aliam"/>
                  <SP HEIGHT="67" WIDTH="12" VPOS="340" HPOS="790"/>
                  <String HEIGHT="67"
                          WIDTH="186"
                          VPOS="340"
                          HPOS="753"
                          CONTENT="relationem."/>
                  <SP HEIGHT="67" WIDTH="12" VPOS="340" HPOS="938"/>
                  <String HEIGHT="67" WIDTH="74" VPOS="340" HPOS="901" CONTENT="et"/>
                  <SP HEIGHT="67" WIDTH="12" VPOS="340" HPOS="976"/>
                  <String HEIGHT="67" WIDTH="99" VPOS="340" HPOS="938" CONTENT="erit"/>
                  <SP HEIGHT="67" WIDTH="12" VPOS="340" HPOS="1037"/>
                  <String HEIGHT="67"
                          WIDTH="136"
                          VPOS="340"
                          HPOS="988"
                          CONTENT="processus"/>
               </TextLine>
               <TextLine ID="r3l4"
                         BASELINE="454"
                         HEIGHT="83"
                         WIDTH="708"
                         VPOS="371"
                         HPOS="425">
                  <String HEIGHT="83" WIDTH="76" VPOS="371" HPOS="412" CONTENT="in"/>
                  <SP HEIGHT="83" WIDTH="13" VPOS="371" HPOS="488"/>
                  <String HEIGHT="83"
                          WIDTH="177"
                          VPOS="371"
                          HPOS="450"
                          CONTENT="infinitum."/>
                  <SP HEIGHT="83" WIDTH="13" VPOS="371" HPOS="627"/>
                  <String HEIGHT="83" WIDTH="89" VPOS="371" HPOS="589" CONTENT="ita"/>
                  <SP HEIGHT="83" WIDTH="13" VPOS="371" HPOS="678"/>
                  <String HEIGHT="83"
                          WIDTH="101"
                          VPOS="371"
                          HPOS="640"
                          CONTENT="quod"/>
                  <SP HEIGHT="83" WIDTH="13" VPOS="371" HPOS="741"/>
                  <String HEIGHT="83" WIDTH="76" VPOS="371" HPOS="703" CONTENT="in"/>
                  <SP HEIGHT="83" WIDTH="13" VPOS="371" HPOS="779"/>
                  <String HEIGHT="83"
                          WIDTH="152"
                          VPOS="371"
                          HPOS="741"
                          CONTENT="qualibet"/>
                  <SP HEIGHT="83" WIDTH="13" VPOS="371" HPOS="893"/>
                  <String HEIGHT="83" WIDTH="76" VPOS="371" HPOS="855" CONTENT="re"/>
                  <SP HEIGHT="83" WIDTH="13" VPOS="371" HPOS="931"/>
                  <String HEIGHT="83"
                          WIDTH="114"
                          VPOS="371"
                          HPOS="893"
                          CONTENT="erunt"/>
                  <SP HEIGHT="83" WIDTH="13" VPOS="371" HPOS="1007"/>
                  <String HEIGHT="83" WIDTH="89" VPOS="371" HPOS="969" CONTENT="res"/>
                  <SP HEIGHT="83" WIDTH="13" VPOS="371" HPOS="1057"/>
                  <String HEIGHT="83"
                          WIDTH="126"
                          VPOS="371"
                          HPOS="1007"
                          CONTENT="realiter"/>
               </TextLine>
               <TextLine ID="r3l5"
                         BASELINE="495"
                         HEIGHT="78"
                         WIDTH="695"
                         VPOS="417"
                         HPOS="432">
                  <String HEIGHT="78"
                          WIDTH="184"
                          VPOS="417"
                          HPOS="418"
                          CONTENT="distincte"/>
                  <SP HEIGHT="78" WIDTH="14" VPOS="417" HPOS="602"/>
                  <String HEIGHT="78"
                          WIDTH="184"
                          VPOS="417"
                          HPOS="560"
                          CONTENT="infinite."/>
                  <SP HEIGHT="78" WIDTH="14" VPOS="417" HPOS="744"/>
                  <String HEIGHT="78"
                          WIDTH="113"
                          VPOS="417"
                          HPOS="701"
                          CONTENT="quod"/>
                  <SP HEIGHT="78" WIDTH="14" VPOS="417" HPOS="815"/>
                  <String HEIGHT="78" WIDTH="99" VPOS="417" HPOS="772" CONTENT="est"/>
                  <SP HEIGHT="78" WIDTH="14" VPOS="417" HPOS="872"/>
                  <String HEIGHT="78"
                          WIDTH="184"
                          VPOS="417"
                          HPOS="829"
                          CONTENT="absurdum."/>
                  <SP HEIGHT="78" WIDTH="14" VPOS="417" HPOS="1014"/>
                  <String HEIGHT="78" WIDTH="71" VPOS="417" HPOS="971" CONTENT="⁋"/>
                  <SP HEIGHT="78" WIDTH="14" VPOS="417" HPOS="1042"/>
                  <String HEIGHT="78" WIDTH="85" VPOS="417" HPOS="999" CONTENT="Ad"/>
                  <SP HEIGHT="78" WIDTH="14" VPOS="417" HPOS="1084"/>
                  <String HEIGHT="78"
                          WIDTH="99"
                          VPOS="417"
                          HPOS="1028"
                          CONTENT="istud"/>
               </TextLine>
               <TextLine ID="r3l6"
                         BASELINE="539"
                         HEIGHT="74"
                         WIDTH="692"
                         VPOS="465"
                         HPOS="432">
                  <String HEIGHT="74"
                          WIDTH="115"
                          VPOS="465"
                          HPOS="419"
                          CONTENT="dicit"/>
                  <SP HEIGHT="74" WIDTH="13" VPOS="465" HPOS="535"/>
                  <String HEIGHT="74"
                          WIDTH="179"
                          VPOS="465"
                          HPOS="496"
                          CONTENT="praedictus"/>
                  <SP HEIGHT="74" WIDTH="13" VPOS="465" HPOS="675"/>
                  <String HEIGHT="74"
                          WIDTH="154"
                          VPOS="465"
                          HPOS="637"
                          CONTENT="opinans."/>
                  <SP HEIGHT="74" WIDTH="13" VPOS="465" HPOS="791"/>
                  <String HEIGHT="74"
                          WIDTH="103"
                          VPOS="465"
                          HPOS="752"
                          CONTENT="quod"/>
                  <SP HEIGHT="74" WIDTH="13" VPOS="465" HPOS="855"/>
                  <String HEIGHT="74"
                          WIDTH="141"
                          VPOS="465"
                          HPOS="816"
                          CONTENT="relatio"/>
                  <SP HEIGHT="74" WIDTH="13" VPOS="465" HPOS="957"/>
                  <String HEIGHT="74"
                          WIDTH="128"
                          VPOS="465"
                          HPOS="919"
                          CONTENT="seipsa"/>
                  <SP HEIGHT="74" WIDTH="13" VPOS="465" HPOS="1047"/>
                  <String HEIGHT="74"
                          WIDTH="128"
                          VPOS="465"
                          HPOS="996"
                          CONTENT="refertur"/>
               </TextLine>
               <TextLine ID="r3l7"
                         BASELINE="578"
                         HEIGHT="75"
                         WIDTH="697"
                         VPOS="503"
                         HPOS="434">
                  <String HEIGHT="75" WIDTH="79" VPOS="503" HPOS="421" CONTENT="ad"/>
                  <SP HEIGHT="75" WIDTH="13" VPOS="503" HPOS="500"/>
                  <String HEIGHT="75"
                          WIDTH="210"
                          VPOS="503"
                          HPOS="460"
                          CONTENT="fundamentum."/>
                  <SP HEIGHT="75" WIDTH="13" VPOS="503" HPOS="671"/>
                  <String HEIGHT="75" WIDTH="92" VPOS="503" HPOS="631" CONTENT="non"/>
                  <SP HEIGHT="75" WIDTH="13" VPOS="503" HPOS="723"/>
                  <String HEIGHT="75"
                          WIDTH="105"
                          VPOS="503"
                          HPOS="684"
                          CONTENT="enim"/>
                  <SP HEIGHT="75" WIDTH="13" VPOS="503" HPOS="789"/>
                  <String HEIGHT="75"
                          WIDTH="132"
                          VPOS="503"
                          HPOS="750"
                          CONTENT="potest"/>
                  <SP HEIGHT="75" WIDTH="13" VPOS="503" HPOS="881"/>
                  <String HEIGHT="75"
                          WIDTH="118"
                          VPOS="503"
                          HPOS="842"
                          CONTENT="fieri"/>
                  <SP HEIGHT="75" WIDTH="13" VPOS="503" HPOS="960"/>
                  <String HEIGHT="75"
                          WIDTH="132"
                          VPOS="503"
                          HPOS="921"
                          CONTENT="absque"/>
                  <SP HEIGHT="75" WIDTH="13" VPOS="503" HPOS="1052"/>
                  <String HEIGHT="75"
                          WIDTH="132"
                          VPOS="503"
                          HPOS="999"
                          CONTENT="fundamen"/>
               </TextLine>
               <TextLine ID="r3l8"
                         BASELINE="619"
                         HEIGHT="67"
                         WIDTH="698"
                         VPOS="552"
                         HPOS="433">
                  <String HEIGHT="67" WIDTH="75" VPOS="552" HPOS="421" CONTENT="to"/>
                  <SP HEIGHT="67" WIDTH="12" VPOS="552" HPOS="495"/>
                  <String HEIGHT="67" WIDTH="87" VPOS="552" HPOS="458" CONTENT="vel"/>
                  <SP HEIGHT="67" WIDTH="12" VPOS="552" HPOS="545"/>
                  <String HEIGHT="67"
                          WIDTH="125"
                          VPOS="552"
                          HPOS="508"
                          CONTENT="absque"/>
                  <SP HEIGHT="67" WIDTH="12" VPOS="552" HPOS="632"/>
                  <String HEIGHT="67" WIDTH="75" VPOS="552" HPOS="595" CONTENT="se"/>
                  <SP HEIGHT="67" WIDTH="12" VPOS="552" HPOS="670"/>
                  <String HEIGHT="67"
                          WIDTH="100"
                          VPOS="552"
                          HPOS="632"
                          CONTENT="sine"/>
                  <SP HEIGHT="67" WIDTH="12" VPOS="552" HPOS="732"/>
                  <String HEIGHT="67"
                          WIDTH="237"
                          VPOS="552"
                          HPOS="695"
                          CONTENT="contradictione."/>
                  <SP HEIGHT="67" WIDTH="12" VPOS="552" HPOS="932"/>
                  <String HEIGHT="67"
                          WIDTH="100"
                          VPOS="552"
                          HPOS="894"
                          CONTENT="ipsa"/>
                  <SP HEIGHT="67" WIDTH="12" VPOS="552" HPOS="994"/>
                  <String HEIGHT="67"
                          WIDTH="100"
                          VPOS="552"
                          HPOS="957"
                          CONTENT="enim"/>
                  <SP HEIGHT="67" WIDTH="12" VPOS="552" HPOS="1056"/>
                  <String HEIGHT="67"
                          WIDTH="125"
                          VPOS="552"
                          HPOS="1006"
                          CONTENT="existen"
                          SUBS_TYPE="HypPart1"
                          SUBS_CONTENT="existente"/>
                  <HYP CONTENT="-"/>
               </TextLine>
               <TextLine ID="r3l9"
                         BASELINE="665"
                         HEIGHT="71"
                         WIDTH="689"
                         VPOS="594"
                         HPOS="434">
                  <String HEIGHT="71"
                          WIDTH="90"
                          VPOS="594"
                          HPOS="419"
                          CONTENT="te"
                          SUBS_TYPE="HypPart2"
                          SUBS_CONTENT="existente"/>
                  <SP HEIGHT="71" WIDTH="15" VPOS="594" HPOS="509"/>
                  <String HEIGHT="71" WIDTH="90" VPOS="594" HPOS="464" CONTENT="et"/>
                  <SP HEIGHT="71" WIDTH="15" VPOS="594" HPOS="554"/>
                  <String HEIGHT="71"
                          WIDTH="210"
                          VPOS="594"
                          HPOS="509"
                          CONTENT="fundamento"/>
                  <SP HEIGHT="71" WIDTH="15" VPOS="594" HPOS="719"/>
                  <String HEIGHT="71"
                          WIDTH="135"
                          VPOS="594"
                          HPOS="674"
                          CONTENT="simul"/>
                  <SP HEIGHT="71" WIDTH="15" VPOS="594" HPOS="808"/>
                  <String HEIGHT="71"
                          WIDTH="120"
                          VPOS="594"
                          HPOS="764"
                          CONTENT="anbo"/>
                  <SP HEIGHT="71" WIDTH="15" VPOS="594" HPOS="883"/>
                  <String HEIGHT="71"
                          WIDTH="120"
                          VPOS="594"
                          HPOS="838"
                          CONTENT="sunt"/>
                  <SP HEIGHT="71" WIDTH="15" VPOS="594" HPOS="958"/>
                  <String HEIGHT="71"
                          WIDTH="165"
                          VPOS="594"
                          HPOS="913"
                          CONTENT="extrema"/>
                  <SP HEIGHT="71" WIDTH="15" VPOS="594" HPOS="1078"/>
                  <String HEIGHT="71"
                          WIDTH="105"
                          VPOS="594"
                          HPOS="1018"
                          CONTENT="huius"/>
               </TextLine>
               <TextLine ID="r3l10"
                         BASELINE="718"
                         HEIGHT="83"
                         WIDTH="711"
                         VPOS="635"
                         HPOS="425">
                  <String HEIGHT="83"
                          WIDTH="178"
                          VPOS="635"
                          HPOS="413"
                          CONTENT="relationis."/>
                  <SP HEIGHT="83" WIDTH="12" VPOS="635" HPOS="591"/>
                  <String HEIGHT="83"
                          WIDTH="142"
                          VPOS="635"
                          HPOS="555"
                          CONTENT="scilicet"/>
                  <SP HEIGHT="83" WIDTH="12" VPOS="635" HPOS="698"/>
                  <String HEIGHT="83"
                          WIDTH="154"
                          VPOS="635"
                          HPOS="662"
                          CONTENT="alietatis"/>
                  <SP HEIGHT="83" WIDTH="12" VPOS="635" HPOS="816"/>
                  <String HEIGHT="83" WIDTH="95" VPOS="635" HPOS="781" CONTENT="quae"/>
                  <SP HEIGHT="83" WIDTH="12" VPOS="635" HPOS="875"/>
                  <String HEIGHT="83" WIDTH="83" VPOS="635" HPOS="840" CONTENT="est"/>
                  <SP HEIGHT="83" WIDTH="12" VPOS="635" HPOS="923"/>
                  <String HEIGHT="83" WIDTH="71" VPOS="635" HPOS="887" CONTENT="ad"/>
                  <SP HEIGHT="83" WIDTH="12" VPOS="635" HPOS="958"/>
                  <String HEIGHT="83"
                          WIDTH="190"
                          VPOS="635"
                          HPOS="923"
                          CONTENT="fundamentum."/>
                  <SP HEIGHT="83" WIDTH="12" VPOS="635" HPOS="1112"/>
                  <String HEIGHT="83"
                          WIDTH="71"
                          VPOS="635"
                          HPOS="1065"
                          CONTENT="ergo"/>
               </TextLine>
               <TextLine ID="r3l11"
                         BASELINE="763"
                         HEIGHT="73"
                         WIDTH="702"
                         VPOS="690"
                         HPOS="434">
                  <String HEIGHT="73"
                          WIDTH="104"
                          VPOS="690"
                          HPOS="421"
                          CONTENT="ipsa"/>
                  <SP HEIGHT="73" WIDTH="13" VPOS="690" HPOS="525"/>
                  <String HEIGHT="73" WIDTH="91" VPOS="690" HPOS="486" CONTENT="non"/>
                  <SP HEIGHT="73" WIDTH="13" VPOS="690" HPOS="577"/>
                  <String HEIGHT="73"
                          WIDTH="130"
                          VPOS="690"
                          HPOS="538"
                          CONTENT="potest"/>
                  <SP HEIGHT="73" WIDTH="13" VPOS="690" HPOS="668"/>
                  <String HEIGHT="73"
                          WIDTH="104"
                          VPOS="690"
                          HPOS="629"
                          CONTENT="esse"/>
                  <SP HEIGHT="73" WIDTH="13" VPOS="690" HPOS="733"/>
                  <String HEIGHT="73"
                          WIDTH="130"
                          VPOS="690"
                          HPOS="694"
                          CONTENT="absque"/>
                  <SP HEIGHT="73" WIDTH="13" VPOS="690" HPOS="824"/>
                  <String HEIGHT="73"
                          WIDTH="221"
                          VPOS="690"
                          HPOS="785"
                          CONTENT="cotradictione"/>
                  <SP HEIGHT="73" WIDTH="13" VPOS="690" HPOS="1006"/>
                  <String HEIGHT="73"
                          WIDTH="104"
                          VPOS="690"
                          HPOS="967"
                          CONTENT="sine"/>
                  <SP HEIGHT="73" WIDTH="13" VPOS="690" HPOS="1071"/>
                  <String HEIGHT="73"
                          WIDTH="117"
                          VPOS="690"
                          HPOS="1019"
                          CONTENT="relatoe"/>
               </TextLine>
               <TextLine ID="r3l12"
                         BASELINE="800"
                         HEIGHT="76"
                         WIDTH="698"
                         VPOS="724"
                         HPOS="434">
                  <String HEIGHT="76"
                          WIDTH="109"
                          VPOS="724"
                          HPOS="420"
                          CONTENT="eius"/>
                  <SP HEIGHT="76" WIDTH="14" VPOS="724" HPOS="530"/>
                  <String HEIGHT="76" WIDTH="82" VPOS="724" HPOS="489" CONTENT="ad"/>
                  <SP HEIGHT="76" WIDTH="14" VPOS="724" HPOS="571"/>
                  <String HEIGHT="76"
                          WIDTH="219"
                          VPOS="724"
                          HPOS="530"
                          CONTENT="fundamentum."/>
                  <SP HEIGHT="76" WIDTH="14" VPOS="724" HPOS="749"/>
                  <String HEIGHT="76" WIDTH="82" VPOS="724" HPOS="708" CONTENT="et"/>
                  <SP HEIGHT="76" WIDTH="14" VPOS="724" HPOS="790"/>
                  <String HEIGHT="76" WIDTH="96" VPOS="724" HPOS="749" CONTENT="ita"/>
                  <SP HEIGHT="76" WIDTH="14" VPOS="724" HPOS="845"/>
                  <String HEIGHT="76"
                          WIDTH="109"
                          VPOS="724"
                          HPOS="804"
                          CONTENT="sine"/>
                  <SP HEIGHT="76" WIDTH="14" VPOS="724" HPOS="913"/>
                  <String HEIGHT="76"
                          WIDTH="246"
                          VPOS="724"
                          HPOS="872"
                          CONTENT="contradictione"/>
                  <SP HEIGHT="76" WIDTH="14" VPOS="724" HPOS="1118"/>
                  <String HEIGHT="76" WIDTH="68" VPOS="724" HPOS="1064" CONTENT="non"/>
               </TextLine>
               <TextLine ID="r3l13"
                         BASELINE="845"
                         HEIGHT="78"
                         WIDTH="696"
                         VPOS="767"
                         HPOS="443">
                  <String HEIGHT="78"
                          WIDTH="134"
                          VPOS="767"
                          HPOS="430"
                          CONTENT="potest"/>
                  <SP HEIGHT="78" WIDTH="13" VPOS="767" HPOS="563"/>
                  <String HEIGHT="78"
                          WIDTH="107"
                          VPOS="767"
                          HPOS="523"
                          CONTENT="esse"/>
                  <SP HEIGHT="78" WIDTH="13" VPOS="767" HPOS="630"/>
                  <String HEIGHT="78"
                          WIDTH="107"
                          VPOS="767"
                          HPOS="590"
                          CONTENT="sine"/>
                  <SP HEIGHT="78" WIDTH="13" VPOS="767" HPOS="697"/>
                  <String HEIGHT="78" WIDTH="94" VPOS="767" HPOS="657" CONTENT="suo"/>
                  <SP HEIGHT="78" WIDTH="13" VPOS="767" HPOS="751"/>
                  <String HEIGHT="78"
                          WIDTH="201"
                          VPOS="767"
                          HPOS="711"
                          CONTENT="fundamento."/>
                  <SP HEIGHT="78" WIDTH="13" VPOS="767" HPOS="911"/>
                  <String HEIGHT="78" WIDTH="80" VPOS="767" HPOS="871" CONTENT="et"/>
                  <SP HEIGHT="78" WIDTH="13" VPOS="767" HPOS="952"/>
                  <String HEIGHT="78" WIDTH="94" VPOS="767" HPOS="911" CONTENT="ita"/>
                  <SP HEIGHT="78" WIDTH="13" VPOS="767" HPOS="1005"/>
                  <String HEIGHT="78"
                          WIDTH="147"
                          VPOS="767"
                          HPOS="965"
                          CONTENT="relatio"/>
                  <SP HEIGHT="78" WIDTH="13" VPOS="767" HPOS="1112"/>
                  <String HEIGHT="78"
                          WIDTH="80"
                          VPOS="767"
                          HPOS="1059"
                          CONTENT="ista"/>
               </TextLine>
               <TextLine ID="r3l14"
                         BASELINE="893"
                         HEIGHT="80"
                         WIDTH="696"
                         VPOS="813"
                         HPOS="446">
                  <String HEIGHT="80" WIDTH="96" VPOS="813" HPOS="432" CONTENT="qua"/>
                  <SP HEIGHT="80" WIDTH="14" VPOS="813" HPOS="528"/>
                  <String HEIGHT="80"
                          WIDTH="164"
                          VPOS="813"
                          HPOS="487"
                          CONTENT="refertur"/>
                  <SP HEIGHT="80" WIDTH="14" VPOS="813" HPOS="651"/>
                  <String HEIGHT="80" WIDTH="82" VPOS="813" HPOS="610" CONTENT="ad"/>
                  <SP HEIGHT="80" WIDTH="14" VPOS="813" HPOS="692"/>
                  <String HEIGHT="80"
                          WIDTH="205"
                          VPOS="813"
                          HPOS="651"
                          CONTENT="fundamentum"/>
                  <SP HEIGHT="80" WIDTH="14" VPOS="813" HPOS="855"/>
                  <String HEIGHT="80"
                          WIDTH="109"
                          VPOS="813"
                          HPOS="814"
                          CONTENT="erit"/>
                  <SP HEIGHT="80" WIDTH="14" VPOS="813" HPOS="924"/>
                  <String HEIGHT="80"
                          WIDTH="123"
                          VPOS="813"
                          HPOS="883"
                          CONTENT="eadem"/>
                  <SP HEIGHT="80" WIDTH="14" VPOS="813" HPOS="1006"/>
                  <String HEIGHT="80"
                          WIDTH="123"
                          VPOS="813"
                          HPOS="965"
                          CONTENT="sibi."/>
                  <SP HEIGHT="80" WIDTH="14" VPOS="813" HPOS="1087"/>
                  <String HEIGHT="80" WIDTH="68" VPOS="813" HPOS="1046" CONTENT="⁋"/>
                  <SP HEIGHT="80" WIDTH="14" VPOS="813" HPOS="1115"/>
                  <String HEIGHT="80"
                          WIDTH="82"
                          VPOS="813"
                          HPOS="1060"
                          CONTENT="Con"
                          SUBS_TYPE="HypPart1"
                          SUBS_CONTENT="Contra"/>
                  <HYP CONTENT="-"/>
               </TextLine>
               <TextLine ID="r3l15"
                         BASELINE="931"
                         HEIGHT="73"
                         WIDTH="701"
                         VPOS="858"
                         HPOS="434">
                  <String HEIGHT="73"
                          WIDTH="91"
                          VPOS="858"
                          HPOS="421"
                          CONTENT="tra"
                          SUBS_TYPE="HypPart2"
                          SUBS_CONTENT="Contra"/>
                  <SP HEIGHT="73" WIDTH="13" VPOS="858" HPOS="512"/>
                  <String HEIGHT="73"
                          WIDTH="117"
                          VPOS="858"
                          HPOS="473"
                          CONTENT="istam"/>
                  <SP HEIGHT="73" WIDTH="13" VPOS="858" HPOS="590"/>
                  <String HEIGHT="73"
                          WIDTH="208"
                          VPOS="858"
                          HPOS="551"
                          CONTENT="responsionem"/>
                  <SP HEIGHT="73" WIDTH="13" VPOS="858" HPOS="759"/>
                  <String HEIGHT="73"
                          WIDTH="117"
                          VPOS="858"
                          HPOS="720"
                          CONTENT="arguo"/>
                  <SP HEIGHT="73" WIDTH="13" VPOS="858" HPOS="836"/>
                  <String HEIGHT="73"
                          WIDTH="117"
                          VPOS="858"
                          HPOS="797"
                          CONTENT="primo"/>
                  <SP HEIGHT="73" WIDTH="13" VPOS="858" HPOS="914"/>
                  <String HEIGHT="73"
                          WIDTH="104"
                          VPOS="858"
                          HPOS="875"
                          CONTENT="sic."/>
                  <SP HEIGHT="73" WIDTH="13" VPOS="858" HPOS="979"/>
                  <String HEIGHT="73"
                          WIDTH="169"
                          VPOS="858"
                          HPOS="940"
                          CONTENT="Ubicumque"/>
                  <SP HEIGHT="73" WIDTH="13" VPOS="858" HPOS="1109"/>
                  <String HEIGHT="73"
                          WIDTH="78"
                          VPOS="858"
                          HPOS="1057"
                          CONTENT="sunt"/>
               </TextLine>
               <TextLine ID="r3l16"
                         BASELINE="978"
                         HEIGHT="72"
                         WIDTH="701"
                         VPOS="906"
                         HPOS="446">
                  <String HEIGHT="72"
                          WIDTH="190"
                          VPOS="906"
                          HPOS="431"
                          CONTENT="distincti"/>
                  <SP HEIGHT="72" WIDTH="15" VPOS="906" HPOS="621"/>
                  <String HEIGHT="72"
                          WIDTH="161"
                          VPOS="906"
                          HPOS="577"
                          CONTENT="termini"/>
                  <SP HEIGHT="72" WIDTH="15" VPOS="906" HPOS="738"/>
                  <String HEIGHT="72"
                          WIDTH="190"
                          VPOS="906"
                          HPOS="694"
                          CONTENT="aliquarum"/>
                  <SP HEIGHT="72" WIDTH="15" VPOS="906" HPOS="884"/>
                  <String HEIGHT="72"
                          WIDTH="219"
                          VPOS="906"
                          HPOS="840"
                          CONTENT="relationum:"/>
                  <SP HEIGHT="72" WIDTH="15" VPOS="906" HPOS="1059"/>
                  <String HEIGHT="72"
                          WIDTH="102"
                          VPOS="906"
                          HPOS="1016"
                          CONTENT="ibi"/>
                  <SP HEIGHT="72" WIDTH="15" VPOS="906" HPOS="1118"/>
                  <String HEIGHT="72"
                          WIDTH="88"
                          VPOS="906"
                          HPOS="1059"
                          CONTENT="sunt"/>
               </TextLine>
               <TextLine ID="r3l17"
                         BASELINE="1021"
                         HEIGHT="79"
                         WIDTH="707"
                         VPOS="942"
                         HPOS="438">
                  <String HEIGHT="79"
                          WIDTH="161"
                          VPOS="942"
                          HPOS="426"
                          CONTENT="distincte"/>
                  <SP HEIGHT="79" WIDTH="12" VPOS="942" HPOS="587"/>
                  <String HEIGHT="79"
                          WIDTH="186"
                          VPOS="942"
                          HPOS="550"
                          CONTENT="relationes."/>
                  <SP HEIGHT="79" WIDTH="12" VPOS="942" HPOS="736"/>
                  <String HEIGHT="79" WIDTH="99" VPOS="942" HPOS="698" CONTENT="quia"/>
                  <SP HEIGHT="79" WIDTH="12" VPOS="942" HPOS="798"/>
                  <String HEIGHT="79"
                          WIDTH="136"
                          VPOS="942"
                          HPOS="760"
                          CONTENT="relatio"/>
                  <SP HEIGHT="79" WIDTH="12" VPOS="942" HPOS="897"/>
                  <String HEIGHT="79"
                          WIDTH="149"
                          VPOS="942"
                          HPOS="860"
                          CONTENT="secundum"/>
                  <SP HEIGHT="79" WIDTH="12" VPOS="942" HPOS="1009"/>
                  <String HEIGHT="79"
                          WIDTH="112"
                          VPOS="942"
                          HPOS="971"
                          CONTENT="istos"/>
                  <SP HEIGHT="79" WIDTH="12" VPOS="942" HPOS="1083"/>
                  <String HEIGHT="79" WIDTH="87" VPOS="942" HPOS="1046" CONTENT="est"/>
                  <SP HEIGHT="79" WIDTH="12" VPOS="942" HPOS="1133"/>
                  <String HEIGHT="79" WIDTH="74" VPOS="942" HPOS="1095" CONTENT="ad"/>
                  <SP HEIGHT="79" WIDTH="12" VPOS="942" HPOS="1170"/>
                  <String HEIGHT="79" WIDTH="25" VPOS="942" HPOS="1120" CONTENT=""/>
               </TextLine>
               <TextLine ID="r3l18"
                         BASELINE="1058"
                         HEIGHT="74"
                         WIDTH="724"
                         VPOS="984"
                         HPOS="429">
                  <String HEIGHT="74"
                          WIDTH="147"
                          VPOS="984"
                          HPOS="417"
                          CONTENT="aliquid."/>
                  <SP HEIGHT="74" WIDTH="12" VPOS="984" HPOS="564"/>
                  <String HEIGHT="74" WIDTH="98" VPOS="984" HPOS="527" CONTENT="ergo"/>
                  <SP HEIGHT="74" WIDTH="12" VPOS="984" HPOS="625"/>
                  <String HEIGHT="74" WIDTH="74" VPOS="984" HPOS="589" CONTENT="ad"/>
                  <SP HEIGHT="74" WIDTH="12" VPOS="984" HPOS="662"/>
                  <String HEIGHT="74"
                          WIDTH="172"
                          VPOS="984"
                          HPOS="625"
                          CONTENT="distinctum"/>
                  <SP HEIGHT="74" WIDTH="12" VPOS="984" HPOS="797"/>
                  <String HEIGHT="74" WIDTH="86" VPOS="984" HPOS="760" CONTENT="est"/>
                  <SP HEIGHT="74" WIDTH="12" VPOS="984" HPOS="846"/>
                  <String HEIGHT="74"
                          WIDTH="172"
                          VPOS="984"
                          HPOS="809"
                          CONTENT="distincta."/>
                  <SP HEIGHT="74" WIDTH="12" VPOS="984" HPOS="981"/>
                  <String HEIGHT="74" WIDTH="98" VPOS="984" HPOS="944" CONTENT="quia"/>
                  <SP HEIGHT="74" WIDTH="12" VPOS="984" HPOS="1043"/>
                  <String HEIGHT="74"
                          WIDTH="110"
                          VPOS="984"
                          HPOS="1006"
                          CONTENT="vnius"/>
                  <SP HEIGHT="74" WIDTH="12" VPOS="984" HPOS="1116"/>
                  <String HEIGHT="74"
                          WIDTH="86"
                          VPOS="984"
                          HPOS="1067"
                          CONTENT="rela"
                          SUBS_TYPE="HypPart1"
                          SUBS_CONTENT="relationis"/>
                  <HYP CONTENT="-"/>
               </TextLine>
               <TextLine ID="r3l19"
                         BASELINE="1105"
                         HEIGHT="75"
                         WIDTH="711"
                         VPOS="1030"
                         HPOS="438">
                  <String HEIGHT="75"
                          WIDTH="119"
                          VPOS="1030"
                          HPOS="426"
                          CONTENT="tionis"
                          SUBS_TYPE="HypPart2"
                          SUBS_CONTENT="relationis"/>
                  <SP HEIGHT="75" WIDTH="12" VPOS="1030" HPOS="545"/>
                  <String HEIGHT="75" WIDTH="83" VPOS="1030" HPOS="509" CONTENT="est"/>
                  <SP HEIGHT="75" WIDTH="12" VPOS="1030" HPOS="592"/>
                  <String HEIGHT="75"
                          WIDTH="107"
                          VPOS="1030"
                          HPOS="557"
                          CONTENT="primo"/>
                  <SP HEIGHT="75" WIDTH="12" VPOS="1030" HPOS="663"/>
                  <String HEIGHT="75"
                          WIDTH="95"
                          VPOS="1030"
                          HPOS="628"
                          CONTENT="vnus"/>
                  <SP HEIGHT="75" WIDTH="12" VPOS="1030" HPOS="722"/>
                  <String HEIGHT="75"
                          WIDTH="142"
                          VPOS="1030"
                          HPOS="687"
                          CONTENT="terminus"/>
                  <SP HEIGHT="75" WIDTH="12" VPOS="1030" HPOS="829"/>
                  <String HEIGHT="75"
                          WIDTH="130"
                          VPOS="1030"
                          HPOS="794"
                          CONTENT="tantum."/>
                  <SP HEIGHT="75" WIDTH="12" VPOS="1030" HPOS="924"/>
                  <String HEIGHT="75"
                          WIDTH="107"
                          VPOS="1030"
                          HPOS="888"
                          CONTENT="sicut"/>
                  <SP HEIGHT="75" WIDTH="12" VPOS="1030" HPOS="995"/>
                  <String HEIGHT="75"
                          WIDTH="119"
                          VPOS="1030"
                          HPOS="959"
                          CONTENT="istius"/>
                  <SP HEIGHT="75" WIDTH="12" VPOS="1030" HPOS="1078"/>
                  <String HEIGHT="75"
                          WIDTH="119"
                          VPOS="1030"
                          HPOS="1031"
                          CONTENT="similitu"/>
               </TextLine>
               <TextLine ID="r3l20"
                         BASELINE="1142"
                         HEIGHT="72"
                         WIDTH="702"
                         VPOS="1070"
                         HPOS="455">
                  <String HEIGHT="72"
                          WIDTH="107"
                          VPOS="1070"
                          HPOS="443"
                          CONTENT="linis"/>
                  <SP HEIGHT="72" WIDTH="12" VPOS="1070" HPOS="550"/>
                  <String HEIGHT="72" WIDTH="71" VPOS="1070" HPOS="514" CONTENT="in"/>
                  <SP HEIGHT="72" WIDTH="12" VPOS="1070" HPOS="586"/>
                  <String HEIGHT="72"
                          WIDTH="107"
                          VPOS="1070"
                          HPOS="550"
                          CONTENT="sorte"/>
                  <SP HEIGHT="72" WIDTH="12" VPOS="1070" HPOS="657"/>
                  <String HEIGHT="72" WIDTH="83" VPOS="1070" HPOS="622" CONTENT="vel"/>
                  <SP HEIGHT="72" WIDTH="12" VPOS="1070" HPOS="705"/>
                  <String HEIGHT="72"
                          WIDTH="119"
                          VPOS="1070"
                          HPOS="669"
                          CONTENT="illius"/>
                  <SP HEIGHT="72" WIDTH="12" VPOS="1070" HPOS="788"/>
                  <String HEIGHT="72"
                          WIDTH="178"
                          VPOS="1070"
                          HPOS="752"
                          CONTENT="patrnitatis"/>
                  <SP HEIGHT="72" WIDTH="12" VPOS="1070" HPOS="931"/>
                  <String HEIGHT="72" WIDTH="71" VPOS="1070" HPOS="895" CONTENT="in"/>
                  <SP HEIGHT="72" WIDTH="12" VPOS="1070" HPOS="967"/>
                  <String HEIGHT="72"
                          WIDTH="107"
                          VPOS="1070"
                          HPOS="931"
                          CONTENT="sorte"/>
                  <SP HEIGHT="72" WIDTH="12" VPOS="1070" HPOS="1038"/>
                  <String HEIGHT="72"
                          WIDTH="143"
                          VPOS="1070"
                          HPOS="1002"
                          CONTENT="terminus"/>
                  <SP HEIGHT="72" WIDTH="12" VPOS="1070" HPOS="1145"/>
                  <String HEIGHT="72"
                          WIDTH="59"
                          VPOS="1070"
                          HPOS="1098"
                          CONTENT="est"/>
               </TextLine>
               <TextLine ID="r3l21"
                         BASELINE="1188"
                         HEIGHT="71"
                         WIDTH="701"
                         VPOS="1117"
                         HPOS="443">
                  <String HEIGHT="71"
                          WIDTH="127"
                          VPOS="1117"
                          HPOS="430"
                          CONTENT="filius"/>
                  <SP HEIGHT="71" WIDTH="13" VPOS="1117" HPOS="558"/>
                  <String HEIGHT="71" WIDTH="89" VPOS="1117" HPOS="519" CONTENT="vel"/>
                  <SP HEIGHT="71" WIDTH="13" VPOS="1117" HPOS="609"/>
                  <String HEIGHT="71"
                          WIDTH="115"
                          VPOS="1117"
                          HPOS="570"
                          CONTENT="aliud"/>
                  <SP HEIGHT="71" WIDTH="13" VPOS="1117" HPOS="685"/>
                  <String HEIGHT="71"
                          WIDTH="127"
                          VPOS="1117"
                          HPOS="647"
                          CONTENT="album."/>
                  <SP HEIGHT="71" WIDTH="13" VPOS="1117" HPOS="774"/>
                  <String HEIGHT="71"
                          WIDTH="153"
                          VPOS="1117"
                          HPOS="736"
                          CONTENT="terminus"/>
                  <SP HEIGHT="71" WIDTH="13" VPOS="1117" HPOS="889"/>
                  <String HEIGHT="71"
                          WIDTH="115"
                          VPOS="1117"
                          HPOS="851"
                          CONTENT="autem"/>
                  <SP HEIGHT="71" WIDTH="13" VPOS="1117" HPOS="966"/>
                  <String HEIGHT="71"
                          WIDTH="127"
                          VPOS="1117"
                          HPOS="927"
                          CONTENT="istius"/>
                  <SP HEIGHT="71" WIDTH="13" VPOS="1117" HPOS="1055"/>
                  <String HEIGHT="71"
                          WIDTH="140"
                          VPOS="1117"
                          HPOS="1004"
                          CONTENT="alietatis"/>
               </TextLine>
               <TextLine ID="r3l22"
                         BASELINE="1231"
                         HEIGHT="73"
                         WIDTH="712"
                         VPOS="1158"
                         HPOS="444">
                  <String HEIGHT="73"
                          WIDTH="100"
                          VPOS="1158"
                          HPOS="432"
                          CONTENT="quae"/>
                  <SP HEIGHT="73" WIDTH="12" VPOS="1158" HPOS="531"/>
                  <String HEIGHT="73"
                          WIDTH="100"
                          VPOS="1158"
                          HPOS="494"
                          CONTENT="ista"/>
                  <SP HEIGHT="73" WIDTH="12" VPOS="1158" HPOS="594"/>
                  <String HEIGHT="73"
                          WIDTH="137"
                          VPOS="1158"
                          HPOS="556"
                          CONTENT="relatio"/>
                  <SP HEIGHT="73" WIDTH="12" VPOS="1158" HPOS="694"/>
                  <String HEIGHT="73" WIDTH="87" VPOS="1158" HPOS="656" CONTENT="est"/>
                  <SP HEIGHT="73" WIDTH="12" VPOS="1158" HPOS="744"/>
                  <String HEIGHT="73"
                          WIDTH="100"
                          VPOS="1158"
                          HPOS="706"
                          CONTENT="alia"/>
                  <SP HEIGHT="73" WIDTH="12" VPOS="1158" HPOS="806"/>
                  <String HEIGHT="73" WIDTH="62" VPOS="1158" HPOS="769" CONTENT="a"/>
                  <SP HEIGHT="73" WIDTH="12" VPOS="1158" HPOS="831"/>
                  <String HEIGHT="73" WIDTH="87" VPOS="1158" HPOS="794" CONTENT="suo"/>
                  <SP HEIGHT="73" WIDTH="12" VPOS="1158" HPOS="881"/>
                  <String HEIGHT="73"
                          WIDTH="175"
                          VPOS="1158"
                          HPOS="844"
                          CONTENT="fundamento"/>
                  <SP HEIGHT="73" WIDTH="12" VPOS="1158" HPOS="1019"/>
                  <String HEIGHT="73" WIDTH="87" VPOS="1158" HPOS="981" CONTENT="est"/>
                  <SP HEIGHT="73" WIDTH="12" VPOS="1158" HPOS="1069"/>
                  <String HEIGHT="73"
                          WIDTH="112"
                          VPOS="1158"
                          HPOS="1031"
                          CONTENT="ipsum"/>
                  <SP HEIGHT="73" WIDTH="12" VPOS="1158" HPOS="1144"/>
                  <String HEIGHT="73"
                          WIDTH="62"
                          VPOS="1158"
                          HPOS="1094"
                          CONTENT="fum"/>
               </TextLine>
               <TextLine ID="r3l23"
                         BASELINE="1272"
                         HEIGHT="66"
                         WIDTH="710"
                         VPOS="1206"
                         HPOS="450">
                  <String HEIGHT="66"
                          WIDTH="165"
                          VPOS="1206"
                          HPOS="437"
                          CONTENT="damentum."/>
                  <SP HEIGHT="66" WIDTH="13" VPOS="1206" HPOS="602"/>
                  <String HEIGHT="66"
                          WIDTH="101"
                          VPOS="1206"
                          HPOS="564"
                          CONTENT="ergo"/>
                  <SP HEIGHT="66" WIDTH="13" VPOS="1206" HPOS="666"/>
                  <String HEIGHT="66"
                          WIDTH="101"
                          VPOS="1206"
                          HPOS="628"
                          CONTENT="ista"/>
                  <SP HEIGHT="66" WIDTH="13" VPOS="1206" HPOS="729"/>
                  <String HEIGHT="66"
                          WIDTH="139"
                          VPOS="1206"
                          HPOS="691"
                          CONTENT="relatio"/>
                  <SP HEIGHT="66" WIDTH="13" VPOS="1206" HPOS="830"/>
                  <String HEIGHT="66" WIDTH="76" VPOS="1206" HPOS="792" CONTENT="et"/>
                  <SP HEIGHT="66" WIDTH="13" VPOS="1206" HPOS="868"/>
                  <String HEIGHT="66"
                          WIDTH="101"
                          VPOS="1206"
                          HPOS="830"
                          CONTENT="ista"/>
                  <SP HEIGHT="66" WIDTH="13" VPOS="1206" HPOS="932"/>
                  <String HEIGHT="66"
                          WIDTH="139"
                          VPOS="1206"
                          HPOS="894"
                          CONTENT="alietas"/>
                  <SP HEIGHT="66" WIDTH="13" VPOS="1206" HPOS="1033"/>
                  <String HEIGHT="66"
                          WIDTH="152"
                          VPOS="1206"
                          HPOS="995"
                          CONTENT="realiter"/>
                  <SP HEIGHT="66" WIDTH="13" VPOS="1206" HPOS="1147"/>
                  <String HEIGHT="66"
                          WIDTH="63"
                          VPOS="1206"
                          HPOS="1097"
                          CONTENT="di"
                          SUBS_TYPE="HypPart1"
                          SUBS_CONTENT="distinguntur."/>
                  <HYP CONTENT="-"/>
               </TextLine>
               <TextLine ID="r3l24"
                         BASELINE="1329"
                         HEIGHT="77"
                         WIDTH="707"
                         VPOS="1252"
                         HPOS="447">
                  <String HEIGHT="77"
                          WIDTH="196"
                          VPOS="1252"
                          HPOS="434"
                          CONTENT="stinguntur."
                          SUBS_TYPE="HypPart2"
                          SUBS_CONTENT="distinguntur."/>
                  <SP HEIGHT="77" WIDTH="13" VPOS="1252" HPOS="630"/>
                  <String HEIGHT="77" WIDTH="65" VPOS="1252" HPOS="591" CONTENT="⁋"/>
                  <SP HEIGHT="77" WIDTH="13" VPOS="1252" HPOS="656"/>
                  <String HEIGHT="77"
                          WIDTH="170"
                          VPOS="1252"
                          HPOS="617"
                          CONTENT="Preterea."/>
                  <SP HEIGHT="77" WIDTH="13" VPOS="1252" HPOS="787"/>
                  <String HEIGHT="77" WIDTH="79" VPOS="1252" HPOS="748" CONTENT="si"/>
                  <SP HEIGHT="77" WIDTH="13" VPOS="1252" HPOS="827"/>
                  <String HEIGHT="77"
                          WIDTH="131"
                          VPOS="1252"
                          HPOS="787"
                          CONTENT="sortes"/>
                  <SP HEIGHT="77" WIDTH="13" VPOS="1252" HPOS="918"/>
                  <String HEIGHT="77" WIDTH="92" VPOS="1252" HPOS="879" CONTENT="est"/>
                  <SP HEIGHT="77" WIDTH="13" VPOS="1252" HPOS="971"/>
                  <String HEIGHT="77"
                          WIDTH="144"
                          VPOS="1252"
                          HPOS="931"
                          CONTENT="similis"/>
                  <SP HEIGHT="77" WIDTH="13" VPOS="1252" HPOS="1075"/>
                  <String HEIGHT="77"
                          WIDTH="131"
                          VPOS="1252"
                          HPOS="1023"
                          CONTENT="platoni"
                          SUBS_TYPE="HypPart1"
                          SUBS_CONTENT="platoniergo"/>
                  <HYP CONTENT="-"/>
               </TextLine>
               <TextLine ID="r3l25"
                         BASELINE="1360"
                         HEIGHT="70"
                         WIDTH="708"
                         VPOS="1290"
                         HPOS="452">
                  <String HEIGHT="70"
                          WIDTH="99"
                          VPOS="1290"
                          HPOS="440"
                          CONTENT="ergo"
                          SUBS_TYPE="HypPart2"
                          SUBS_CONTENT="platoniergo"/>
                  <SP HEIGHT="70" WIDTH="12" VPOS="1290" HPOS="539"/>
                  <String HEIGHT="70"
                          WIDTH="99"
                          VPOS="1290"
                          HPOS="502"
                          CONTENT="illa"/>
                  <SP HEIGHT="70" WIDTH="12" VPOS="1290" HPOS="601"/>
                  <String HEIGHT="70"
                          WIDTH="174"
                          VPOS="1290"
                          HPOS="564"
                          CONTENT="similitudo"/>
                  <SP HEIGHT="70" WIDTH="12" VPOS="1290" HPOS="738"/>
                  <String HEIGHT="70" WIDTH="87" VPOS="1290" HPOS="700" CONTENT="est"/>
                  <SP HEIGHT="70" WIDTH="12" VPOS="1290" HPOS="787"/>
                  <String HEIGHT="70"
                          WIDTH="137"
                          VPOS="1290"
                          HPOS="750"
                          CONTENT="similis"/>
                  <SP HEIGHT="70" WIDTH="12" VPOS="1290" HPOS="887"/>
                  <String HEIGHT="70"
                          WIDTH="99"
                          VPOS="1290"
                          HPOS="849"
                          CONTENT="isti"/>
                  <SP HEIGHT="70" WIDTH="12" VPOS="1290" HPOS="949"/>
                  <String HEIGHT="70"
                          WIDTH="211"
                          VPOS="1290"
                          HPOS="912"
                          CONTENT="similitudini."/>
                  <SP HEIGHT="70" WIDTH="12" VPOS="1290" HPOS="1123"/>
                  <String HEIGHT="70" WIDTH="75" VPOS="1290" HPOS="1085" CONTENT="et"/>
                  <SP HEIGHT="70" WIDTH="12" VPOS="1290" HPOS="1160"/>
                  <String HEIGHT="70" WIDTH="50" VPOS="1290" HPOS="1110" CONTENT="ea"/>
               </TextLine>
               <TextLine ID="r3l26"
                         BASELINE="1402"
                         HEIGHT="67"
                         WIDTH="703"
                         VPOS="1335"
                         HPOS="456">
                  <String HEIGHT="67" WIDTH="85" VPOS="1335" HPOS="444" CONTENT="dem"/>
                  <SP HEIGHT="67" WIDTH="12" VPOS="1335" HPOS="529"/>
                  <String HEIGHT="67"
                          WIDTH="133"
                          VPOS="1335"
                          HPOS="492"
                          CONTENT="ratione"/>
                  <SP HEIGHT="67" WIDTH="12" VPOS="1335" HPOS="626"/>
                  <String HEIGHT="67"
                          WIDTH="97"
                          VPOS="1335"
                          HPOS="589"
                          CONTENT="illa"/>
                  <SP HEIGHT="67" WIDTH="12" VPOS="1335" HPOS="686"/>
                  <String HEIGHT="67"
                          WIDTH="133"
                          VPOS="1335"
                          HPOS="650"
                          CONTENT="secunda"/>
                  <SP HEIGHT="67" WIDTH="12" VPOS="1335" HPOS="783"/>
                  <String HEIGHT="67"
                          WIDTH="170"
                          VPOS="1335"
                          HPOS="747"
                          CONTENT="similitudo"/>
                  <SP HEIGHT="67" WIDTH="12" VPOS="1335" HPOS="917"/>
                  <String HEIGHT="67" WIDTH="85" VPOS="1335" HPOS="880" CONTENT="est"/>
                  <SP HEIGHT="67" WIDTH="12" VPOS="1335" HPOS="965"/>
                  <String HEIGHT="67"
                          WIDTH="133"
                          VPOS="1335"
                          HPOS="929"
                          CONTENT="similis"/>
                  <SP HEIGHT="67" WIDTH="12" VPOS="1335" HPOS="1062"/>
                  <String HEIGHT="67"
                          WIDTH="121"
                          VPOS="1335"
                          HPOS="1026"
                          CONTENT="alteri"/>
                  <SP HEIGHT="67" WIDTH="12" VPOS="1335" HPOS="1147"/>
                  <String HEIGHT="67"
                          WIDTH="61"
                          VPOS="1335"
                          HPOS="1098"
                          CONTENT="si"
                          SUBS_TYPE="HypPart1"
                          SUBS_CONTENT="similitudini."/>
                  <HYP CONTENT="-"/>
               </TextLine>
               <TextLine ID="r3l27"
                         BASELINE="1447"
                         HEIGHT="66"
                         WIDTH="691"
                         VPOS="1381"
                         HPOS="462">
                  <String HEIGHT="66"
                          WIDTH="203"
                          VPOS="1381"
                          HPOS="448"
                          CONTENT="militudini."
                          SUBS_TYPE="HypPart2"
                          SUBS_CONTENT="similitudini."/>
                  <SP HEIGHT="66" WIDTH="14" VPOS="1381" HPOS="652"/>
                  <String HEIGHT="66" WIDTH="81" VPOS="1381" HPOS="611" CONTENT="et"/>
                  <SP HEIGHT="66" WIDTH="14" VPOS="1381" HPOS="692"/>
                  <String HEIGHT="66" WIDTH="95" VPOS="1381" HPOS="652" CONTENT="sic"/>
                  <SP HEIGHT="66" WIDTH="14" VPOS="1381" HPOS="747"/>
                  <String HEIGHT="66" WIDTH="95" VPOS="1381" HPOS="706" CONTENT="est"/>
                  <SP HEIGHT="66" WIDTH="14" VPOS="1381" HPOS="801"/>
                  <String HEIGHT="66"
                          WIDTH="176"
                          VPOS="1381"
                          HPOS="760"
                          CONTENT="processus"/>
                  <SP HEIGHT="66" WIDTH="14" VPOS="1381" HPOS="936"/>
                  <String HEIGHT="66" WIDTH="81" VPOS="1381" HPOS="896" CONTENT="in"/>
                  <SP HEIGHT="66" WIDTH="14" VPOS="1381" HPOS="977"/>
                  <String HEIGHT="66"
                          WIDTH="190"
                          VPOS="1381"
                          HPOS="936"
                          CONTENT="infinitum."/>
                  <SP HEIGHT="66" WIDTH="14" VPOS="1381" HPOS="1126"/>
                  <String HEIGHT="66" WIDTH="68" VPOS="1381" HPOS="1085" CONTENT="⁋"/>
                  <SP HEIGHT="66" WIDTH="14" VPOS="1381" HPOS="1153"/>
                  <String HEIGHT="66" WIDTH="54" VPOS="1381" HPOS="1099" CONTENT="Ad"/>
               </TextLine>
               <TextLine ID="r3l28"
                         BASELINE="1493"
                         HEIGHT="70"
                         WIDTH="702"
                         VPOS="1423"
                         HPOS="461">
                  <String HEIGHT="70"
                          WIDTH="117"
                          VPOS="1423"
                          HPOS="448"
                          CONTENT="istud"/>
                  <SP HEIGHT="70" WIDTH="13" VPOS="1423" HPOS="565"/>
                  <String HEIGHT="70"
                          WIDTH="195"
                          VPOS="1423"
                          HPOS="526"
                          CONTENT="respondetur"/>
                  <SP HEIGHT="70" WIDTH="13" VPOS="1423" HPOS="721"/>
                  <String HEIGHT="70" WIDTH="91" VPOS="1423" HPOS="682" CONTENT="vbi"/>
                  <SP HEIGHT="70" WIDTH="13" VPOS="1423" HPOS="773"/>
                  <String HEIGHT="70"
                          WIDTH="130"
                          VPOS="1423"
                          HPOS="734"
                          CONTENT="prius."/>
                  <SP HEIGHT="70" WIDTH="13" VPOS="1423" HPOS="864"/>
                  <String HEIGHT="70"
                          WIDTH="104"
                          VPOS="1423"
                          HPOS="825"
                          CONTENT="quod"/>
                  <SP HEIGHT="70" WIDTH="13" VPOS="1423" HPOS="929"/>
                  <String HEIGHT="70"
                          WIDTH="130"
                          VPOS="1423"
                          HPOS="890"
                          CONTENT="status"/>
                  <SP HEIGHT="70" WIDTH="13" VPOS="1423" HPOS="1020"/>
                  <String HEIGHT="70" WIDTH="91" VPOS="1423" HPOS="981" CONTENT="est"/>
                  <SP HEIGHT="70" WIDTH="13" VPOS="1423" HPOS="1072"/>
                  <String HEIGHT="70" WIDTH="78" VPOS="1423" HPOS="1033" CONTENT="in"/>
                  <SP HEIGHT="70" WIDTH="13" VPOS="1423" HPOS="1111"/>
                  <String HEIGHT="70"
                          WIDTH="104"
                          VPOS="1423"
                          HPOS="1059"
                          CONTENT="secun"
                          SUBS_TYPE="HypPart1"
                          SUBS_CONTENT="secundo."/>
                  <HYP CONTENT="-"/>
               </TextLine>
               <TextLine ID="r3l29"
                         BASELINE="1540"
                         HEIGHT="71"
                         WIDTH="703"
                         VPOS="1469"
                         HPOS="456">
                  <String HEIGHT="71"
                          WIDTH="91"
                          VPOS="1469"
                          HPOS="443"
                          CONTENT="do."
                          SUBS_TYPE="HypPart2"
                          SUBS_CONTENT="secundo."/>
                  <SP HEIGHT="71" WIDTH="13" VPOS="1469" HPOS="534"/>
                  <String HEIGHT="71"
                          WIDTH="104"
                          VPOS="1469"
                          HPOS="495"
                          CONTENT="quod"/>
                  <SP HEIGHT="71" WIDTH="13" VPOS="1469" HPOS="599"/>
                  <String HEIGHT="71"
                          WIDTH="182"
                          VPOS="1469"
                          HPOS="560"
                          CONTENT="declaratur"/>
                  <SP HEIGHT="71" WIDTH="13" VPOS="1469" HPOS="742"/>
                  <String HEIGHT="71" WIDTH="78" VPOS="1469" HPOS="703" CONTENT="in"/>
                  <SP HEIGHT="71" WIDTH="13" VPOS="1469" HPOS="781"/>
                  <String HEIGHT="71"
                          WIDTH="130"
                          VPOS="1469"
                          HPOS="742"
                          CONTENT="simili"/>
                  <SP HEIGHT="71" WIDTH="13" VPOS="1469" HPOS="873"/>
                  <String HEIGHT="71" WIDTH="78" VPOS="1469" HPOS="834" CONTENT="de"/>
                  <SP HEIGHT="71" WIDTH="13" VPOS="1469" HPOS="912"/>
                  <String HEIGHT="71"
                          WIDTH="195"
                          VPOS="1469"
                          HPOS="873"
                          CONTENT="identitate."/>
                  <SP HEIGHT="71" WIDTH="13" VPOS="1469" HPOS="1068"/>
                  <String HEIGHT="71"
                          WIDTH="104"
                          VPOS="1469"
                          HPOS="1029"
                          CONTENT="quia"/>
                  <SP HEIGHT="71" WIDTH="13" VPOS="1469" HPOS="1133"/>
                  <String HEIGHT="71"
                          WIDTH="78"
                          VPOS="1469"
                          HPOS="1081"
                          CONTENT="acci"/>
               </TextLine>
               <TextLine ID="r3l30"
                         BASELINE="1590"
                         HEIGHT="85"
                         WIDTH="708"
                         VPOS="1505"
                         HPOS="460">
                  <String HEIGHT="85"
                          WIDTH="139"
                          VPOS="1505"
                          HPOS="447"
                          CONTENT="piantur"/>
                  <SP HEIGHT="85" WIDTH="13" VPOS="1505" HPOS="586"/>
                  <String HEIGHT="85"
                          WIDTH="114"
                          VPOS="1505"
                          HPOS="548"
                          CONTENT="prima"/>
                  <SP HEIGHT="85" WIDTH="13" VPOS="1505" HPOS="662"/>
                  <String HEIGHT="85"
                          WIDTH="190"
                          VPOS="1505"
                          HPOS="624"
                          CONTENT="fundamenta."/>
                  <SP HEIGHT="85" WIDTH="13" VPOS="1505" HPOS="814"/>
                  <String HEIGHT="85"
                          WIDTH="126"
                          VPOS="1505"
                          HPOS="776"
                          CONTENT="sortes"/>
                  <SP HEIGHT="85" WIDTH="13" VPOS="1505" HPOS="903"/>
                  <String HEIGHT="85"
                          WIDTH="152"
                          VPOS="1505"
                          HPOS="865"
                          CONTENT="scilicet"/>
                  <SP HEIGHT="85" WIDTH="13" VPOS="1505" HPOS="1016"/>
                  <String HEIGHT="85" WIDTH="76" VPOS="1505" HPOS="978" CONTENT="et"/>
                  <SP HEIGHT="85" WIDTH="13" VPOS="1505" HPOS="1054"/>
                  <String HEIGHT="85"
                          WIDTH="114"
                          VPOS="1505"
                          HPOS="1016"
                          CONTENT="plato"/>
                  <SP HEIGHT="85" WIDTH="13" VPOS="1505" HPOS="1130"/>
                  <String HEIGHT="85"
                          WIDTH="89"
                          VPOS="1505"
                          HPOS="1080"
                          CONTENT="inter"/>
               </TextLine>
               <TextLine ID="r3l31"
                         BASELINE="1626"
                         HEIGHT="70"
                         WIDTH="702"
                         VPOS="1556"
                         HPOS="460">
                  <String HEIGHT="70" WIDTH="89" VPOS="1556" HPOS="447" CONTENT="que"/>
                  <SP HEIGHT="70" WIDTH="13" VPOS="1556" HPOS="537"/>
                  <String HEIGHT="70" WIDTH="89" VPOS="1556" HPOS="498" CONTENT="est"/>
                  <SP HEIGHT="70" WIDTH="13" VPOS="1556" HPOS="588"/>
                  <String HEIGHT="70"
                          WIDTH="166"
                          VPOS="1556"
                          HPOS="549"
                          CONTENT="identitas"/>
                  <SP HEIGHT="70" WIDTH="13" VPOS="1556" HPOS="715"/>
                  <String HEIGHT="70"
                          WIDTH="128"
                          VPOS="1556"
                          HPOS="677"
                          CONTENT="mutua."/>
                  <SP HEIGHT="70" WIDTH="13" VPOS="1556" HPOS="805"/>
                  <String HEIGHT="70" WIDTH="77" VPOS="1556" HPOS="766" CONTENT="et"/>
                  <SP HEIGHT="70" WIDTH="13" VPOS="1556" HPOS="843"/>
                  <String HEIGHT="70"
                          WIDTH="140"
                          VPOS="1556"
                          HPOS="805"
                          CONTENT="dicatur"/>
                  <SP HEIGHT="70" WIDTH="13" VPOS="1556" HPOS="945"/>
                  <String HEIGHT="70"
                          WIDTH="102"
                          VPOS="1556"
                          HPOS="907"
                          CONTENT="illa"/>
                  <SP HEIGHT="70" WIDTH="13" VPOS="1556" HPOS="1009"/>
                  <String HEIGHT="70" WIDTH="77" VPOS="1556" HPOS="971" CONTENT="in"/>
                  <SP HEIGHT="70" WIDTH="13" VPOS="1556" HPOS="1047"/>
                  <String HEIGHT="70"
                          WIDTH="115"
                          VPOS="1556"
                          HPOS="1009"
                          CONTENT="sorte"/>
                  <SP HEIGHT="70" WIDTH="13" VPOS="1556" HPOS="1124"/>
                  <String HEIGHT="70" WIDTH="77" VPOS="1556" HPOS="1085" CONTENT="a."/>
                  <SP HEIGHT="70" WIDTH="13" VPOS="1556" HPOS="1162"/>
                  <String HEIGHT="70" WIDTH="51" VPOS="1556" HPOS="1111" CONTENT="et"/>
               </TextLine>
               <TextLine ID="r3l32"
                         BASELINE="1664"
                         HEIGHT="64"
                         WIDTH="702"
                         VPOS="1600"
                         HPOS="464">
                  <String HEIGHT="64"
                          WIDTH="104"
                          VPOS="1600"
                          HPOS="451"
                          CONTENT="illa"/>
                  <SP HEIGHT="64" WIDTH="13" VPOS="1600" HPOS="555"/>
                  <String HEIGHT="64" WIDTH="78" VPOS="1600" HPOS="516" CONTENT="in"/>
                  <SP HEIGHT="64" WIDTH="13" VPOS="1600" HPOS="594"/>
                  <String HEIGHT="64"
                          WIDTH="143"
                          VPOS="1600"
                          HPOS="555"
                          CONTENT="platone"/>
                  <SP HEIGHT="64" WIDTH="13" VPOS="1600" HPOS="698"/>
                  <String HEIGHT="64" WIDTH="78" VPOS="1600" HPOS="659" CONTENT="b."/>
                  <SP HEIGHT="64" WIDTH="13" VPOS="1600" HPOS="737"/>
                  <String HEIGHT="64"
                          WIDTH="169"
                          VPOS="1600"
                          HPOS="698"
                          CONTENT="identitas"/>
                  <SP HEIGHT="64" WIDTH="13" VPOS="1600" HPOS="867"/>
                  <String HEIGHT="64" WIDTH="65" VPOS="1600" HPOS="828" CONTENT="a"/>
                  <SP HEIGHT="64" WIDTH="13" VPOS="1600" HPOS="893"/>
                  <String HEIGHT="64" WIDTH="78" VPOS="1600" HPOS="854" CONTENT="ad"/>
                  <SP HEIGHT="64" WIDTH="13" VPOS="1600" HPOS="932"/>
                  <String HEIGHT="64" WIDTH="65" VPOS="1600" HPOS="893" CONTENT="b"/>
                  <SP HEIGHT="64" WIDTH="13" VPOS="1600" HPOS="958"/>
                  <String HEIGHT="64"
                          WIDTH="143"
                          VPOS="1600"
                          HPOS="919"
                          CONTENT="dicatur"/>
                  <SP HEIGHT="64" WIDTH="13" VPOS="1600" HPOS="1062"/>
                  <String HEIGHT="64" WIDTH="78" VPOS="1600" HPOS="1023" CONTENT="c."/>
                  <SP HEIGHT="64" WIDTH="13" VPOS="1600" HPOS="1101"/>
                  <String HEIGHT="64" WIDTH="78" VPOS="1600" HPOS="1062" CONTENT="et"/>
                  <SP HEIGHT="64" WIDTH="13" VPOS="1600" HPOS="1140"/>
                  <String HEIGHT="64"
                          WIDTH="78"
                          VPOS="1600"
                          HPOS="1088"
                          CONTENT="illa"/>
               </TextLine>
               <TextLine ID="r3l33"
                         BASELINE="1712"
                         HEIGHT="76"
                         WIDTH="712"
                         VPOS="1636"
                         HPOS="462">
                  <String HEIGHT="76"
                          WIDTH="157"
                          VPOS="1636"
                          HPOS="450"
                          CONTENT="identitas"/>
                  <SP HEIGHT="76" WIDTH="12" VPOS="1636" HPOS="607"/>
                  <String HEIGHT="76"
                          WIDTH="157"
                          VPOS="1636"
                          HPOS="571"
                          CONTENT="econuerso"/>
                  <SP HEIGHT="76" WIDTH="12" VPOS="1636" HPOS="727"/>
                  <String HEIGHT="76"
                          WIDTH="133"
                          VPOS="1636"
                          HPOS="691"
                          CONTENT="dicatur"/>
                  <SP HEIGHT="76" WIDTH="12" VPOS="1636" HPOS="824"/>
                  <String HEIGHT="76" WIDTH="84" VPOS="1636" HPOS="788" CONTENT="di."/>
                  <SP HEIGHT="76" WIDTH="12" VPOS="1636" HPOS="872"/>
                  <String HEIGHT="76"
                          WIDTH="97"
                          VPOS="1636"
                          HPOS="836"
                          CONTENT="tunc"/>
                  <SP HEIGHT="76" WIDTH="12" VPOS="1636" HPOS="933"/>
                  <String HEIGHT="76"
                          WIDTH="133"
                          VPOS="1636"
                          HPOS="896"
                          CONTENT="dicitur"/>
                  <SP HEIGHT="76" WIDTH="12" VPOS="1636" HPOS="1029"/>
                  <String HEIGHT="76"
                          WIDTH="97"
                          VPOS="1636"
                          HPOS="993"
                          CONTENT="quod"/>
                  <SP HEIGHT="76" WIDTH="12" VPOS="1636" HPOS="1090"/>
                  <String HEIGHT="76" WIDTH="60" VPOS="1636" HPOS="1053" CONTENT="a"/>
                  <SP HEIGHT="76" WIDTH="12" VPOS="1636" HPOS="1114"/>
                  <String HEIGHT="76"
                          WIDTH="109"
                          VPOS="1636"
                          HPOS="1065"
                          CONTENT="dicfere"/>
               </TextLine>
               <TextLine ID="r3l34"
                         BASELINE="1759"
                         HEIGHT="78"
                         WIDTH="715"
                         VPOS="1681"
                         HPOS="460">
                  <String HEIGHT="78" WIDTH="58" VPOS="1681" HPOS="448" CONTENT="a"/>
                  <SP HEIGHT="78" WIDTH="12" VPOS="1681" HPOS="506"/>
                  <String HEIGHT="78"
                          WIDTH="115"
                          VPOS="1681"
                          HPOS="472"
                          CONTENT="sorte."/>
                  <SP HEIGHT="78" WIDTH="12" VPOS="1681" HPOS="587"/>
                  <String HEIGHT="78"
                          WIDTH="92"
                          VPOS="1681"
                          HPOS="552"
                          CONTENT="quia"/>
                  <SP HEIGHT="78" WIDTH="12" VPOS="1681" HPOS="645"/>
                  <String HEIGHT="78"
                          WIDTH="115"
                          VPOS="1681"
                          HPOS="610"
                          CONTENT="sortes"/>
                  <SP HEIGHT="78" WIDTH="12" VPOS="1681" HPOS="725"/>
                  <String HEIGHT="78"
                          WIDTH="115"
                          VPOS="1681"
                          HPOS="691"
                          CONTENT="potest"/>
                  <SP HEIGHT="78" WIDTH="12" VPOS="1681" HPOS="806"/>
                  <String HEIGHT="78"
                          WIDTH="92"
                          VPOS="1681"
                          HPOS="771"
                          CONTENT="esse"/>
                  <SP HEIGHT="78" WIDTH="12" VPOS="1681" HPOS="864"/>
                  <String HEIGHT="78"
                          WIDTH="92"
                          VPOS="1681"
                          HPOS="829"
                          CONTENT="sine"/>
                  <SP HEIGHT="78" WIDTH="12" VPOS="1681" HPOS="921"/>
                  <String HEIGHT="78" WIDTH="69" VPOS="1681" HPOS="887" CONTENT="a."/>
                  <SP HEIGHT="78" WIDTH="12" VPOS="1681" HPOS="956"/>
                  <String HEIGHT="78"
                          WIDTH="92"
                          VPOS="1681"
                          HPOS="921"
                          CONTENT="quia"/>
                  <SP HEIGHT="78" WIDTH="12" VPOS="1681" HPOS="1014"/>
                  <String HEIGHT="78"
                          WIDTH="115"
                          VPOS="1681"
                          HPOS="979"
                          CONTENT="potest"/>
                  <SP HEIGHT="78" WIDTH="12" VPOS="1681" HPOS="1094"/>
                  <String HEIGHT="78"
                          WIDTH="92"
                          VPOS="1681"
                          HPOS="1060"
                          CONTENT="esse"/>
                  <SP HEIGHT="78" WIDTH="12" VPOS="1681" HPOS="1152"/>
                  <String HEIGHT="78"
                          WIDTH="69"
                          VPOS="1681"
                          HPOS="1106"
                          CONTENT="sine"/>
               </TextLine>
               <TextLine ID="r3l35"
                         BASELINE="1797"
                         HEIGHT="69"
                         WIDTH="698"
                         VPOS="1728"
                         HPOS="471">
                  <String HEIGHT="69"
                          WIDTH="145"
                          VPOS="1728"
                          HPOS="458"
                          CONTENT="termino"/>
                  <SP HEIGHT="69" WIDTH="13" VPOS="1728" HPOS="603"/>
                  <String HEIGHT="69"
                          WIDTH="119"
                          VPOS="1728"
                          HPOS="563"
                          CONTENT="eius."/>
                  <SP HEIGHT="69" WIDTH="13" VPOS="1728" HPOS="682"/>
                  <String HEIGHT="69" WIDTH="79" VPOS="1728" HPOS="642" CONTENT="et"/>
                  <SP HEIGHT="69" WIDTH="13" VPOS="1728" HPOS="721"/>
                  <String HEIGHT="69"
                          WIDTH="105"
                          VPOS="1728"
                          HPOS="682"
                          CONTENT="ipsa"/>
                  <SP HEIGHT="69" WIDTH="13" VPOS="1728" HPOS="787"/>
                  <String HEIGHT="69" WIDTH="92" VPOS="1728" HPOS="748" CONTENT="non"/>
                  <SP HEIGHT="69" WIDTH="13" VPOS="1728" HPOS="840"/>
                  <String HEIGHT="69"
                          WIDTH="132"
                          VPOS="1728"
                          HPOS="800"
                          CONTENT="potest"/>
                  <SP HEIGHT="69" WIDTH="13" VPOS="1728" HPOS="932"/>
                  <String HEIGHT="69"
                          WIDTH="105"
                          VPOS="1728"
                          HPOS="892"
                          CONTENT="esse"/>
                  <SP HEIGHT="69" WIDTH="13" VPOS="1728" HPOS="998"/>
                  <String HEIGHT="69"
                          WIDTH="105"
                          VPOS="1728"
                          HPOS="958"
                          CONTENT="sine"/>
                  <SP HEIGHT="69" WIDTH="13" VPOS="1728" HPOS="1064"/>
                  <String HEIGHT="69"
                          WIDTH="145"
                          VPOS="1728"
                          HPOS="1024"
                          CONTENT="termino"/>
                  <SP HEIGHT="69" WIDTH="13" VPOS="1728" HPOS="1169"/>
                  <String HEIGHT="69" WIDTH="53" VPOS="1728" HPOS="1116" CONTENT="a."/>
               </TextLine>
               <TextLine ID="r3l36"
                         BASELINE="1842"
                         HEIGHT="73"
                         WIDTH="708"
                         VPOS="1769"
                         HPOS="466">
                  <String HEIGHT="73"
                          WIDTH="106"
                          VPOS="1769"
                          HPOS="454"
                          CONTENT="tamen"/>
                  <SP HEIGHT="73" WIDTH="12" VPOS="1769" HPOS="560"/>
                  <String HEIGHT="73" WIDTH="83" VPOS="1769" HPOS="525" CONTENT="non"/>
                  <SP HEIGHT="73" WIDTH="12" VPOS="1769" HPOS="608"/>
                  <String HEIGHT="73"
                          WIDTH="130"
                          VPOS="1769"
                          HPOS="572"
                          CONTENT="differt"/>
                  <SP HEIGHT="73" WIDTH="12" VPOS="1769" HPOS="702"/>
                  <String HEIGHT="73" WIDTH="83" VPOS="1769" HPOS="667" CONTENT="ac."/>
                  <SP HEIGHT="73" WIDTH="12" VPOS="1769" HPOS="749"/>
                  <String HEIGHT="73" WIDTH="83" VPOS="1769" HPOS="714" CONTENT="sed"/>
                  <SP HEIGHT="73" WIDTH="12" VPOS="1769" HPOS="796"/>
                  <String HEIGHT="73" WIDTH="59" VPOS="1769" HPOS="761" CONTENT="c"/>
                  <SP HEIGHT="73" WIDTH="12" VPOS="1769" HPOS="820"/>
                  <String HEIGHT="73" WIDTH="83" VPOS="1769" HPOS="785" CONTENT="est"/>
                  <SP HEIGHT="73" WIDTH="12" VPOS="1769" HPOS="867"/>
                  <String HEIGHT="73"
                          WIDTH="94"
                          VPOS="1769"
                          HPOS="832"
                          CONTENT="idem"/>
                  <SP HEIGHT="73" WIDTH="12" VPOS="1769" HPOS="926"/>
                  <String HEIGHT="73"
                          WIDTH="106"
                          VPOS="1769"
                          HPOS="891"
                          CONTENT="sibi."/>
                  <SP HEIGHT="73" WIDTH="12" VPOS="1769" HPOS="997"/>
                  <String HEIGHT="73"
                          WIDTH="94"
                          VPOS="1769"
                          HPOS="962"
                          CONTENT="quia"/>
                  <SP HEIGHT="73" WIDTH="12" VPOS="1769" HPOS="1056"/>
                  <String HEIGHT="73" WIDTH="59" VPOS="1769" HPOS="1021" CONTENT="a"/>
                  <SP HEIGHT="73" WIDTH="12" VPOS="1769" HPOS="1080"/>
                  <String HEIGHT="73"
                          WIDTH="83"
                          VPOS="1769"
                          HPOS="1044"
                          CONTENT="non"/>
                  <SP HEIGHT="73" WIDTH="12" VPOS="1769" HPOS="1127"/>
                  <String HEIGHT="73"
                          WIDTH="94"
                          VPOS="1769"
                          HPOS="1080"
                          CONTENT="potest"/>
               </TextLine>
               <TextLine ID="r3l37"
                         BASELINE="1880"
                         HEIGHT="66"
                         WIDTH="703"
                         VPOS="1814"
                         HPOS="461">
                  <String HEIGHT="66"
                          WIDTH="91"
                          VPOS="1814"
                          HPOS="450"
                          CONTENT="esse"/>
                  <SP HEIGHT="66" WIDTH="11" VPOS="1814" HPOS="540"/>
                  <String HEIGHT="66"
                          WIDTH="113"
                          VPOS="1814"
                          HPOS="506"
                          CONTENT="absque"/>
                  <SP HEIGHT="66" WIDTH="11" VPOS="1814" HPOS="620"/>
                  <String HEIGHT="66" WIDTH="68" VPOS="1814" HPOS="586" CONTENT="b."/>
                  <SP HEIGHT="66" WIDTH="11" VPOS="1814" HPOS="654"/>
                  <String HEIGHT="66" WIDTH="79" VPOS="1814" HPOS="620" CONTENT="cum"/>
                  <SP HEIGHT="66" WIDTH="11" VPOS="1814" HPOS="699"/>
                  <String HEIGHT="66"
                          WIDTH="91"
                          VPOS="1814"
                          HPOS="665"
                          CONTENT="sint"/>
                  <SP HEIGHT="66" WIDTH="11" VPOS="1814" HPOS="756"/>
                  <String HEIGHT="66"
                          WIDTH="102"
                          VPOS="1814"
                          HPOS="722"
                          CONTENT="simul"/>
                  <SP HEIGHT="66" WIDTH="11" VPOS="1814" HPOS="824"/>
                  <String HEIGHT="66"
                          WIDTH="125"
                          VPOS="1814"
                          HPOS="790"
                          CONTENT="natura."/>
                  <SP HEIGHT="66" WIDTH="11" VPOS="1814" HPOS="915"/>
                  <String HEIGHT="66" WIDTH="68" VPOS="1814" HPOS="881" CONTENT="et"/>
                  <SP HEIGHT="66" WIDTH="11" VPOS="1814" HPOS="949"/>
                  <String HEIGHT="66" WIDTH="79" VPOS="1814" HPOS="915" CONTENT="per"/>
                  <SP HEIGHT="66" WIDTH="11" VPOS="1814" HPOS="994"/>
                  <String HEIGHT="66"
                          WIDTH="159"
                          VPOS="1814"
                          HPOS="960"
                          CONTENT="consequens"/>
                  <SP HEIGHT="66" WIDTH="11" VPOS="1814" HPOS="1119"/>
                  <String HEIGHT="66"
                          WIDTH="91"
                          VPOS="1814"
                          HPOS="1073"
                          CONTENT="contra"/>
               </TextLine>
               <TextLine ID="r3l38"
                         BASELINE="1924"
                         HEIGHT="71"
                         WIDTH="700"
                         VPOS="1853"
                         HPOS="477">
                  <String HEIGHT="71"
                          WIDTH="127"
                          VPOS="1853"
                          HPOS="464"
                          CONTENT="dictio"/>
                  <SP HEIGHT="71" WIDTH="13" VPOS="1853" HPOS="592"/>
                  <String HEIGHT="71" WIDTH="89" VPOS="1853" HPOS="553" CONTENT="est"/>
                  <SP HEIGHT="71" WIDTH="13" VPOS="1853" HPOS="642"/>
                  <String HEIGHT="71" WIDTH="64" VPOS="1853" HPOS="604" CONTENT="a"/>
                  <SP HEIGHT="71" WIDTH="13" VPOS="1853" HPOS="668"/>
                  <String HEIGHT="71"
                          WIDTH="102"
                          VPOS="1853"
                          HPOS="630"
                          CONTENT="esse"/>
                  <SP HEIGHT="71" WIDTH="13" VPOS="1853" HPOS="732"/>
                  <String HEIGHT="71"
                          WIDTH="102"
                          VPOS="1853"
                          HPOS="693"
                          CONTENT="nisi"/>
                  <SP HEIGHT="71" WIDTH="13" VPOS="1853" HPOS="795"/>
                  <String HEIGHT="71" WIDTH="89" VPOS="1853" HPOS="757" CONTENT="tam"/>
                  <SP HEIGHT="71" WIDTH="13" VPOS="1853" HPOS="846"/>
                  <String HEIGHT="71"
                          WIDTH="191"
                          VPOS="1853"
                          HPOS="808"
                          CONTENT="fundamentum"/>
                  <SP HEIGHT="71" WIDTH="13" VPOS="1853" HPOS="999"/>
                  <String HEIGHT="71"
                          WIDTH="102"
                          VPOS="1853"
                          HPOS="961"
                          CONTENT="eius"/>
                  <SP HEIGHT="71" WIDTH="13" VPOS="1853" HPOS="1062"/>
                  <String HEIGHT="71"
                          WIDTH="102"
                          VPOS="1853"
                          HPOS="1024"
                          CONTENT="quod"/>
                  <SP HEIGHT="71" WIDTH="13" VPOS="1853" HPOS="1126"/>
                  <String HEIGHT="71"
                          WIDTH="89"
                          VPOS="1853"
                          HPOS="1088"
                          CONTENT="est"/>
                  <SP HEIGHT="71" WIDTH="13" VPOS="1853" HPOS="1177"/>
                  <String HEIGHT="71" WIDTH="51" VPOS="1853" HPOS="1126" CONTENT="c."/>
               </TextLine>
               <TextLine ID="r3l39"
                         BASELINE="1973"
                         HEIGHT="74"
                         WIDTH="693"
                         VPOS="1899"
                         HPOS="473">
                  <String HEIGHT="74"
                          WIDTH="99"
                          VPOS="1899"
                          HPOS="461"
                          CONTENT="quam"/>
                  <SP HEIGHT="74" WIDTH="12" VPOS="1899" HPOS="560"/>
                  <String HEIGHT="74"
                          WIDTH="111"
                          VPOS="1899"
                          HPOS="523"
                          CONTENT="etiam"/>
                  <SP HEIGHT="74" WIDTH="12" VPOS="1899" HPOS="634"/>
                  <String HEIGHT="74"
                          WIDTH="149"
                          VPOS="1899"
                          HPOS="597"
                          CONTENT="terminus"/>
                  <SP HEIGHT="74" WIDTH="12" VPOS="1899" HPOS="745"/>
                  <String HEIGHT="74"
                          WIDTH="99"
                          VPOS="1899"
                          HPOS="708"
                          CONTENT="eius"/>
                  <SP HEIGHT="74" WIDTH="12" VPOS="1899" HPOS="807"/>
                  <String HEIGHT="74"
                          WIDTH="99"
                          VPOS="1899"
                          HPOS="770"
                          CONTENT="sit."/>
                  <SP HEIGHT="74" WIDTH="12" VPOS="1899" HPOS="869"/>
                  <String HEIGHT="74" WIDTH="87" VPOS="1899" HPOS="832" CONTENT="sed"/>
                  <SP HEIGHT="74" WIDTH="12" VPOS="1899" HPOS="919"/>
                  <String HEIGHT="74"
                          WIDTH="173"
                          VPOS="1899"
                          HPOS="881"
                          CONTENT="fundamento"/>
                  <SP HEIGHT="74" WIDTH="12" VPOS="1899" HPOS="1055"/>
                  <String HEIGHT="74"
                          WIDTH="99"
                          VPOS="1899"
                          HPOS="1018"
                          CONTENT="eius"/>
                  <SP HEIGHT="74" WIDTH="12" VPOS="1899" HPOS="1117"/>
                  <String HEIGHT="74" WIDTH="74" VPOS="1899" HPOS="1079" CONTENT="et"/>
                  <SP HEIGHT="74" WIDTH="12" VPOS="1899" HPOS="1154"/>
                  <String HEIGHT="74"
                          WIDTH="62"
                          VPOS="1899"
                          HPOS="1104"
                          CONTENT="ter"/>
               </TextLine>
               <TextLine ID="r3l40"
                         BASELINE="2012"
                         HEIGHT="71"
                         WIDTH="690"
                         VPOS="1941"
                         HPOS="478">
                  <String HEIGHT="71"
                          WIDTH="85"
                          VPOS="1941"
                          HPOS="467"
                          CONTENT="mino"/>
                  <SP HEIGHT="71" WIDTH="11" VPOS="1941" HPOS="552"/>
                  <String HEIGHT="71"
                          WIDTH="106"
                          VPOS="1941"
                          HPOS="520"
                          CONTENT="ipsius"/>
                  <SP HEIGHT="71" WIDTH="11" VPOS="1941" HPOS="627"/>
                  <String HEIGHT="71" WIDTH="53" VPOS="1941" HPOS="595" CONTENT="c"/>
                  <SP HEIGHT="71" WIDTH="11" VPOS="1941" HPOS="648"/>
                  <String HEIGHT="71"
                          WIDTH="180"
                          VPOS="1941"
                          HPOS="616"
                          CONTENT="existentibus."/>
                  <SP HEIGHT="71" WIDTH="11" VPOS="1941" HPOS="796"/>
                  <String HEIGHT="71"
                          WIDTH="159"
                          VPOS="1941"
                          HPOS="765"
                          CONTENT="neccessario"/>
                  <SP HEIGHT="71" WIDTH="11" VPOS="1941" HPOS="924"/>
                  <String HEIGHT="71"
                          WIDTH="85"
                          VPOS="1941"
                          HPOS="892"
                          CONTENT="erit"/>
                  <SP HEIGHT="71" WIDTH="11" VPOS="1941" HPOS="977"/>
                  <String HEIGHT="71" WIDTH="64" VPOS="1941" HPOS="945" CONTENT="c."/>
                  <SP HEIGHT="71" WIDTH="11" VPOS="1941" HPOS="1009"/>
                  <String HEIGHT="71"
                          WIDTH="85"
                          VPOS="1941"
                          HPOS="977"
                          CONTENT="ergo"/>
                  <SP HEIGHT="71" WIDTH="11" VPOS="1941" HPOS="1062"/>
                  <String HEIGHT="71"
                          WIDTH="149"
                          VPOS="1941"
                          HPOS="1019"
                          CONTENT="contradictio"/>
               </TextLine>
               <TextLine ID="r3l41"
                         BASELINE="2058"
                         HEIGHT="74"
                         WIDTH="705"
                         VPOS="1984"
                         HPOS="476">
                  <String HEIGHT="74" WIDTH="78" VPOS="1984" HPOS="465" CONTENT="est"/>
                  <SP HEIGHT="74" WIDTH="11" VPOS="1984" HPOS="543"/>
                  <String HEIGHT="74" WIDTH="56" VPOS="1984" HPOS="510" CONTENT="a"/>
                  <SP HEIGHT="74" WIDTH="11" VPOS="1984" HPOS="566"/>
                  <String HEIGHT="74"
                          WIDTH="90"
                          VPOS="1984"
                          HPOS="532"
                          CONTENT="esse"/>
                  <SP HEIGHT="74" WIDTH="11" VPOS="1984" HPOS="621"/>
                  <String HEIGHT="74"
                          WIDTH="90"
                          VPOS="1984"
                          HPOS="588"
                          CONTENT="sine"/>
                  <SP HEIGHT="74" WIDTH="11" VPOS="1984" HPOS="677"/>
                  <String HEIGHT="74" WIDTH="67" VPOS="1984" HPOS="644" CONTENT="c."/>
                  <SP HEIGHT="74" WIDTH="11" VPOS="1984" HPOS="711"/>
                  <String HEIGHT="74" WIDTH="67" VPOS="1984" HPOS="677" CONTENT="et"/>
                  <SP HEIGHT="74" WIDTH="11" VPOS="1984" HPOS="745"/>
                  <String HEIGHT="74" WIDTH="56" VPOS="1984" HPOS="711" CONTENT="c"/>
                  <SP HEIGHT="74" WIDTH="11" VPOS="1984" HPOS="767"/>
                  <String HEIGHT="74"
                          WIDTH="157"
                          VPOS="1984"
                          HPOS="733"
                          CONTENT="formaliter"/>
                  <SP HEIGHT="74" WIDTH="11" VPOS="1984" HPOS="890"/>
                  <String HEIGHT="74"
                          WIDTH="101"
                          VPOS="1984"
                          HPOS="856"
                          CONTENT="inest"/>
                  <SP HEIGHT="74" WIDTH="11" VPOS="1984" HPOS="957"/>
                  <String HEIGHT="74" WIDTH="67" VPOS="1984" HPOS="924" CONTENT="a."/>
                  <SP HEIGHT="74" WIDTH="11" VPOS="1984" HPOS="991"/>
                  <String HEIGHT="74"
                          WIDTH="90"
                          VPOS="1984"
                          HPOS="957"
                          CONTENT="quia"/>
                  <SP HEIGHT="74" WIDTH="11" VPOS="1984" HPOS="1047"/>
                  <String HEIGHT="74" WIDTH="56" VPOS="1984" HPOS="1013" CONTENT="a"/>
                  <SP HEIGHT="74" WIDTH="11" VPOS="1984" HPOS="1069"/>
                  <String HEIGHT="74"
                          WIDTH="123"
                          VPOS="1984"
                          HPOS="1036"
                          CONTENT="dicitur"/>
                  <SP HEIGHT="74" WIDTH="11" VPOS="1984" HPOS="1159"/>
                  <String HEIGHT="74"
                          WIDTH="67"
                          VPOS="1984"
                          HPOS="1114"
                          CONTENT="idem"/>
               </TextLine>
               <TextLine ID="r3l42"
                         BASELINE="2096"
                         HEIGHT="70"
                         WIDTH="707"
                         VPOS="2026"
                         HPOS="474">
                  <String HEIGHT="70"
                          WIDTH="83"
                          VPOS="2026"
                          HPOS="464"
                          CONTENT="ista"/>
                  <SP HEIGHT="70" WIDTH="10" VPOS="2026" HPOS="547"/>
                  <String HEIGHT="70"
                          WIDTH="187"
                          VPOS="2026"
                          HPOS="516"
                          CONTENT="identitatequae"/>
                  <SP HEIGHT="70" WIDTH="10" VPOS="2026" HPOS="703"/>
                  <String HEIGHT="70" WIDTH="73" VPOS="2026" HPOS="672" CONTENT="est"/>
                  <SP HEIGHT="70" WIDTH="10" VPOS="2026" HPOS="744"/>
                  <String HEIGHT="70" WIDTH="62" VPOS="2026" HPOS="713" CONTENT="c."/>
                  <SP HEIGHT="70" WIDTH="10" VPOS="2026" HPOS="776"/>
                  <String HEIGHT="70"
                          WIDTH="83"
                          VPOS="2026"
                          HPOS="744"
                          CONTENT="ergo"/>
                  <SP HEIGHT="70" WIDTH="10" VPOS="2026" HPOS="828"/>
                  <String HEIGHT="70" WIDTH="52" VPOS="2026" HPOS="796" CONTENT="e"/>
                  <SP HEIGHT="70" WIDTH="10" VPOS="2026" HPOS="848"/>
                  <String HEIGHT="70" WIDTH="73" VPOS="2026" HPOS="817" CONTENT="est"/>
                  <SP HEIGHT="70" WIDTH="10" VPOS="2026" HPOS="890"/>
                  <String HEIGHT="70"
                          WIDTH="83"
                          VPOS="2026"
                          HPOS="859"
                          CONTENT="idem"/>
                  <SP HEIGHT="70" WIDTH="10" VPOS="2026" HPOS="942"/>
                  <String HEIGHT="70"
                          WIDTH="83"
                          VPOS="2026"
                          HPOS="911"
                          CONTENT="ipsi"/>
                  <SP HEIGHT="70" WIDTH="10" VPOS="2026" HPOS="994"/>
                  <String HEIGHT="70" WIDTH="62" VPOS="2026" HPOS="963" CONTENT="a."/>
                  <SP HEIGHT="70" WIDTH="10" VPOS="2026" HPOS="1025"/>
                  <String HEIGHT="70" WIDTH="62" VPOS="2026" HPOS="994" CONTENT="et"/>
                  <SP HEIGHT="70" WIDTH="10" VPOS="2026" HPOS="1056"/>
                  <String HEIGHT="70"
                          WIDTH="73"
                          VPOS="2026"
                          HPOS="1025"
                          CONTENT="per"/>
                  <SP HEIGHT="70" WIDTH="10" VPOS="2026" HPOS="1098"/>
                  <String HEIGHT="70"
                          WIDTH="125"
                          VPOS="2026"
                          HPOS="1056"
                          CONTENT="consequens"/>
               </TextLine>
               <TextLine ID="r3l43"
                         BASELINE="2145"
                         HEIGHT="76"
                         WIDTH="702"
                         VPOS="2069"
                         HPOS="476">
                  <String HEIGHT="76" WIDTH="98" VPOS="2069" HPOS="462" CONTENT="ibi"/>
                  <SP HEIGHT="76" WIDTH="14" VPOS="2069" HPOS="560"/>
                  <String HEIGHT="76"
                          WIDTH="112"
                          VPOS="2069"
                          HPOS="518"
                          CONTENT="erit"/>
                  <SP HEIGHT="76" WIDTH="14" VPOS="2069" HPOS="630"/>
                  <String HEIGHT="76"
                          WIDTH="154"
                          VPOS="2069"
                          HPOS="588"
                          CONTENT="status."/>
                  <SP HEIGHT="76" WIDTH="14" VPOS="2069" HPOS="743"/>
                  <String HEIGHT="76" WIDTH="70" VPOS="2069" HPOS="701" CONTENT="⁋"/>
                  <SP HEIGHT="76" WIDTH="14" VPOS="2069" HPOS="771"/>
                  <String HEIGHT="76"
                          WIDTH="140"
                          VPOS="2069"
                          HPOS="729"
                          CONTENT="Contra"/>
                  <SP HEIGHT="76" WIDTH="14" VPOS="2069" HPOS="869"/>
                  <String HEIGHT="76"
                          WIDTH="126"
                          VPOS="2069"
                          HPOS="827"
                          CONTENT="istud"/>
                  <SP HEIGHT="76" WIDTH="14" VPOS="2069" HPOS="953"/>
                  <String HEIGHT="76"
                          WIDTH="126"
                          VPOS="2069"
                          HPOS="911"
                          CONTENT="primo"/>
                  <SP HEIGHT="76" WIDTH="14" VPOS="2069" HPOS="1038"/>
                  <String HEIGHT="76"
                          WIDTH="112"
                          VPOS="2069"
                          HPOS="995"
                          CONTENT="sic."/>
                  <SP HEIGHT="76" WIDTH="14" VPOS="2069" HPOS="1108"/>
                  <String HEIGHT="76"
                          WIDTH="126"
                          VPOS="2069"
                          HPOS="1052"
                          CONTENT="Quamuis"/>
               </TextLine>
               <TextLine ID="r3l44"
                         BASELINE="2189"
                         HEIGHT="79"
                         WIDTH="707"
                         VPOS="2110"
                         HPOS="477">
                  <String HEIGHT="79"
                          WIDTH="170"
                          VPOS="2110"
                          HPOS="464"
                          CONTENT="identitas"/>
                  <SP HEIGHT="79" WIDTH="13" VPOS="2110" HPOS="634"/>
                  <String HEIGHT="79"
                          WIDTH="131"
                          VPOS="2110"
                          HPOS="595"
                          CONTENT="sortis"/>
                  <SP HEIGHT="79" WIDTH="13" VPOS="2110" HPOS="726"/>
                  <String HEIGHT="79" WIDTH="79" VPOS="2110" HPOS="686" CONTENT="ad"/>
                  <SP HEIGHT="79" WIDTH="13" VPOS="2110" HPOS="765"/>
                  <String HEIGHT="79"
                          WIDTH="157"
                          VPOS="2110"
                          HPOS="726"
                          CONTENT="platonem"/>
                  <SP HEIGHT="79" WIDTH="13" VPOS="2110" HPOS="883"/>
                  <String HEIGHT="79" WIDTH="92" VPOS="2110" HPOS="844" CONTENT="non"/>
                  <SP HEIGHT="79" WIDTH="13" VPOS="2110" HPOS="935"/>
                  <String HEIGHT="79"
                          WIDTH="131"
                          VPOS="2110"
                          HPOS="896"
                          CONTENT="potest"/>
                  <SP HEIGHT="79" WIDTH="13" VPOS="2110" HPOS="1027"/>
                  <String HEIGHT="79"
                          WIDTH="105"
                          VPOS="2110"
                          HPOS="988"
                          CONTENT="esse"/>
                  <SP HEIGHT="79" WIDTH="13" VPOS="2110" HPOS="1092"/>
                  <String HEIGHT="79"
                          WIDTH="105"
                          VPOS="2110"
                          HPOS="1053"
                          CONTENT="sine"/>
                  <SP HEIGHT="79" WIDTH="13" VPOS="2110" HPOS="1158"/>
                  <String HEIGHT="79"
                          WIDTH="79"
                          VPOS="2110"
                          HPOS="1105"
                          CONTENT="idem"/>
               </TextLine>
               <TextLine ID="r3l45"
                         BASELINE="2231"
                         HEIGHT="71"
                         WIDTH="707"
                         VPOS="2160"
                         HPOS="480">
                  <String HEIGHT="71"
                          WIDTH="133"
                          VPOS="2160"
                          HPOS="467"
                          CONTENT="titate"/>
                  <SP HEIGHT="71" WIDTH="13" VPOS="2160" HPOS="600"/>
                  <String HEIGHT="71"
                          WIDTH="240"
                          VPOS="2160"
                          HPOS="560"
                          CONTENT="correspondente"/>
                  <SP HEIGHT="71" WIDTH="13" VPOS="2160" HPOS="800"/>
                  <String HEIGHT="71"
                          WIDTH="160"
                          VPOS="2160"
                          HPOS="760"
                          CONTENT="platonis"/>
                  <SP HEIGHT="71" WIDTH="13" VPOS="2160" HPOS="920"/>
                  <String HEIGHT="71" WIDTH="80" VPOS="2160" HPOS="880" CONTENT="ad"/>
                  <SP HEIGHT="71" WIDTH="13" VPOS="2160" HPOS="960"/>
                  <String HEIGHT="71"
                          WIDTH="147"
                          VPOS="2160"
                          HPOS="920"
                          CONTENT="sortem."/>
                  <SP HEIGHT="71" WIDTH="13" VPOS="2160" HPOS="1067"/>
                  <String HEIGHT="71"
                          WIDTH="120"
                          VPOS="2160"
                          HPOS="1027"
                          CONTENT="tamen"/>
                  <SP HEIGHT="71" WIDTH="13" VPOS="2160" HPOS="1147"/>
                  <String HEIGHT="71"
                          WIDTH="93"
                          VPOS="2160"
                          HPOS="1094"
                          CONTENT="ident"/>
               </TextLine>
               <TextLine ID="r3l46"
                         BASELINE="2274"
                         HEIGHT="74"
                         WIDTH="699"
                         VPOS="2200"
                         HPOS="480">
                  <String HEIGHT="74" WIDTH="94" VPOS="2200" HPOS="467" CONTENT="tas"/>
                  <SP HEIGHT="74" WIDTH="13" VPOS="2200" HPOS="561"/>
                  <String HEIGHT="74"
                          WIDTH="134"
                          VPOS="2200"
                          HPOS="520"
                          CONTENT="sortis"/>
                  <SP HEIGHT="74" WIDTH="13" VPOS="2200" HPOS="655"/>
                  <String HEIGHT="74" WIDTH="81" VPOS="2200" HPOS="614" CONTENT="ad"/>
                  <SP HEIGHT="74" WIDTH="13" VPOS="2200" HPOS="695"/>
                  <String HEIGHT="74"
                          WIDTH="148"
                          VPOS="2200"
                          HPOS="655"
                          CONTENT="platone"/>
                  <SP HEIGHT="74" WIDTH="13" VPOS="2200" HPOS="803"/>
                  <String HEIGHT="74"
                          WIDTH="134"
                          VPOS="2200"
                          HPOS="762"
                          CONTENT="potest"/>
                  <SP HEIGHT="74" WIDTH="13" VPOS="2200" HPOS="897"/>
                  <String HEIGHT="74"
                          WIDTH="108"
                          VPOS="2200"
                          HPOS="856"
                          CONTENT="esse"/>
                  <SP HEIGHT="74" WIDTH="13" VPOS="2200" HPOS="964"/>
                  <String HEIGHT="74"
                          WIDTH="108"
                          VPOS="2200"
                          HPOS="924"
                          CONTENT="sine"/>
                  <SP HEIGHT="74" WIDTH="13" VPOS="2200" HPOS="1031"/>
                  <String HEIGHT="74"
                          WIDTH="188"
                          VPOS="2200"
                          HPOS="991"
                          CONTENT="identitate"/>
                  <SP HEIGHT="74" WIDTH="13" VPOS="2200" HPOS="1179"/>
                  <String HEIGHT="74" WIDTH="54" VPOS="2200" HPOS="1125" CONTENT="io"/>
               </TextLine>
               <TextLine ID="r3l47"
                         BASELINE="2319"
                         HEIGHT="73"
                         WIDTH="695"
                         VPOS="2246"
                         HPOS="486">
                  <String HEIGHT="73"
                          WIDTH="139"
                          VPOS="2246"
                          HPOS="472"
                          CONTENT="hannis"/>
                  <SP HEIGHT="73" WIDTH="14" VPOS="2246" HPOS="611"/>
                  <String HEIGHT="73" WIDTH="83" VPOS="2246" HPOS="569" CONTENT="ad"/>
                  <SP HEIGHT="73" WIDTH="14" VPOS="2246" HPOS="653"/>
                  <String HEIGHT="73"
                          WIDTH="153"
                          VPOS="2246"
                          HPOS="611"
                          CONTENT="paulum."/>
                  <SP HEIGHT="73" WIDTH="14" VPOS="2246" HPOS="764"/>
                  <String HEIGHT="73"
                          WIDTH="111"
                          VPOS="2246"
                          HPOS="722"
                          CONTENT="ergo"/>
                  <SP HEIGHT="73" WIDTH="14" VPOS="2246" HPOS="834"/>
                  <String HEIGHT="73"
                          WIDTH="167"
                          VPOS="2246"
                          HPOS="792"
                          CONTENT="idetitas"/>
                  <SP HEIGHT="73" WIDTH="14" VPOS="2246" HPOS="959"/>
                  <String HEIGHT="73"
                          WIDTH="139"
                          VPOS="2246"
                          HPOS="917"
                          CONTENT="sortis"/>
                  <SP HEIGHT="73" WIDTH="14" VPOS="2246" HPOS="1056"/>
                  <String HEIGHT="73" WIDTH="83" VPOS="2246" HPOS="1014" CONTENT="ad"/>
                  <SP HEIGHT="73" WIDTH="14" VPOS="2246" HPOS="1098"/>
                  <String HEIGHT="73"
                          WIDTH="139"
                          VPOS="2246"
                          HPOS="1042"
                          CONTENT="platonem"/>
               </TextLine>
               <TextLine ID="r3l48"
                         BASELINE="2369"
                         HEIGHT="83"
                         WIDTH="706"
                         VPOS="2286"
                         HPOS="479">
                  <String HEIGHT="83"
                          WIDTH="129"
                          VPOS="2286"
                          HPOS="467"
                          CONTENT="differt"/>
                  <SP HEIGHT="83" WIDTH="12" VPOS="2286" HPOS="597"/>
                  <String HEIGHT="83"
                          WIDTH="141"
                          VPOS="2286"
                          HPOS="561"
                          CONTENT="realiter"/>
                  <SP HEIGHT="83" WIDTH="12" VPOS="2286" HPOS="703"/>
                  <String HEIGHT="83" WIDTH="71" VPOS="2286" HPOS="667" CONTENT="ab"/>
                  <SP HEIGHT="83" WIDTH="12" VPOS="2286" HPOS="738"/>
                  <String HEIGHT="83"
                          WIDTH="94"
                          VPOS="2286"
                          HPOS="703"
                          CONTENT="illa"/>
                  <SP HEIGHT="83" WIDTH="12" VPOS="2286" HPOS="797"/>
                  <String HEIGHT="83"
                          WIDTH="165"
                          VPOS="2286"
                          HPOS="761"
                          CONTENT="identitate"/>
                  <SP HEIGHT="83" WIDTH="12" VPOS="2286" HPOS="926"/>
                  <String HEIGHT="83"
                          WIDTH="94"
                          VPOS="2286"
                          HPOS="891"
                          CONTENT="quae"/>
                  <SP HEIGHT="83" WIDTH="12" VPOS="2286" HPOS="985"/>
                  <String HEIGHT="83" WIDTH="82" VPOS="2286" HPOS="950" CONTENT="est"/>
                  <SP HEIGHT="83" WIDTH="12" VPOS="2286" HPOS="1032"/>
                  <String HEIGHT="83"
                          WIDTH="106"
                          VPOS="2286"
                          HPOS="997"
                          CONTENT="eadem"/>
                  <SP HEIGHT="83" WIDTH="12" VPOS="2286" HPOS="1103"/>
                  <String HEIGHT="83"
                          WIDTH="82"
                          VPOS="2286"
                          HPOS="1067"
                          CONTENT="cum"/>
                  <SP HEIGHT="83" WIDTH="12" VPOS="2286" HPOS="1150"/>
                  <String HEIGHT="83"
                          WIDTH="82"
                          VPOS="2286"
                          HPOS="1103"
                          CONTENT="idem"
                          SUBS_TYPE="HypPart1"
                          SUBS_CONTENT="idemtitate"/>
                  <HYP CONTENT="-"/>
               </TextLine>
               <TextLine ID="r3l49"
                         BASELINE="2407"
                         HEIGHT="73"
                         WIDTH="694"
                         VPOS="2334"
                         HPOS="486">
                  <String HEIGHT="73"
                          WIDTH="145"
                          VPOS="2334"
                          HPOS="472"
                          CONTENT="titate"
                          SUBS_TYPE="HypPart2"
                          SUBS_CONTENT="idemtitate"/>
                  <SP HEIGHT="73" WIDTH="14" VPOS="2334" HPOS="616"/>
                  <String HEIGHT="73"
                          WIDTH="174"
                          VPOS="2334"
                          HPOS="573"
                          CONTENT="iohannis"/>
                  <SP HEIGHT="73" WIDTH="14" VPOS="2334" HPOS="746"/>
                  <String HEIGHT="73" WIDTH="87" VPOS="2334" HPOS="703" CONTENT="ad"/>
                  <SP HEIGHT="73" WIDTH="14" VPOS="2334" HPOS="790"/>
                  <String HEIGHT="73"
                          WIDTH="159"
                          VPOS="2334"
                          HPOS="746"
                          CONTENT="paulum."/>
                  <SP HEIGHT="73" WIDTH="14" VPOS="2334" HPOS="905"/>
                  <String HEIGHT="73" WIDTH="87" VPOS="2334" HPOS="862" CONTENT="Et"/>
                  <SP HEIGHT="73" WIDTH="14" VPOS="2334" HPOS="949"/>
                  <String HEIGHT="73"
                          WIDTH="130"
                          VPOS="2334"
                          HPOS="905"
                          CONTENT="vltra"/>
                  <SP HEIGHT="73" WIDTH="14" VPOS="2334" HPOS="1035"/>
                  <String HEIGHT="73"
                          WIDTH="145"
                          VPOS="2334"
                          HPOS="992"
                          CONTENT="arguo."/>
                  <SP HEIGHT="73" WIDTH="14" VPOS="2334" HPOS="1137"/>
                  <String HEIGHT="73"
                          WIDTH="101"
                          VPOS="2334"
                          HPOS="1079"
                          CONTENT="quan"
                          SUBS_TYPE="HypPart1"
                          SUBS_CONTENT="quando"/>
                  <HYP CONTENT="-"/>
               </TextLine>
               <TextLine ID="r3l50"
                         BASELINE="2451"
                         HEIGHT="78"
                         WIDTH="708"
                         VPOS="2373"
                         HPOS="486">
                  <String HEIGHT="78"
                          WIDTH="71"
                          VPOS="2373"
                          HPOS="474"
                          CONTENT="do"
                          SUBS_TYPE="HypPart2"
                          SUBS_CONTENT="quando"/>
                  <SP HEIGHT="78" WIDTH="12" VPOS="2373" HPOS="545"/>
                  <String HEIGHT="78"
                          WIDTH="118"
                          VPOS="2373"
                          HPOS="510"
                          CONTENT="aliqua"/>
                  <SP HEIGHT="78" WIDTH="12" VPOS="2373" HPOS="628"/>
                  <String HEIGHT="78"
                          WIDTH="94"
                          VPOS="2373"
                          HPOS="592"
                          CONTENT="sunt"/>
                  <SP HEIGHT="78" WIDTH="12" VPOS="2373" HPOS="687"/>
                  <String HEIGHT="78"
                          WIDTH="130"
                          VPOS="2373"
                          HPOS="651"
                          CONTENT="eiusdem"/>
                  <SP HEIGHT="78" WIDTH="12" VPOS="2373" HPOS="781"/>
                  <String HEIGHT="78"
                          WIDTH="153"
                          VPOS="2373"
                          HPOS="746"
                          CONTENT="rationis."/>
                  <SP HEIGHT="78" WIDTH="12" VPOS="2373" HPOS="899"/>
                  <String HEIGHT="78" WIDTH="71" VPOS="2373" HPOS="864" CONTENT="si"/>
                  <SP HEIGHT="78" WIDTH="12" VPOS="2373" HPOS="934"/>
                  <String HEIGHT="78"
                          WIDTH="130"
                          VPOS="2373"
                          HPOS="899"
                          CONTENT="aliquod"/>
                  <SP HEIGHT="78" WIDTH="12" VPOS="2373" HPOS="1029"/>
                  <String HEIGHT="78"
                          WIDTH="130"
                          VPOS="2373"
                          HPOS="993"
                          CONTENT="illorum"/>
                  <SP HEIGHT="78" WIDTH="12" VPOS="2373" HPOS="1123"/>
                  <String HEIGHT="78"
                          WIDTH="118"
                          VPOS="2373"
                          HPOS="1076"
                          CONTENT="refertur"/>
               </TextLine>
               <TextLine ID="r3l51"
                         BASELINE="2493"
                         HEIGHT="70"
                         WIDTH="704"
                         VPOS="2423"
                         HPOS="482">
                  <String HEIGHT="70" WIDTH="80" VPOS="2423" HPOS="469" CONTENT="ad"/>
                  <SP HEIGHT="70" WIDTH="13" VPOS="2423" HPOS="548"/>
                  <String HEIGHT="70"
                          WIDTH="120"
                          VPOS="2423"
                          HPOS="509"
                          CONTENT="aliud"/>
                  <SP HEIGHT="70" WIDTH="13" VPOS="2423" HPOS="628"/>
                  <String HEIGHT="70"
                          WIDTH="106"
                          VPOS="2423"
                          HPOS="588"
                          CONTENT="alia"/>
                  <SP HEIGHT="70" WIDTH="13" VPOS="2423" HPOS="695"/>
                  <String HEIGHT="70"
                          WIDTH="173"
                          VPOS="2423"
                          HPOS="655"
                          CONTENT="relatione"/>
                  <SP HEIGHT="70" WIDTH="13" VPOS="2423" HPOS="827"/>
                  <String HEIGHT="70"
                          WIDTH="159"
                          VPOS="2423"
                          HPOS="788"
                          CONTENT="realiter"/>
                  <SP HEIGHT="70" WIDTH="13" VPOS="2423" HPOS="947"/>
                  <String HEIGHT="70"
                          WIDTH="173"
                          VPOS="2423"
                          HPOS="907"
                          CONTENT="distinta."/>
                  <SP HEIGHT="70" WIDTH="13" VPOS="2423" HPOS="1080"/>
                  <String HEIGHT="70"
                          WIDTH="120"
                          VPOS="2423"
                          HPOS="1040"
                          CONTENT="illud"/>
                  <SP HEIGHT="70" WIDTH="13" VPOS="2423" HPOS="1159"/>
                  <String HEIGHT="70"
                          WIDTH="80"
                          VPOS="2423"
                          HPOS="1106"
                          CONTENT="idem"/>
               </TextLine>
               <TextLine ID="r3l52"
                         BASELINE="2530"
                         HEIGHT="69"
                         WIDTH="698"
                         VPOS="2461"
                         HPOS="498">
                  <String HEIGHT="69"
                          WIDTH="144"
                          VPOS="2461"
                          HPOS="486"
                          CONTENT="tefertur"/>
                  <SP HEIGHT="69" WIDTH="12" VPOS="2461" HPOS="630"/>
                  <String HEIGHT="69" WIDTH="72" VPOS="2461" HPOS="594" CONTENT="ad"/>
                  <SP HEIGHT="69" WIDTH="12" VPOS="2461" HPOS="666"/>
                  <String HEIGHT="69"
                          WIDTH="108"
                          VPOS="2461"
                          HPOS="630"
                          CONTENT="aliud"/>
                  <SP HEIGHT="69" WIDTH="12" VPOS="2461" HPOS="739"/>
                  <String HEIGHT="69"
                          WIDTH="156"
                          VPOS="2461"
                          HPOS="703"
                          CONTENT="totaliter"/>
                  <SP HEIGHT="69" WIDTH="12" VPOS="2461" HPOS="859"/>
                  <String HEIGHT="69"
                          WIDTH="132"
                          VPOS="2461"
                          HPOS="823"
                          CONTENT="eiusdem"/>
                  <SP HEIGHT="69" WIDTH="12" VPOS="2461" HPOS="955"/>
                  <String HEIGHT="69"
                          WIDTH="144"
                          VPOS="2461"
                          HPOS="919"
                          CONTENT="rationis"/>
                  <SP HEIGHT="69" WIDTH="12" VPOS="2461" HPOS="1064"/>
                  <String HEIGHT="69"
                          WIDTH="156"
                          VPOS="2461"
                          HPOS="1028"
                          CONTENT="relatione"/>
                  <SP HEIGHT="69" WIDTH="12" VPOS="2461" HPOS="1184"/>
                  <String HEIGHT="69"
                          WIDTH="60"
                          VPOS="2461"
                          HPOS="1136"
                          CONTENT="di"
                          SUBS_TYPE="HypPart1"
                          SUBS_CONTENT="distincta."/>
                  <HYP CONTENT="-"/>
               </TextLine>
               <TextLine ID="r3l53"
                         BASELINE="2572"
                         HEIGHT="69"
                         WIDTH="705"
                         VPOS="2503"
                         HPOS="492">
                  <String HEIGHT="69"
                          WIDTH="148"
                          VPOS="2503"
                          HPOS="480"
                          CONTENT="stincta."
                          SUBS_TYPE="HypPart2"
                          SUBS_CONTENT="distincta."/>
                  <SP HEIGHT="69" WIDTH="12" VPOS="2503" HPOS="628"/>
                  <String HEIGHT="69" WIDTH="87" VPOS="2503" HPOS="591" CONTENT="sed"/>
                  <SP HEIGHT="69" WIDTH="12" VPOS="2503" HPOS="678"/>
                  <String HEIGHT="69"
                          WIDTH="111"
                          VPOS="2503"
                          HPOS="640"
                          CONTENT="omnes"/>
                  <SP HEIGHT="69" WIDTH="12" VPOS="2503" HPOS="752"/>
                  <String HEIGHT="69"
                          WIDTH="99"
                          VPOS="2503"
                          HPOS="715"
                          CONTENT="iste"/>
                  <SP HEIGHT="69" WIDTH="12" VPOS="2503" HPOS="814"/>
                  <String HEIGHT="69"
                          WIDTH="186"
                          VPOS="2503"
                          HPOS="776"
                          CONTENT="identitates"/>
                  <SP HEIGHT="69" WIDTH="12" VPOS="2503" HPOS="962"/>
                  <String HEIGHT="69"
                          WIDTH="99"
                          VPOS="2503"
                          HPOS="925"
                          CONTENT="sunt"/>
                  <SP HEIGHT="69" WIDTH="12" VPOS="2503" HPOS="1024"/>
                  <String HEIGHT="69"
                          WIDTH="136"
                          VPOS="2503"
                          HPOS="987"
                          CONTENT="eiusdem"/>
                  <SP HEIGHT="69" WIDTH="12" VPOS="2503" HPOS="1123"/>
                  <String HEIGHT="69"
                          WIDTH="124"
                          VPOS="2503"
                          HPOS="1073"
                          CONTENT="rationis"/>
               </TextLine>
               <TextLine ID="r3l54"
                         BASELINE="2628"
                         HEIGHT="82"
                         WIDTH="706"
                         VPOS="2546"
                         HPOS="485">
                  <String HEIGHT="82"
                          WIDTH="101"
                          VPOS="2546"
                          HPOS="472"
                          CONTENT="ergo"/>
                  <SP HEIGHT="82" WIDTH="13" VPOS="2546" HPOS="573"/>
                  <String HEIGHT="82" WIDTH="76" VPOS="2546" HPOS="535" CONTENT="si"/>
                  <SP HEIGHT="82" WIDTH="13" VPOS="2546" HPOS="611"/>
                  <String HEIGHT="82"
                          WIDTH="164"
                          VPOS="2546"
                          HPOS="573"
                          CONTENT="identitas"/>
                  <SP HEIGHT="82" WIDTH="13" VPOS="2546" HPOS="737"/>
                  <String HEIGHT="82"
                          WIDTH="126"
                          VPOS="2546"
                          HPOS="699"
                          CONTENT="sortis"/>
                  <SP HEIGHT="82" WIDTH="13" VPOS="2546" HPOS="825"/>
                  <String HEIGHT="82" WIDTH="76" VPOS="2546" HPOS="788" CONTENT="ad"/>
                  <SP HEIGHT="82" WIDTH="13" VPOS="2546" HPOS="863"/>
                  <String HEIGHT="82"
                          WIDTH="151"
                          VPOS="2546"
                          HPOS="825"
                          CONTENT="platonem"/>
                  <SP HEIGHT="82" WIDTH="13" VPOS="2546" HPOS="977"/>
                  <String HEIGHT="82"
                          WIDTH="151"
                          VPOS="2546"
                          HPOS="939"
                          CONTENT="refertur"/>
                  <SP HEIGHT="82" WIDTH="13" VPOS="2546" HPOS="1090"/>
                  <String HEIGHT="82" WIDTH="76" VPOS="2546" HPOS="1052" CONTENT="ad"/>
                  <SP HEIGHT="82" WIDTH="13" VPOS="2546" HPOS="1128"/>
                  <String HEIGHT="82"
                          WIDTH="113"
                          VPOS="2546"
                          HPOS="1078"
                          CONTENT="identi"
                          SUBS_TYPE="HypPart1"
                          SUBS_CONTENT="identitatem"/>
                  <HYP CONTENT="-"/>
               </TextLine>
               <TextLine ID="r3l55"
                         BASELINE="2669"
                         HEIGHT="81"
                         WIDTH="697"
                         VPOS="2588"
                         HPOS="496">
                  <String HEIGHT="81"
                          WIDTH="123"
                          VPOS="2588"
                          HPOS="482"
                          CONTENT="tatem"
                          SUBS_TYPE="HypPart2"
                          SUBS_CONTENT="identitatem"/>
                  <SP HEIGHT="81" WIDTH="14" VPOS="2588" HPOS="605"/>
                  <String HEIGHT="81"
                          WIDTH="164"
                          VPOS="2588"
                          HPOS="564"
                          CONTENT="iohannis"/>
                  <SP HEIGHT="81" WIDTH="14" VPOS="2588" HPOS="728"/>
                  <String HEIGHT="81" WIDTH="82" VPOS="2588" HPOS="687" CONTENT="ad"/>
                  <SP HEIGHT="81" WIDTH="14" VPOS="2588" HPOS="769"/>
                  <String HEIGHT="81"
                          WIDTH="137"
                          VPOS="2588"
                          HPOS="728"
                          CONTENT="paulum"/>
                  <SP HEIGHT="81" WIDTH="14" VPOS="2588" HPOS="865"/>
                  <String HEIGHT="81"
                          WIDTH="178"
                          VPOS="2588"
                          HPOS="824"
                          CONTENT="distincta"/>
                  <SP HEIGHT="81" WIDTH="14" VPOS="2588" HPOS="1002"/>
                  <String HEIGHT="81"
                          WIDTH="191"
                          VPOS="2588"
                          HPOS="961"
                          CONTENT="relatione."/>
                  <SP HEIGHT="81" WIDTH="14" VPOS="2588" HPOS="1152"/>
                  <String HEIGHT="81"
                          WIDTH="96"
                          VPOS="2588"
                          HPOS="1097"
                          CONTENT="eodem"/>
               </TextLine>
               <TextLine ID="r3l56"
                         BASELINE="2714"
                         HEIGHT="67"
                         WIDTH="698"
                         VPOS="2647"
                         HPOS="498">
                  <String HEIGHT="67"
                          WIDTH="107"
                          VPOS="2647"
                          HPOS="485"
                          CONTENT="modo"/>
                  <SP HEIGHT="67" WIDTH="13" VPOS="2647" HPOS="592"/>
                  <String HEIGHT="67"
                          WIDTH="107"
                          VPOS="2647"
                          HPOS="552"
                          CONTENT="alia"/>
                  <SP HEIGHT="67" WIDTH="13" VPOS="2647" HPOS="659"/>
                  <String HEIGHT="67"
                          WIDTH="175"
                          VPOS="2647"
                          HPOS="619"
                          CONTENT="relatione"/>
                  <SP HEIGHT="67" WIDTH="13" VPOS="2647" HPOS="793"/>
                  <String HEIGHT="67"
                          WIDTH="161"
                          VPOS="2647"
                          HPOS="753"
                          CONTENT="refertur"/>
                  <SP HEIGHT="67" WIDTH="13" VPOS="2647" HPOS="914"/>
                  <String HEIGHT="67" WIDTH="81" VPOS="2647" HPOS="874" CONTENT="ad"/>
                  <SP HEIGHT="67" WIDTH="13" VPOS="2647" HPOS="954"/>
                  <String HEIGHT="67"
                          WIDTH="201"
                          VPOS="2647"
                          HPOS="914"
                          CONTENT="identitatem"/>
                  <SP HEIGHT="67" WIDTH="13" VPOS="2647" HPOS="1115"/>
                  <String HEIGHT="67"
                          WIDTH="134"
                          VPOS="2647"
                          HPOS="1062"
                          CONTENT="platonis"/>
               </TextLine>
            </TextBlock>
            <TextBlock ID="r4" HEIGHT="2478" WIDTH="764" VPOS="207" HPOS="1230">
               <Shape>
                  <Polygon POINTS="1230,207 1230,2685 1994,2685 1994,207"/>
               </Shape>
               <TextLine ID="r4l2"
                         BASELINE="329"
                         HEIGHT="70"
                         WIDTH="704"
                         VPOS="259"
                         HPOS="1224">
                  <String HEIGHT="70" WIDTH="65" VPOS="259" HPOS="1213" CONTENT="ad"/>
                  <SP HEIGHT="70" WIDTH="11" VPOS="259" HPOS="1278"/>
                  <String HEIGHT="70"
                          WIDTH="119"
                          VPOS="259"
                          HPOS="1246"
                          CONTENT="sortem."/>
                  <SP HEIGHT="70" WIDTH="11" VPOS="259" HPOS="1365"/>
                  <String HEIGHT="70" WIDTH="65" VPOS="259" HPOS="1332" CONTENT="et"/>
                  <SP HEIGHT="70" WIDTH="11" VPOS="259" HPOS="1397"/>
                  <String HEIGHT="70" WIDTH="76" VPOS="259" HPOS="1365" CONTENT="per"/>
                  <SP HEIGHT="70" WIDTH="11" VPOS="259" HPOS="1441"/>
                  <String HEIGHT="70"
                          WIDTH="152"
                          VPOS="259"
                          HPOS="1408"
                          CONTENT="consequens"/>
                  <SP HEIGHT="70" WIDTH="11" VPOS="259" HPOS="1560"/>
                  <String HEIGHT="70" WIDTH="76" VPOS="259" HPOS="1527" CONTENT="non"/>
                  <SP HEIGHT="70" WIDTH="11" VPOS="259" HPOS="1603"/>
                  <String HEIGHT="70"
                          WIDTH="87"
                          VPOS="259"
                          HPOS="1571"
                          CONTENT="erit"/>
                  <SP HEIGHT="70" WIDTH="11" VPOS="259" HPOS="1657"/>
                  <String HEIGHT="70"
                          WIDTH="108"
                          VPOS="259"
                          HPOS="1625"
                          CONTENT="status"/>
                  <SP HEIGHT="70" WIDTH="11" VPOS="259" HPOS="1733"/>
                  <String HEIGHT="70" WIDTH="65" VPOS="259" HPOS="1701" CONTENT="in"/>
                  <SP HEIGHT="70" WIDTH="11" VPOS="259" HPOS="1766"/>
                  <String HEIGHT="70"
                          WIDTH="130"
                          VPOS="259"
                          HPOS="1733"
                          CONTENT="secundo."/>
                  <SP HEIGHT="70" WIDTH="11" VPOS="259" HPOS="1863"/>
                  <String HEIGHT="70" WIDTH="65" VPOS="259" HPOS="1831" CONTENT="et"/>
                  <SP HEIGHT="70" WIDTH="11" VPOS="259" HPOS="1896"/>
                  <String HEIGHT="70"
                          WIDTH="76"
                          VPOS="259"
                          HPOS="1852"
                          CONTENT="eodem"/>
               </TextLine>
               <TextLine ID="r4l3"
                         BASELINE="374"
                         HEIGHT="66"
                         WIDTH="701"
                         VPOS="308"
                         HPOS="1233">
                  <String HEIGHT="66"
                          WIDTH="110"
                          VPOS="308"
                          HPOS="1219"
                          CONTENT="modo"/>
                  <SP HEIGHT="66" WIDTH="14" VPOS="308" HPOS="1329"/>
                  <String HEIGHT="66"
                          WIDTH="137"
                          VPOS="308"
                          HPOS="1288"
                          CONTENT="potest"/>
                  <SP HEIGHT="66" WIDTH="14" VPOS="308" HPOS="1425"/>
                  <String HEIGHT="66"
                          WIDTH="151"
                          VPOS="308"
                          HPOS="1384"
                          CONTENT="probari"/>
                  <SP HEIGHT="66" WIDTH="14" VPOS="308" HPOS="1535"/>
                  <String HEIGHT="66"
                          WIDTH="110"
                          VPOS="308"
                          HPOS="1494"
                          CONTENT="quod"/>
                  <SP HEIGHT="66" WIDTH="14" VPOS="308" HPOS="1604"/>
                  <String HEIGHT="66" WIDTH="96" VPOS="308" HPOS="1563" CONTENT="non"/>
                  <SP HEIGHT="66" WIDTH="14" VPOS="308" HPOS="1659"/>
                  <String HEIGHT="66"
                          WIDTH="110"
                          VPOS="308"
                          HPOS="1618"
                          CONTENT="erit"/>
                  <SP HEIGHT="66" WIDTH="14" VPOS="308" HPOS="1728"/>
                  <String HEIGHT="66"
                          WIDTH="137"
                          VPOS="308"
                          HPOS="1687"
                          CONTENT="status"/>
                  <SP HEIGHT="66" WIDTH="14" VPOS="308" HPOS="1824"/>
                  <String HEIGHT="66" WIDTH="82" VPOS="308" HPOS="1783" CONTENT="in"/>
                  <SP HEIGHT="66" WIDTH="14" VPOS="308" HPOS="1865"/>
                  <String HEIGHT="66"
                          WIDTH="124"
                          VPOS="308"
                          HPOS="1810"
                          CONTENT="tertio."/>
               </TextLine>
               <TextLine ID="r4l4"
                         BASELINE="417"
                         HEIGHT="67"
                         WIDTH="701"
                         VPOS="350"
                         HPOS="1236">
                  <String HEIGHT="67" WIDTH="91" VPOS="350" HPOS="1223" CONTENT="nec"/>
                  <SP HEIGHT="67" WIDTH="13" VPOS="350" HPOS="1314"/>
                  <String HEIGHT="67" WIDTH="78" VPOS="350" HPOS="1275" CONTENT="in"/>
                  <SP HEIGHT="67" WIDTH="13" VPOS="350" HPOS="1353"/>
                  <String HEIGHT="67"
                          WIDTH="143"
                          VPOS="350"
                          HPOS="1314"
                          CONTENT="quarto."/>
                  <SP HEIGHT="67" WIDTH="13" VPOS="350" HPOS="1457"/>
                  <String HEIGHT="67" WIDTH="78" VPOS="350" HPOS="1418" CONTENT="et"/>
                  <SP HEIGHT="67" WIDTH="13" VPOS="350" HPOS="1496"/>
                  <String HEIGHT="67" WIDTH="91" VPOS="350" HPOS="1457" CONTENT="sic"/>
                  <SP HEIGHT="67" WIDTH="13" VPOS="350" HPOS="1548"/>
                  <String HEIGHT="67" WIDTH="78" VPOS="350" HPOS="1509" CONTENT="in"/>
                  <SP HEIGHT="67" WIDTH="13" VPOS="350" HPOS="1587"/>
                  <String HEIGHT="67"
                          WIDTH="182"
                          VPOS="350"
                          HPOS="1548"
                          CONTENT="infinitum."/>
                  <SP HEIGHT="67" WIDTH="13" VPOS="350" HPOS="1729"/>
                  <String HEIGHT="67"
                          WIDTH="104"
                          VPOS="350"
                          HPOS="1690"
                          CONTENT="quia"/>
                  <SP HEIGHT="67" WIDTH="13" VPOS="350" HPOS="1794"/>
                  <String HEIGHT="67"
                          WIDTH="130"
                          VPOS="350"
                          HPOS="1755"
                          CONTENT="semper"/>
                  <SP HEIGHT="67" WIDTH="13" VPOS="350" HPOS="1885"/>
                  <String HEIGHT="67"
                          WIDTH="104"
                          VPOS="350"
                          HPOS="1833"
                          CONTENT="potest"/>
               </TextLine>
               <TextLine ID="r4l5"
                         BASELINE="462"
                         HEIGHT="66"
                         WIDTH="692"
                         VPOS="396"
                         HPOS="1238">
                  <String HEIGHT="66"
                          WIDTH="133"
                          VPOS="396"
                          HPOS="1225"
                          CONTENT="accipi"/>
                  <SP HEIGHT="66" WIDTH="13" VPOS="396" HPOS="1358"/>
                  <String HEIGHT="66"
                          WIDTH="133"
                          VPOS="396"
                          HPOS="1318"
                          CONTENT="aliqua"/>
                  <SP HEIGHT="66" WIDTH="13" VPOS="396" HPOS="1451"/>
                  <String HEIGHT="66"
                          WIDTH="146"
                          VPOS="396"
                          HPOS="1411"
                          CONTENT="relatio"/>
                  <SP HEIGHT="66" WIDTH="13" VPOS="396" HPOS="1557"/>
                  <String HEIGHT="66"
                          WIDTH="173"
                          VPOS="396"
                          HPOS="1517"
                          CONTENT="totaliter"/>
                  <SP HEIGHT="66" WIDTH="13" VPOS="396" HPOS="1690"/>
                  <String HEIGHT="66"
                          WIDTH="186"
                          VPOS="396"
                          HPOS="1651"
                          CONTENT="disparata."/>
                  <SP HEIGHT="66" WIDTH="13" VPOS="396" HPOS="1837"/>
                  <String HEIGHT="66"
                          WIDTH="106"
                          VPOS="396"
                          HPOS="1797"
                          CONTENT="sine"/>
                  <SP HEIGHT="66" WIDTH="13" VPOS="396" HPOS="1903"/>
                  <String HEIGHT="66"
                          WIDTH="80"
                          VPOS="396"
                          HPOS="1850"
                          CONTENT="qusa"/>
               </TextLine>
               <TextLine ID="r4l6"
                         BASELINE="512"
                         HEIGHT="64"
                         WIDTH="707"
                         VPOS="448"
                         HPOS="1229">
                  <String HEIGHT="64"
                          WIDTH="156"
                          VPOS="448"
                          HPOS="1215"
                          CONTENT="poterit"/>
                  <SP HEIGHT="64" WIDTH="14" VPOS="448" HPOS="1370"/>
                  <String HEIGHT="64"
                          WIDTH="113"
                          VPOS="448"
                          HPOS="1328"
                          CONTENT="esse"/>
                  <SP HEIGHT="64" WIDTH="14" VPOS="448" HPOS="1441"/>
                  <String HEIGHT="64"
                          WIDTH="113"
                          VPOS="448"
                          HPOS="1399"
                          CONTENT="illa"/>
                  <SP HEIGHT="64" WIDTH="14" VPOS="448" HPOS="1512"/>
                  <String HEIGHT="64"
                          WIDTH="170"
                          VPOS="448"
                          HPOS="1469"
                          CONTENT="accepta."/>
                  <SP HEIGHT="64" WIDTH="14" VPOS="448" HPOS="1639"/>
                  <String HEIGHT="64" WIDTH="85" VPOS="448" HPOS="1597" CONTENT="et"/>
                  <SP HEIGHT="64" WIDTH="14" VPOS="448" HPOS="1681"/>
                  <String HEIGHT="64" WIDTH="99" VPOS="448" HPOS="1639" CONTENT="hoc"/>
                  <SP HEIGHT="64" WIDTH="14" VPOS="448" HPOS="1738"/>
                  <String HEIGHT="64"
                          WIDTH="184"
                          VPOS="448"
                          HPOS="1696"
                          CONTENT="euidenter"/>
                  <SP HEIGHT="64" WIDTH="14" VPOS="448" HPOS="1879"/>
                  <String HEIGHT="64"
                          WIDTH="113"
                          VPOS="448"
                          HPOS="1823"
                          CONTENT="posset"/>
               </TextLine>
               <TextLine ID="r4l7"
                         BASELINE="547"
                         HEIGHT="56"
                         WIDTH="696"
                         VPOS="491"
                         HPOS="1242">
                  <String HEIGHT="56"
                          WIDTH="147"
                          VPOS="491"
                          HPOS="1229"
                          CONTENT="oasendi"/>
                  <SP HEIGHT="56" WIDTH="13" VPOS="491" HPOS="1376"/>
                  <String HEIGHT="56" WIDTH="80" VPOS="491" HPOS="1336" CONTENT="in"/>
                  <SP HEIGHT="56" WIDTH="13" VPOS="491" HPOS="1416"/>
                  <String HEIGHT="56"
                          WIDTH="174"
                          VPOS="491"
                          HPOS="1376"
                          CONTENT="continuis"/>
                  <SP HEIGHT="56" WIDTH="13" VPOS="491" HPOS="1550"/>
                  <String HEIGHT="56" WIDTH="94" VPOS="491" HPOS="1510" CONTENT="vbi"/>
                  <SP HEIGHT="56" WIDTH="13" VPOS="491" HPOS="1603"/>
                  <String HEIGHT="56"
                          WIDTH="107"
                          VPOS="491"
                          HPOS="1563"
                          CONTENT="sunt"/>
                  <SP HEIGHT="56" WIDTH="13" VPOS="491" HPOS="1670"/>
                  <String HEIGHT="56"
                          WIDTH="134"
                          VPOS="491"
                          HPOS="1630"
                          CONTENT="partes"/>
                  <SP HEIGHT="56" WIDTH="13" VPOS="491" HPOS="1764"/>
                  <String HEIGHT="56"
                          WIDTH="214"
                          VPOS="491"
                          HPOS="1724"
                          CONTENT="acceptibiles"/>
                  <SP HEIGHT="56" WIDTH="13" VPOS="491" HPOS="1938"/>
                  <String HEIGHT="56" WIDTH="54" VPOS="491" HPOS="1884" CONTENT="in"/>
               </TextLine>
               <TextLine ID="r4l8"
                         BASELINE="590"
                         HEIGHT="53"
                         WIDTH="701"
                         VPOS="537"
                         HPOS="1244">
                  <String HEIGHT="53"
                          WIDTH="172"
                          VPOS="537"
                          HPOS="1231"
                          CONTENT="infinitum"/>
                  <SP HEIGHT="53" WIDTH="13" VPOS="537" HPOS="1403"/>
                  <String HEIGHT="53"
                          WIDTH="119"
                          VPOS="537"
                          HPOS="1363"
                          CONTENT="etiam"/>
                  <SP HEIGHT="53" WIDTH="13" VPOS="537" HPOS="1482"/>
                  <String HEIGHT="53"
                          WIDTH="185"
                          VPOS="537"
                          HPOS="1442"
                          CONTENT="disparate."/>
                  <SP HEIGHT="53" WIDTH="13" VPOS="537" HPOS="1628"/>
                  <String HEIGHT="53" WIDTH="66" VPOS="537" HPOS="1588" CONTENT="⁋"/>
                  <SP HEIGHT="53" WIDTH="13" VPOS="537" HPOS="1654"/>
                  <String HEIGHT="53"
                          WIDTH="159"
                          VPOS="537"
                          HPOS="1614"
                          CONTENT="Preterea"/>
                  <SP HEIGHT="53" WIDTH="13" VPOS="537" HPOS="1773"/>
                  <String HEIGHT="53" WIDTH="79" VPOS="537" HPOS="1733" CONTENT="si"/>
                  <SP HEIGHT="53" WIDTH="13" VPOS="537" HPOS="1813"/>
                  <String HEIGHT="53" WIDTH="66" VPOS="537" HPOS="1773" CONTENT="a"/>
                  <SP HEIGHT="53" WIDTH="13" VPOS="537" HPOS="1839"/>
                  <String HEIGHT="53" WIDTH="93" VPOS="537" HPOS="1800" CONTENT="non"/>
                  <SP HEIGHT="53" WIDTH="13" VPOS="537" HPOS="1892"/>
                  <String HEIGHT="53"
                          WIDTH="106"
                          VPOS="537"
                          HPOS="1839"
                          CONTENT="distin"/>
               </TextLine>
               <TextLine ID="r4l9"
                         BASELINE="642"
                         HEIGHT="67"
                         WIDTH="705"
                         VPOS="575"
                         HPOS="1236">
                  <String HEIGHT="67"
                          WIDTH="108"
                          VPOS="575"
                          HPOS="1225"
                          CONTENT="guitur"/>
                  <SP HEIGHT="67" WIDTH="11" VPOS="575" HPOS="1334"/>
                  <String HEIGHT="67"
                          WIDTH="130"
                          VPOS="575"
                          HPOS="1301"
                          CONTENT="realiter"/>
                  <SP HEIGHT="67" WIDTH="11" VPOS="575" HPOS="1431"/>
                  <String HEIGHT="67" WIDTH="54" VPOS="575" HPOS="1399" CONTENT="a"/>
                  <SP HEIGHT="67" WIDTH="11" VPOS="575" HPOS="1453"/>
                  <String HEIGHT="67" WIDTH="65" VPOS="575" HPOS="1420" CONTENT="c."/>
                  <SP HEIGHT="67" WIDTH="11" VPOS="575" HPOS="1485"/>
                  <String HEIGHT="67"
                          WIDTH="87"
                          VPOS="575"
                          HPOS="1453"
                          CONTENT="quia"/>
                  <SP HEIGHT="67" WIDTH="11" VPOS="575" HPOS="1540"/>
                  <String HEIGHT="67" WIDTH="54" VPOS="575" HPOS="1507" CONTENT="a"/>
                  <SP HEIGHT="67" WIDTH="11" VPOS="575" HPOS="1561"/>
                  <String HEIGHT="67" WIDTH="76" VPOS="575" HPOS="1529" CONTENT="non"/>
                  <SP HEIGHT="67" WIDTH="11" VPOS="575" HPOS="1605"/>
                  <String HEIGHT="67"
                          WIDTH="108"
                          VPOS="575"
                          HPOS="1572"
                          CONTENT="potest"/>
                  <SP HEIGHT="67" WIDTH="11" VPOS="575" HPOS="1681"/>
                  <String HEIGHT="67"
                          WIDTH="87"
                          VPOS="575"
                          HPOS="1648"
                          CONTENT="esse"/>
                  <SP HEIGHT="67" WIDTH="11" VPOS="575" HPOS="1735"/>
                  <String HEIGHT="67"
                          WIDTH="87"
                          VPOS="575"
                          HPOS="1702"
                          CONTENT="sine"/>
                  <SP HEIGHT="67" WIDTH="11" VPOS="575" HPOS="1789"/>
                  <String HEIGHT="67" WIDTH="65" VPOS="575" HPOS="1757" CONTENT="c."/>
                  <SP HEIGHT="67" WIDTH="11" VPOS="575" HPOS="1822"/>
                  <String HEIGHT="67" WIDTH="65" VPOS="575" HPOS="1789" CONTENT="et"/>
                  <SP HEIGHT="67" WIDTH="11" VPOS="575" HPOS="1854"/>
                  <String HEIGHT="67"
                          WIDTH="108"
                          VPOS="575"
                          HPOS="1822"
                          CONTENT="sortes"/>
                  <SP HEIGHT="67" WIDTH="11" VPOS="575" HPOS="1930"/>
                  <String HEIGHT="67"
                          WIDTH="54"
                          VPOS="575"
                          HPOS="1887"
                          CONTENT="di"
                          SUBS_TYPE="HypPart1"
                          SUBS_CONTENT="distinguitur"/>
                  <HYP CONTENT="-"/>
               </TextLine>
               <TextLine ID="r4l10"
                         BASELINE="681"
                         HEIGHT="66"
                         WIDTH="699"
                         VPOS="615"
                         HPOS="1238">
                  <String HEIGHT="66"
                          WIDTH="151"
                          VPOS="615"
                          HPOS="1227"
                          CONTENT="stinguitur"
                          SUBS_TYPE="HypPart2"
                          SUBS_CONTENT="distinguitur"/>
                  <SP HEIGHT="66" WIDTH="11" VPOS="615" HPOS="1378"/>
                  <String HEIGHT="66"
                          WIDTH="129"
                          VPOS="615"
                          HPOS="1346"
                          CONTENT="realiter"/>
                  <SP HEIGHT="66" WIDTH="11" VPOS="615" HPOS="1475"/>
                  <String HEIGHT="66" WIDTH="65" VPOS="615" HPOS="1442" CONTENT="ab"/>
                  <SP HEIGHT="66" WIDTH="11" VPOS="615" HPOS="1507"/>
                  <String HEIGHT="66" WIDTH="65" VPOS="615" HPOS="1475" CONTENT="a."/>
                  <SP HEIGHT="66" WIDTH="11" VPOS="615" HPOS="1539"/>
                  <String HEIGHT="66"
                          WIDTH="86"
                          VPOS="615"
                          HPOS="1507"
                          CONTENT="quia"/>
                  <SP HEIGHT="66" WIDTH="11" VPOS="615" HPOS="1593"/>
                  <String HEIGHT="66"
                          WIDTH="97"
                          VPOS="615"
                          HPOS="1561"
                          CONTENT="potet"/>
                  <SP HEIGHT="66" WIDTH="11" VPOS="615" HPOS="1657"/>
                  <String HEIGHT="66"
                          WIDTH="86"
                          VPOS="615"
                          HPOS="1625"
                          CONTENT="esse"/>
                  <SP HEIGHT="66" WIDTH="11" VPOS="615" HPOS="1711"/>
                  <String HEIGHT="66"
                          WIDTH="86"
                          VPOS="615"
                          HPOS="1679"
                          CONTENT="sine"/>
                  <SP HEIGHT="66" WIDTH="11" VPOS="615" HPOS="1765"/>
                  <String HEIGHT="66" WIDTH="65" VPOS="615" HPOS="1733" CONTENT="a."/>
                  <SP HEIGHT="66" WIDTH="11" VPOS="615" HPOS="1797"/>
                  <String HEIGHT="66" WIDTH="65" VPOS="615" HPOS="1765" CONTENT="et"/>
                  <SP HEIGHT="66" WIDTH="11" VPOS="615" HPOS="1829"/>
                  <String HEIGHT="66"
                          WIDTH="86"
                          VPOS="615"
                          HPOS="1797"
                          CONTENT="sine"/>
                  <SP HEIGHT="66" WIDTH="11" VPOS="615" HPOS="1883"/>
                  <String HEIGHT="66"
                          WIDTH="97"
                          VPOS="615"
                          HPOS="1840"
                          CONTENT="termino"/>
               </TextLine>
               <TextLine ID="r4l11"
                         BASELINE="724"
                         HEIGHT="68"
                         WIDTH="707"
                         VPOS="656"
                         HPOS="1245">
                  <String HEIGHT="68"
                          WIDTH="136"
                          VPOS="656"
                          HPOS="1231"
                          CONTENT="ipsius"/>
                  <SP HEIGHT="68" WIDTH="14" VPOS="656" HPOS="1367"/>
                  <String HEIGHT="68" WIDTH="82" VPOS="656" HPOS="1327" CONTENT="a."/>
                  <SP HEIGHT="68" WIDTH="14" VPOS="656" HPOS="1408"/>
                  <String HEIGHT="68"
                          WIDTH="109"
                          VPOS="656"
                          HPOS="1367"
                          CONTENT="Tunc"/>
                  <SP HEIGHT="68" WIDTH="14" VPOS="656" HPOS="1476"/>
                  <String HEIGHT="68"
                          WIDTH="122"
                          VPOS="656"
                          HPOS="1435"
                          CONTENT="arguo"/>
                  <SP HEIGHT="68" WIDTH="14" VPOS="656" HPOS="1558"/>
                  <String HEIGHT="68"
                          WIDTH="109"
                          VPOS="656"
                          HPOS="1517"
                          CONTENT="sic."/>
                  <SP HEIGHT="68" WIDTH="14" VPOS="656" HPOS="1626"/>
                  <String HEIGHT="68"
                          WIDTH="109"
                          VPOS="656"
                          HPOS="1585"
                          CONTENT="volo"/>
                  <SP HEIGHT="68" WIDTH="14" VPOS="656" HPOS="1694"/>
                  <String HEIGHT="68"
                          WIDTH="109"
                          VPOS="656"
                          HPOS="1653"
                          CONTENT="quod"/>
                  <SP HEIGHT="68" WIDTH="14" VPOS="656" HPOS="1762"/>
                  <String HEIGHT="68"
                          WIDTH="150"
                          VPOS="656"
                          HPOS="1721"
                          CONTENT="alietas"/>
                  <SP HEIGHT="68" WIDTH="14" VPOS="656" HPOS="1870"/>
                  <String HEIGHT="68" WIDTH="95" VPOS="656" HPOS="1830" CONTENT="qua"/>
                  <SP HEIGHT="68" WIDTH="14" VPOS="656" HPOS="1925"/>
                  <String HEIGHT="68" WIDTH="68" VPOS="656" HPOS="1884" CONTENT="a"/>
                  <SP HEIGHT="68" WIDTH="14" VPOS="656" HPOS="1952"/>
                  <String HEIGHT="68" WIDTH="54" VPOS="656" HPOS="1898" CONTENT="di"/>
               </TextLine>
               <TextLine ID="r4l12"
                         BASELINE="770"
                         HEIGHT="66"
                         WIDTH="717"
                         VPOS="704"
                         HPOS="1235">
                  <String HEIGHT="66"
                          WIDTH="173"
                          VPOS="704"
                          HPOS="1223"
                          CONTENT="stinguitur"/>
                  <SP HEIGHT="66" WIDTH="12" VPOS="704" HPOS="1396"/>
                  <String HEIGHT="66"
                          WIDTH="148"
                          VPOS="704"
                          HPOS="1359"
                          CONTENT="realiter"/>
                  <SP HEIGHT="66" WIDTH="12" VPOS="704" HPOS="1507"/>
                  <String HEIGHT="66" WIDTH="62" VPOS="704" HPOS="1470" CONTENT="a"/>
                  <SP HEIGHT="66" WIDTH="12" VPOS="704" HPOS="1532"/>
                  <String HEIGHT="66"
                          WIDTH="111"
                          VPOS="704"
                          HPOS="1495"
                          CONTENT="sorte"/>
                  <SP HEIGHT="66" WIDTH="12" VPOS="704" HPOS="1606"/>
                  <String HEIGHT="66" WIDTH="87" VPOS="704" HPOS="1569" CONTENT="sit"/>
                  <SP HEIGHT="66" WIDTH="12" VPOS="704" HPOS="1655"/>
                  <String HEIGHT="66"
                          WIDTH="99"
                          VPOS="704"
                          HPOS="1618"
                          CONTENT="est."/>
                  <SP HEIGHT="66" WIDTH="12" VPOS="704" HPOS="1717"/>
                  <String HEIGHT="66" WIDTH="74" VPOS="704" HPOS="1680" CONTENT="et"/>
                  <SP HEIGHT="66" WIDTH="12" VPOS="704" HPOS="1754"/>
                  <String HEIGHT="66"
                          WIDTH="136"
                          VPOS="704"
                          HPOS="1717"
                          CONTENT="alietas"/>
                  <SP HEIGHT="66" WIDTH="12" VPOS="704" HPOS="1853"/>
                  <String HEIGHT="66" WIDTH="87" VPOS="704" HPOS="1816" CONTENT="qua"/>
                  <SP HEIGHT="66" WIDTH="12" VPOS="704" HPOS="1903"/>
                  <String HEIGHT="66"
                          WIDTH="99"
                          VPOS="704"
                          HPOS="1853"
                          CONTENT="sortes"/>
               </TextLine>
               <TextLine ID="r4l13"
                         BASELINE="810"
                         HEIGHT="60"
                         WIDTH="699"
                         VPOS="750"
                         HPOS="1242">
                  <String HEIGHT="60"
                          WIDTH="200"
                          VPOS="750"
                          HPOS="1230"
                          CONTENT="distinguitur"/>
                  <SP HEIGHT="60" WIDTH="12" VPOS="750" HPOS="1429"/>
                  <String HEIGHT="60"
                          WIDTH="150"
                          VPOS="750"
                          HPOS="1392"
                          CONTENT="realiter"/>
                  <SP HEIGHT="60" WIDTH="12" VPOS="750" HPOS="1542"/>
                  <String HEIGHT="60" WIDTH="75" VPOS="750" HPOS="1504" CONTENT="ab"/>
                  <SP HEIGHT="60" WIDTH="12" VPOS="750" HPOS="1579"/>
                  <String HEIGHT="60" WIDTH="62" VPOS="750" HPOS="1542" CONTENT="a"/>
                  <SP HEIGHT="60" WIDTH="12" VPOS="750" HPOS="1604"/>
                  <String HEIGHT="60" WIDTH="87" VPOS="750" HPOS="1567" CONTENT="sit"/>
                  <SP HEIGHT="60" WIDTH="12" VPOS="750" HPOS="1654"/>
                  <String HEIGHT="60" WIDTH="75" VPOS="750" HPOS="1616" CONTENT="f."/>
                  <SP HEIGHT="60" WIDTH="12" VPOS="750" HPOS="1691"/>
                  <String HEIGHT="60"
                          WIDTH="100"
                          VPOS="750"
                          HPOS="1654"
                          CONTENT="tunc"/>
                  <SP HEIGHT="60" WIDTH="12" VPOS="750" HPOS="1754"/>
                  <String HEIGHT="60"
                          WIDTH="112"
                          VPOS="750"
                          HPOS="1716"
                          CONTENT="arguo"/>
                  <SP HEIGHT="60" WIDTH="12" VPOS="750" HPOS="1829"/>
                  <String HEIGHT="60"
                          WIDTH="100"
                          VPOS="750"
                          HPOS="1791"
                          CONTENT="sic."/>
                  <SP HEIGHT="60" WIDTH="12" VPOS="750" HPOS="1891"/>
                  <String HEIGHT="60"
                          WIDTH="100"
                          VPOS="750"
                          HPOS="1841"
                          CONTENT="sortes"/>
               </TextLine>
               <TextLine ID="r4l14"
                         BASELINE="860"
                         HEIGHT="69"
                         WIDTH="704"
                         VPOS="791"
                         HPOS="1245">
                  <String HEIGHT="69"
                          WIDTH="112"
                          VPOS="791"
                          HPOS="1234"
                          CONTENT="potest"/>
                  <SP HEIGHT="69" WIDTH="11" VPOS="791" HPOS="1346"/>
                  <String HEIGHT="69"
                          WIDTH="89"
                          VPOS="791"
                          HPOS="1312"
                          CONTENT="esse"/>
                  <SP HEIGHT="69" WIDTH="11" VPOS="791" HPOS="1401"/>
                  <String HEIGHT="69"
                          WIDTH="89"
                          VPOS="791"
                          HPOS="1368"
                          CONTENT="sine"/>
                  <SP HEIGHT="69" WIDTH="11" VPOS="791" HPOS="1457"/>
                  <String HEIGHT="69" WIDTH="78" VPOS="791" HPOS="1424" CONTENT="fr."/>
                  <SP HEIGHT="69" WIDTH="11" VPOS="791" HPOS="1502"/>
                  <String HEIGHT="69" WIDTH="67" VPOS="791" HPOS="1468" CONTENT="et"/>
                  <SP HEIGHT="69" WIDTH="11" VPOS="791" HPOS="1536"/>
                  <String HEIGHT="69"
                          WIDTH="89"
                          VPOS="791"
                          HPOS="1502"
                          CONTENT="sine"/>
                  <SP HEIGHT="69" WIDTH="11" VPOS="791" HPOS="1591"/>
                  <String HEIGHT="69"
                          WIDTH="123"
                          VPOS="791"
                          HPOS="1558"
                          CONTENT="termino"/>
                  <SP HEIGHT="69" WIDTH="11" VPOS="791" HPOS="1681"/>
                  <String HEIGHT="69"
                          WIDTH="112"
                          VPOS="791"
                          HPOS="1647"
                          CONTENT="ipsius"/>
                  <SP HEIGHT="69" WIDTH="11" VPOS="791" HPOS="1759"/>
                  <String HEIGHT="69" WIDTH="78" VPOS="791" HPOS="1726" CONTENT="fe."/>
                  <SP HEIGHT="69" WIDTH="11" VPOS="791" HPOS="1804"/>
                  <String HEIGHT="69"
                          WIDTH="89"
                          VPOS="791"
                          HPOS="1770"
                          CONTENT="ergo"/>
                  <SP HEIGHT="69" WIDTH="11" VPOS="791" HPOS="1860"/>
                  <String HEIGHT="69"
                          WIDTH="112"
                          VPOS="791"
                          HPOS="1826"
                          CONTENT="sortes"/>
                  <SP HEIGHT="69" WIDTH="11" VPOS="791" HPOS="1938"/>
                  <String HEIGHT="69"
                          WIDTH="56"
                          VPOS="791"
                          HPOS="1893"
                          CONTENT="di"
                          SUBS_TYPE="HypPart1"
                          SUBS_CONTENT="distinguitur"/>
                  <HYP CONTENT="-"/>
               </TextLine>
               <TextLine ID="r4l15"
                         BASELINE="900"
                         HEIGHT="68"
                         WIDTH="699"
                         VPOS="832"
                         HPOS="1248">
                  <String HEIGHT="68"
                          WIDTH="163"
                          VPOS="832"
                          HPOS="1236"
                          CONTENT="stinguitur"
                          SUBS_TYPE="HypPart2"
                          SUBS_CONTENT="distinguitur"/>
                  <SP HEIGHT="68" WIDTH="12" VPOS="832" HPOS="1399"/>
                  <String HEIGHT="68"
                          WIDTH="140"
                          VPOS="832"
                          HPOS="1365"
                          CONTENT="realiter"/>
                  <SP HEIGHT="68" WIDTH="12" VPOS="832" HPOS="1504"/>
                  <String HEIGHT="68" WIDTH="70" VPOS="832" HPOS="1469" CONTENT="ab"/>
                  <SP HEIGHT="68" WIDTH="12" VPOS="832" HPOS="1539"/>
                  <String HEIGHT="68"
                          WIDTH="93"
                          VPOS="832"
                          HPOS="1504"
                          CONTENT="fer."/>
                  <SP HEIGHT="68" WIDTH="12" VPOS="832" HPOS="1598"/>
                  <String HEIGHT="68"
                          WIDTH="93"
                          VPOS="832"
                          HPOS="1563"
                          CONTENT="ergo"/>
                  <SP HEIGHT="68" WIDTH="12" VPOS="832" HPOS="1656"/>
                  <String HEIGHT="68" WIDTH="82" VPOS="832" HPOS="1621" CONTENT="est"/>
                  <SP HEIGHT="68" WIDTH="12" VPOS="832" HPOS="1702"/>
                  <String HEIGHT="68"
                          WIDTH="128"
                          VPOS="832"
                          HPOS="1667"
                          CONTENT="relatio"/>
                  <SP HEIGHT="68" WIDTH="12" VPOS="832" HPOS="1796"/>
                  <String HEIGHT="68" WIDTH="82" VPOS="832" HPOS="1761" CONTENT="vna"/>
                  <SP HEIGHT="68" WIDTH="12" VPOS="832" HPOS="1842"/>
                  <String HEIGHT="68"
                          WIDTH="105"
                          VPOS="832"
                          HPOS="1807"
                          CONTENT="media"/>
                  <SP HEIGHT="68" WIDTH="12" VPOS="832" HPOS="1912"/>
                  <String HEIGHT="68"
                          WIDTH="82"
                          VPOS="832"
                          HPOS="1865"
                          CONTENT="inter"/>
               </TextLine>
               <TextLine ID="r4l16"
                         BASELINE="953"
                         HEIGHT="69"
                         WIDTH="705"
                         VPOS="884"
                         HPOS="1241">
                  <String HEIGHT="69"
                          WIDTH="113"
                          VPOS="884"
                          HPOS="1228"
                          CONTENT="sorte"/>
                  <SP HEIGHT="69" WIDTH="13" VPOS="884" HPOS="1342"/>
                  <String HEIGHT="69" WIDTH="76" VPOS="884" HPOS="1304" CONTENT="et"/>
                  <SP HEIGHT="69" WIDTH="13" VPOS="884" HPOS="1379"/>
                  <String HEIGHT="69" WIDTH="76" VPOS="884" HPOS="1342" CONTENT="a."/>
                  <SP HEIGHT="69" WIDTH="13" VPOS="884" HPOS="1417"/>
                  <String HEIGHT="69" WIDTH="88" VPOS="884" HPOS="1379" CONTENT="qua"/>
                  <SP HEIGHT="69" WIDTH="13" VPOS="884" HPOS="1468"/>
                  <String HEIGHT="69"
                          WIDTH="126"
                          VPOS="884"
                          HPOS="1430"
                          CONTENT="sortes"/>
                  <SP HEIGHT="69" WIDTH="13" VPOS="884" HPOS="1556"/>
                  <String HEIGHT="69"
                          WIDTH="201"
                          VPOS="884"
                          HPOS="1518"
                          CONTENT="distinguitur"/>
                  <SP HEIGHT="69" WIDTH="13" VPOS="884" HPOS="1719"/>
                  <String HEIGHT="69"
                          WIDTH="151"
                          VPOS="884"
                          HPOS="1682"
                          CONTENT="realiter"/>
                  <SP HEIGHT="69" WIDTH="13" VPOS="884" HPOS="1833"/>
                  <String HEIGHT="69" WIDTH="76" VPOS="884" HPOS="1795" CONTENT="ab"/>
                  <SP HEIGHT="69" WIDTH="13" VPOS="884" HPOS="1870"/>
                  <String HEIGHT="69" WIDTH="76" VPOS="884" HPOS="1833" CONTENT="a."/>
                  <SP HEIGHT="69" WIDTH="13" VPOS="884" HPOS="1908"/>
                  <String HEIGHT="69" WIDTH="76" VPOS="884" HPOS="1870" CONTENT="et"/>
                  <SP HEIGHT="69" WIDTH="13" VPOS="884" HPOS="1946"/>
                  <String HEIGHT="69" WIDTH="50" VPOS="884" HPOS="1896" CONTENT="eo"/>
               </TextLine>
               <TextLine ID="r4l17"
                         BASELINE="985"
                         HEIGHT="60"
                         WIDTH="705"
                         VPOS="925"
                         HPOS="1247">
                  <String HEIGHT="60"
                          WIDTH="107"
                          VPOS="925"
                          HPOS="1232"
                          CONTENT="dem"/>
                  <SP HEIGHT="60" WIDTH="15" VPOS="925" HPOS="1339"/>
                  <String HEIGHT="60"
                          WIDTH="123"
                          VPOS="925"
                          HPOS="1293"
                          CONTENT="modo"/>
                  <SP HEIGHT="60" WIDTH="15" VPOS="925" HPOS="1416"/>
                  <String HEIGHT="60"
                          WIDTH="153"
                          VPOS="925"
                          HPOS="1370"
                          CONTENT="potest"/>
                  <SP HEIGHT="60" WIDTH="15" VPOS="925" HPOS="1523"/>
                  <String HEIGHT="60"
                          WIDTH="138"
                          VPOS="925"
                          HPOS="1477"
                          CONTENT="argui"/>
                  <SP HEIGHT="60" WIDTH="15" VPOS="925" HPOS="1615"/>
                  <String HEIGHT="60" WIDTH="92" VPOS="925" HPOS="1569" CONTENT="in"/>
                  <SP HEIGHT="60" WIDTH="15" VPOS="925" HPOS="1661"/>
                  <String HEIGHT="60"
                          WIDTH="215"
                          VPOS="925"
                          HPOS="1615"
                          CONTENT="infinitum."/>
                  <SP HEIGHT="60" WIDTH="15" VPOS="925" HPOS="1829"/>
                  <String HEIGHT="60" WIDTH="92" VPOS="925" HPOS="1783" CONTENT="Si"/>
                  <SP HEIGHT="60" WIDTH="15" VPOS="925" HPOS="1875"/>
                  <String HEIGHT="60"
                          WIDTH="138"
                          VPOS="925"
                          HPOS="1814"
                          CONTENT="dicatur"/>
               </TextLine>
               <TextLine ID="r4l18"
                         BASELINE="1039"
                         HEIGHT="75"
                         WIDTH="694"
                         VPOS="964"
                         HPOS="1253">
                  <String HEIGHT="75"
                          WIDTH="117"
                          VPOS="964"
                          HPOS="1242"
                          CONTENT="quamuis"/>
                  <SP HEIGHT="75" WIDTH="11" VPOS="964" HPOS="1360"/>
                  <String HEIGHT="75" WIDTH="64" VPOS="964" HPOS="1328" CONTENT="er"/>
                  <SP HEIGHT="75" WIDTH="11" VPOS="964" HPOS="1392"/>
                  <String HEIGHT="75"
                          WIDTH="171"
                          VPOS="964"
                          HPOS="1360"
                          CONTENT="distinguatur"/>
                  <SP HEIGHT="75" WIDTH="11" VPOS="964" HPOS="1531"/>
                  <String HEIGHT="75"
                          WIDTH="128"
                          VPOS="964"
                          HPOS="1499"
                          CONTENT="realiter"/>
                  <SP HEIGHT="75" WIDTH="11" VPOS="964" HPOS="1627"/>
                  <String HEIGHT="75" WIDTH="53" VPOS="964" HPOS="1595" CONTENT="a"/>
                  <SP HEIGHT="75" WIDTH="11" VPOS="964" HPOS="1648"/>
                  <String HEIGHT="75"
                          WIDTH="107"
                          VPOS="964"
                          HPOS="1616"
                          CONTENT="sorte."/>
                  <SP HEIGHT="75" WIDTH="11" VPOS="964" HPOS="1723"/>
                  <String HEIGHT="75" WIDTH="75" VPOS="964" HPOS="1691" CONTENT="non"/>
                  <SP HEIGHT="75" WIDTH="11" VPOS="964" HPOS="1765"/>
                  <String HEIGHT="75"
                          WIDTH="96"
                          VPOS="964"
                          HPOS="1733"
                          CONTENT="tamen"/>
                  <SP HEIGHT="75" WIDTH="11" VPOS="964" HPOS="1830"/>
                  <String HEIGHT="75"
                          WIDTH="160"
                          VPOS="964"
                          HPOS="1787"
                          CONTENT="distinguitur."/>
               </TextLine>
               <TextLine ID="r4l19"
                         BASELINE="1072"
                         HEIGHT="64"
                         WIDTH="712"
                         VPOS="1008"
                         HPOS="1242">
                  <String HEIGHT="64"
                          WIDTH="134"
                          VPOS="1008"
                          HPOS="1231"
                          CONTENT="realiter"/>
                  <SP HEIGHT="64" WIDTH="11" VPOS="1008" HPOS="1364"/>
                  <String HEIGHT="64" WIDTH="67" VPOS="1008" HPOS="1331" CONTENT="ab"/>
                  <SP HEIGHT="64" WIDTH="11" VPOS="1008" HPOS="1398"/>
                  <String HEIGHT="64" WIDTH="67" VPOS="1008" HPOS="1364" CONTENT="a."/>
                  <SP HEIGHT="64" WIDTH="11" VPOS="1008" HPOS="1431"/>
                  <String HEIGHT="64"
                          WIDTH="89"
                          VPOS="1008"
                          HPOS="1398"
                          CONTENT="quia"/>
                  <SP HEIGHT="64" WIDTH="11" VPOS="1008" HPOS="1487"/>
                  <String HEIGHT="64" WIDTH="56" VPOS="1008" HPOS="1453" CONTENT="a"/>
                  <SP HEIGHT="64" WIDTH="11" VPOS="1008" HPOS="1509"/>
                  <String HEIGHT="64"
                          WIDTH="78"
                          VPOS="1008"
                          HPOS="1476"
                          CONTENT="non"/>
                  <SP HEIGHT="64" WIDTH="11" VPOS="1008" HPOS="1554"/>
                  <String HEIGHT="64"
                          WIDTH="111"
                          VPOS="1008"
                          HPOS="1520"
                          CONTENT="potest"/>
                  <SP HEIGHT="64" WIDTH="11" VPOS="1008" HPOS="1631"/>
                  <String HEIGHT="64"
                          WIDTH="89"
                          VPOS="1008"
                          HPOS="1598"
                          CONTENT="esse"/>
                  <SP HEIGHT="64" WIDTH="11" VPOS="1008" HPOS="1687"/>
                  <String HEIGHT="64"
                          WIDTH="89"
                          VPOS="1008"
                          HPOS="1654"
                          CONTENT="sine"/>
                  <SP HEIGHT="64" WIDTH="11" VPOS="1008" HPOS="1743"/>
                  <String HEIGHT="64"
                          WIDTH="78"
                          VPOS="1008"
                          HPOS="1709"
                          CONTENT="fi."/>
                  <SP HEIGHT="64" WIDTH="11" VPOS="1008" HPOS="1787"/>
                  <String HEIGHT="64" WIDTH="67" VPOS="1008" HPOS="1754" CONTENT="et"/>
                  <SP HEIGHT="64" WIDTH="11" VPOS="1008" HPOS="1821"/>
                  <String HEIGHT="64"
                          WIDTH="78"
                          VPOS="1008"
                          HPOS="1787"
                          CONTENT="ita"/>
                  <SP HEIGHT="64" WIDTH="11" VPOS="1008" HPOS="1865"/>
                  <String HEIGHT="64"
                          WIDTH="78"
                          VPOS="1008"
                          HPOS="1832"
                          CONTENT="est"/>
                  <SP HEIGHT="64" WIDTH="11" VPOS="1008" HPOS="1910"/>
                  <String HEIGHT="64"
                          WIDTH="89"
                          VPOS="1008"
                          HPOS="1865"
                          CONTENT="status"/>
               </TextLine>
               <TextLine ID="r4l20"
                         BASELINE="1116"
                         HEIGHT="66"
                         WIDTH="713"
                         VPOS="1050"
                         HPOS="1248">
                  <String HEIGHT="66" WIDTH="69" VPOS="1050" HPOS="1237" CONTENT="in"/>
                  <SP HEIGHT="66" WIDTH="12" VPOS="1050" HPOS="1306"/>
                  <String HEIGHT="66"
                          WIDTH="138"
                          VPOS="1050"
                          HPOS="1271"
                          CONTENT="secundo."/>
                  <SP HEIGHT="66" WIDTH="12" VPOS="1050" HPOS="1409"/>
                  <String HEIGHT="66"
                          WIDTH="127"
                          VPOS="1050"
                          HPOS="1375"
                          CONTENT="Contra."/>
                  <SP HEIGHT="66" WIDTH="12" VPOS="1050" HPOS="1501"/>
                  <String HEIGHT="66"
                          WIDTH="127"
                          VPOS="1050"
                          HPOS="1467"
                          CONTENT="quamuis"/>
                  <SP HEIGHT="66" WIDTH="12" VPOS="1050" HPOS="1593"/>
                  <String HEIGHT="66"
                          WIDTH="138"
                          VPOS="1050"
                          HPOS="1559"
                          CONTENT="secundum"/>
                  <SP HEIGHT="66" WIDTH="12" VPOS="1050" HPOS="1697"/>
                  <String HEIGHT="66"
                          WIDTH="104"
                          VPOS="1050"
                          HPOS="1662"
                          CONTENT="istum"/>
                  <SP HEIGHT="66" WIDTH="12" VPOS="1050" HPOS="1766"/>
                  <String HEIGHT="66"
                          WIDTH="127"
                          VPOS="1050"
                          HPOS="1731"
                          CONTENT="relatio"/>
                  <SP HEIGHT="66" WIDTH="12" VPOS="1050" HPOS="1858"/>
                  <String HEIGHT="66"
                          WIDTH="115"
                          VPOS="1050"
                          HPOS="1823"
                          CONTENT="possit"/>
                  <SP HEIGHT="66" WIDTH="12" VPOS="1050" HPOS="1938"/>
                  <String HEIGHT="66"
                          WIDTH="69"
                          VPOS="1050"
                          HPOS="1892"
                          CONTENT="esse"/>
               </TextLine>
               <TextLine ID="r4l21"
                         BASELINE="1160"
                         HEIGHT="65"
                         WIDTH="703"
                         VPOS="1095"
                         HPOS="1254">
                  <String HEIGHT="65"
                          WIDTH="108"
                          VPOS="1095"
                          HPOS="1240"
                          CONTENT="idem"/>
                  <SP HEIGHT="65" WIDTH="14" VPOS="1095" HPOS="1349"/>
                  <String HEIGHT="65"
                          WIDTH="95"
                          VPOS="1095"
                          HPOS="1308"
                          CONTENT="cum"/>
                  <SP HEIGHT="65" WIDTH="14" VPOS="1095" HPOS="1403"/>
                  <String HEIGHT="65"
                          WIDTH="203"
                          VPOS="1095"
                          HPOS="1362"
                          CONTENT="fundamento."/>
                  <SP HEIGHT="65" WIDTH="14" VPOS="1095" HPOS="1565"/>
                  <String HEIGHT="65"
                          WIDTH="95"
                          VPOS="1095"
                          HPOS="1524"
                          CONTENT="non"/>
                  <SP HEIGHT="65" WIDTH="14" VPOS="1095" HPOS="1619"/>
                  <String HEIGHT="65"
                          WIDTH="135"
                          VPOS="1095"
                          HPOS="1578"
                          CONTENT="potest"/>
                  <SP HEIGHT="65" WIDTH="14" VPOS="1095" HPOS="1714"/>
                  <String HEIGHT="65"
                          WIDTH="122"
                          VPOS="1095"
                          HPOS="1673"
                          CONTENT="tamen"/>
                  <SP HEIGHT="65" WIDTH="14" VPOS="1095" HPOS="1795"/>
                  <String HEIGHT="65"
                          WIDTH="149"
                          VPOS="1095"
                          HPOS="1754"
                          CONTENT="relatio"/>
                  <SP HEIGHT="65" WIDTH="14" VPOS="1095" HPOS="1903"/>
                  <String HEIGHT="65"
                          WIDTH="108"
                          VPOS="1095"
                          HPOS="1849"
                          CONTENT="realis"/>
               </TextLine>
               <TextLine ID="r4l22"
                         BASELINE="1205"
                         HEIGHT="61"
                         WIDTH="703"
                         VPOS="1144"
                         HPOS="1251">
                  <String HEIGHT="61"
                          WIDTH="102"
                          VPOS="1144"
                          HPOS="1238"
                          CONTENT="idem"/>
                  <SP HEIGHT="61" WIDTH="13" VPOS="1144" HPOS="1340"/>
                  <String HEIGHT="61"
                          WIDTH="153"
                          VPOS="1144"
                          HPOS="1302"
                          CONTENT="realiter"/>
                  <SP HEIGHT="61" WIDTH="13" VPOS="1144" HPOS="1456"/>
                  <String HEIGHT="61"
                          WIDTH="102"
                          VPOS="1144"
                          HPOS="1417"
                          CONTENT="esse"/>
                  <SP HEIGHT="61" WIDTH="13" VPOS="1144" HPOS="1519"/>
                  <String HEIGHT="61"
                          WIDTH="89"
                          VPOS="1144"
                          HPOS="1481"
                          CONTENT="cum"/>
                  <SP HEIGHT="61" WIDTH="13" VPOS="1144" HPOS="1571"/>
                  <String HEIGHT="61"
                          WIDTH="153"
                          VPOS="1144"
                          HPOS="1532"
                          CONTENT="termino."/>
                  <SP HEIGHT="61" WIDTH="13" VPOS="1144" HPOS="1686"/>
                  <String HEIGHT="61"
                          WIDTH="89"
                          VPOS="1144"
                          HPOS="1647"
                          CONTENT="sed"/>
                  <SP HEIGHT="61" WIDTH="13" VPOS="1144" HPOS="1737"/>
                  <String HEIGHT="61"
                          WIDTH="153"
                          VPOS="1144"
                          HPOS="1698"
                          CONTENT="terminus"/>
                  <SP HEIGHT="61" WIDTH="13" VPOS="1144" HPOS="1852"/>
                  <String HEIGHT="61"
                          WIDTH="128"
                          VPOS="1144"
                          HPOS="1813"
                          CONTENT="ipsius"/>
                  <SP HEIGHT="61" WIDTH="13" VPOS="1144" HPOS="1941"/>
                  <String HEIGHT="61"
                          WIDTH="64"
                          VPOS="1144"
                          HPOS="1890"
                          CONTENT="sed"/>
               </TextLine>
               <TextLine ID="r4l23"
                         BASELINE="1261"
                         HEIGHT="78"
                         WIDTH="700"
                         VPOS="1183"
                         HPOS="1252">
                  <String HEIGHT="78"
                          WIDTH="78"
                          VPOS="1183"
                          HPOS="1241"
                          CONTENT="est"/>
                  <SP HEIGHT="78" WIDTH="11" VPOS="1183" HPOS="1319"/>
                  <String HEIGHT="78" WIDTH="67" VPOS="1183" HPOS="1285" CONTENT="a."/>
                  <SP HEIGHT="78" WIDTH="11" VPOS="1183" HPOS="1352"/>
                  <String HEIGHT="78"
                          WIDTH="89"
                          VPOS="1183"
                          HPOS="1319"
                          CONTENT="ergo"/>
                  <SP HEIGHT="78" WIDTH="11" VPOS="1183" HPOS="1408"/>
                  <String HEIGHT="78"
                          WIDTH="78"
                          VPOS="1183"
                          HPOS="1374"
                          CONTENT="non"/>
                  <SP HEIGHT="78" WIDTH="11" VPOS="1183" HPOS="1452"/>
                  <String HEIGHT="78"
                          WIDTH="111"
                          VPOS="1183"
                          HPOS="1419"
                          CONTENT="potest"/>
                  <SP HEIGHT="78" WIDTH="11" VPOS="1183" HPOS="1530"/>
                  <String HEIGHT="78"
                          WIDTH="89"
                          VPOS="1183"
                          HPOS="1496"
                          CONTENT="esse"/>
                  <SP HEIGHT="78" WIDTH="11" VPOS="1183" HPOS="1585"/>
                  <String HEIGHT="78"
                          WIDTH="89"
                          VPOS="1183"
                          HPOS="1552"
                          CONTENT="idem"/>
                  <SP HEIGHT="78" WIDTH="11" VPOS="1183" HPOS="1641"/>
                  <String HEIGHT="78"
                          WIDTH="133"
                          VPOS="1183"
                          HPOS="1608"
                          CONTENT="realiter"/>
                  <SP HEIGHT="78" WIDTH="11" VPOS="1183" HPOS="1741"/>
                  <String HEIGHT="78"
                          WIDTH="78"
                          VPOS="1183"
                          HPOS="1708"
                          CONTENT="cum"/>
                  <SP HEIGHT="78" WIDTH="11" VPOS="1183" HPOS="1785"/>
                  <String HEIGHT="78" WIDTH="67" VPOS="1183" HPOS="1752" CONTENT="a."/>
                  <SP HEIGHT="78" WIDTH="11" VPOS="1183" HPOS="1819"/>
                  <String HEIGHT="78" WIDTH="56" VPOS="1183" HPOS="1785" CONTENT="⁋"/>
                  <SP HEIGHT="78" WIDTH="11" VPOS="1183" HPOS="1841"/>
                  <String HEIGHT="78"
                          WIDTH="133"
                          VPOS="1183"
                          HPOS="1808"
                          CONTENT="Preterea"/>
                  <SP HEIGHT="78" WIDTH="11" VPOS="1183" HPOS="1941"/>
                  <String HEIGHT="78"
                          WIDTH="56"
                          VPOS="1183"
                          HPOS="1896"
                          CONTENT="vbi"/>
               </TextLine>
               <TextLine ID="r4l24"
                         BASELINE="1299"
                         HEIGHT="73"
                         WIDTH="707"
                         VPOS="1226"
                         HPOS="1252">
                  <String HEIGHT="73"
                          WIDTH="127"
                          VPOS="1226"
                          HPOS="1238"
                          CONTENT="prius"/>
                  <SP HEIGHT="73" WIDTH="14" VPOS="1226" HPOS="1365"/>
                  <String HEIGHT="73"
                          WIDTH="113"
                          VPOS="1226"
                          HPOS="1323"
                          CONTENT="ipse"/>
                  <SP HEIGHT="73" WIDTH="14" VPOS="1226" HPOS="1436"/>
                  <String HEIGHT="73"
                          WIDTH="127"
                          VPOS="1226"
                          HPOS="1393"
                          CONTENT="ondit"/>
                  <SP HEIGHT="73" WIDTH="14" VPOS="1226" HPOS="1521"/>
                  <String HEIGHT="73"
                          WIDTH="113"
                          VPOS="1226"
                          HPOS="1478"
                          CONTENT="quod"/>
                  <SP HEIGHT="73" WIDTH="14" VPOS="1226" HPOS="1591"/>
                  <String HEIGHT="73"
                          WIDTH="156"
                          VPOS="1226"
                          HPOS="1549"
                          CONTENT="relatio"/>
                  <SP HEIGHT="73" WIDTH="14" VPOS="1226" HPOS="1704"/>
                  <String HEIGHT="73"
                          WIDTH="170"
                          VPOS="1226"
                          HPOS="1662"
                          CONTENT="creature"/>
                  <SP HEIGHT="73" WIDTH="14" VPOS="1226" HPOS="1832"/>
                  <String HEIGHT="73" WIDTH="85" VPOS="1226" HPOS="1789" CONTENT="ad"/>
                  <SP HEIGHT="73" WIDTH="14" VPOS="1226" HPOS="1874"/>
                  <String HEIGHT="73"
                          WIDTH="113"
                          VPOS="1226"
                          HPOS="1832"
                          CONTENT="deum"/>
                  <SP HEIGHT="73" WIDTH="14" VPOS="1226" HPOS="1945"/>
                  <String HEIGHT="73"
                          WIDTH="71"
                          VPOS="1226"
                          HPOS="1888"
                          CONTENT="non"/>
               </TextLine>
               <TextLine ID="r4l25"
                         BASELINE="1333"
                         HEIGHT="56"
                         WIDTH="710"
                         VPOS="1277"
                         HPOS="1260">
                  <String HEIGHT="56"
                          WIDTH="147"
                          VPOS="1277"
                          HPOS="1247"
                          CONTENT="differt"/>
                  <SP HEIGHT="56" WIDTH="13" VPOS="1277" HPOS="1394"/>
                  <String HEIGHT="56"
                          WIDTH="161"
                          VPOS="1277"
                          HPOS="1354"
                          CONTENT="realiter"/>
                  <SP HEIGHT="56" WIDTH="13" VPOS="1277" HPOS="1515"/>
                  <String HEIGHT="56" WIDTH="67" VPOS="1277" HPOS="1474" CONTENT="a"/>
                  <SP HEIGHT="56" WIDTH="13" VPOS="1277" HPOS="1541"/>
                  <String HEIGHT="56"
                          WIDTH="174"
                          VPOS="1277"
                          HPOS="1501"
                          CONTENT="creatura."/>
                  <SP HEIGHT="56" WIDTH="13" VPOS="1277" HPOS="1675"/>
                  <String HEIGHT="56" WIDTH="80" VPOS="1277" HPOS="1635" CONTENT="et"/>
                  <SP HEIGHT="56" WIDTH="13" VPOS="1277" HPOS="1715"/>
                  <String HEIGHT="56"
                          WIDTH="134"
                          VPOS="1277"
                          HPOS="1675"
                          CONTENT="arguit"/>
                  <SP HEIGHT="56" WIDTH="13" VPOS="1277" HPOS="1809"/>
                  <String HEIGHT="56"
                          WIDTH="107"
                          VPOS="1277"
                          HPOS="1769"
                          CONTENT="sic."/>
                  <SP HEIGHT="56" WIDTH="13" VPOS="1277" HPOS="1876"/>
                  <String HEIGHT="56"
                          WIDTH="107"
                          VPOS="1277"
                          HPOS="1836"
                          CONTENT="quod"/>
                  <SP HEIGHT="56" WIDTH="13" VPOS="1277" HPOS="1943"/>
                  <String HEIGHT="56"
                          WIDTH="80"
                          VPOS="1277"
                          HPOS="1890"
                          CONTENT="vni"
                          SUBS_TYPE="HypPart1"
                          SUBS_CONTENT="vniformiter"/>
                  <HYP CONTENT="-"/>
               </TextLine>
               <TextLine ID="r4l26"
                         BASELINE="1380"
                         HEIGHT="67"
                         WIDTH="711"
                         VPOS="1313"
                         HPOS="1253">
                  <String HEIGHT="67"
                          WIDTH="171"
                          VPOS="1313"
                          HPOS="1239"
                          CONTENT="formiter"
                          SUBS_TYPE="HypPart2"
                          SUBS_CONTENT="vniformiter"/>
                  <SP HEIGHT="67" WIDTH="14" VPOS="1313" HPOS="1409"/>
                  <String HEIGHT="67"
                          WIDTH="156"
                          VPOS="1313"
                          HPOS="1367"
                          CONTENT="dicitur"/>
                  <SP HEIGHT="67" WIDTH="14" VPOS="1313" HPOS="1523"/>
                  <String HEIGHT="67" WIDTH="85" VPOS="1313" HPOS="1481" CONTENT="de"/>
                  <SP HEIGHT="67" WIDTH="14" VPOS="1313" HPOS="1566"/>
                  <String HEIGHT="67"
                          WIDTH="114"
                          VPOS="1313"
                          HPOS="1523"
                          CONTENT="omni"/>
                  <SP HEIGHT="67" WIDTH="14" VPOS="1313" HPOS="1637"/>
                  <String HEIGHT="67"
                          WIDTH="114"
                          VPOS="1313"
                          HPOS="1594"
                          CONTENT="alio"/>
                  <SP HEIGHT="67" WIDTH="14" VPOS="1313" HPOS="1708"/>
                  <String HEIGHT="67" WIDTH="71" VPOS="1313" HPOS="1665" CONTENT="a"/>
                  <SP HEIGHT="67" WIDTH="14" VPOS="1313" HPOS="1736"/>
                  <String HEIGHT="67"
                          WIDTH="156"
                          VPOS="1313"
                          HPOS="1694"
                          CONTENT="termino"/>
                  <SP HEIGHT="67" WIDTH="14" VPOS="1313" HPOS="1850"/>
                  <String HEIGHT="67"
                          WIDTH="128"
                          VPOS="1313"
                          HPOS="1808"
                          CONTENT="nulli"/>
                  <SP HEIGHT="67" WIDTH="14" VPOS="1313" HPOS="1936"/>
                  <String HEIGHT="67"
                          WIDTH="85"
                          VPOS="1313"
                          HPOS="1879"
                          CONTENT="dcto"/>
               </TextLine>
               <TextLine ID="r4l27"
                         BASELINE="1423"
                         HEIGHT="54"
                         WIDTH="720"
                         VPOS="1369"
                         HPOS="1255">
                  <String HEIGHT="54" WIDTH="92" VPOS="1369" HPOS="1240" CONTENT="ad"/>
                  <SP HEIGHT="54" WIDTH="15" VPOS="1369" HPOS="1332"/>
                  <String HEIGHT="54"
                          WIDTH="184"
                          VPOS="1369"
                          HPOS="1286"
                          CONTENT="terminum"/>
                  <SP HEIGHT="54" WIDTH="15" VPOS="1369" HPOS="1469"/>
                  <String HEIGHT="54"
                          WIDTH="184"
                          VPOS="1369"
                          HPOS="1424"
                          CONTENT="accidit."/>
                  <SP HEIGHT="54" WIDTH="15" VPOS="1369" HPOS="1607"/>
                  <String HEIGHT="54"
                          WIDTH="107"
                          VPOS="1369"
                          HPOS="1561"
                          CONTENT="sed"/>
                  <SP HEIGHT="54" WIDTH="15" VPOS="1369" HPOS="1669"/>
                  <String HEIGHT="54"
                          WIDTH="138"
                          VPOS="1369"
                          HPOS="1623"
                          CONTENT="talis"/>
                  <SP HEIGHT="54" WIDTH="15" VPOS="1369" HPOS="1761"/>
                  <String HEIGHT="54"
                          WIDTH="169"
                          VPOS="1369"
                          HPOS="1715"
                          CONTENT="relatio"/>
                  <SP HEIGHT="54" WIDTH="15" VPOS="1369" HPOS="1883"/>
                  <String HEIGHT="54"
                          WIDTH="153"
                          VPOS="1369"
                          HPOS="1822"
                          CONTENT="communis"/>
               </TextLine>
               <TextLine ID="r4l28"
                         BASELINE="1461"
                         HEIGHT="59"
                         WIDTH="718"
                         VPOS="1402"
                         HPOS="1255">
                  <String HEIGHT="59"
                          WIDTH="108"
                          VPOS="1402"
                          HPOS="1241"
                          CONTENT="omni"/>
                  <SP HEIGHT="59" WIDTH="14" VPOS="1402" HPOS="1350"/>
                  <String HEIGHT="59"
                          WIDTH="163"
                          VPOS="1402"
                          HPOS="1309"
                          CONTENT="creature"/>
                  <SP HEIGHT="59" WIDTH="14" VPOS="1402" HPOS="1472"/>
                  <String HEIGHT="59"
                          WIDTH="203"
                          VPOS="1402"
                          HPOS="1431"
                          CONTENT="vniformiter"/>
                  <SP HEIGHT="59" WIDTH="14" VPOS="1402" HPOS="1634"/>
                  <String HEIGHT="59"
                          WIDTH="149"
                          VPOS="1402"
                          HPOS="1594"
                          CONTENT="dicitur"/>
                  <SP HEIGHT="59" WIDTH="14" VPOS="1402" HPOS="1743"/>
                  <String HEIGHT="59" WIDTH="81" VPOS="1402" HPOS="1702" CONTENT="de"/>
                  <SP HEIGHT="59" WIDTH="14" VPOS="1402" HPOS="1783"/>
                  <String HEIGHT="59"
                          WIDTH="108"
                          VPOS="1402"
                          HPOS="1743"
                          CONTENT="omni"/>
                  <SP HEIGHT="59" WIDTH="14" VPOS="1402" HPOS="1851"/>
                  <String HEIGHT="59"
                          WIDTH="108"
                          VPOS="1402"
                          HPOS="1810"
                          CONTENT="alio"/>
                  <SP HEIGHT="59" WIDTH="14" VPOS="1402" HPOS="1919"/>
                  <String HEIGHT="59" WIDTH="68" VPOS="1402" HPOS="1878" CONTENT="a"/>
                  <SP HEIGHT="59" WIDTH="14" VPOS="1402" HPOS="1946"/>
                  <String HEIGHT="59"
                          WIDTH="81"
                          VPOS="1402"
                          HPOS="1892"
                          CONTENT="deo."/>
               </TextLine>
               <TextLine ID="r4l29"
                         BASELINE="1513"
                         HEIGHT="69"
                         WIDTH="727"
                         VPOS="1444"
                         HPOS="1248">
                  <String HEIGHT="69" WIDTH="78" VPOS="1444" HPOS="1235" CONTENT="ad"/>
                  <SP HEIGHT="69" WIDTH="13" VPOS="1444" HPOS="1313"/>
                  <String HEIGHT="69"
                          WIDTH="117"
                          VPOS="1444"
                          HPOS="1274"
                          CONTENT="ipsum"/>
                  <SP HEIGHT="69" WIDTH="13" VPOS="1444" HPOS="1391"/>
                  <String HEIGHT="69"
                          WIDTH="117"
                          VPOS="1444"
                          HPOS="1352"
                          CONTENT="deum."/>
                  <SP HEIGHT="69" WIDTH="13" VPOS="1444" HPOS="1469"/>
                  <String HEIGHT="69"
                          WIDTH="104"
                          VPOS="1444"
                          HPOS="1430"
                          CONTENT="ergo"/>
                  <SP HEIGHT="69" WIDTH="13" VPOS="1444" HPOS="1534"/>
                  <String HEIGHT="69"
                          WIDTH="117"
                          VPOS="1444"
                          HPOS="1495"
                          CONTENT="nulli"/>
                  <SP HEIGHT="69" WIDTH="13" VPOS="1444" HPOS="1612"/>
                  <String HEIGHT="69"
                          WIDTH="156"
                          VPOS="1444"
                          HPOS="1573"
                          CONTENT="accidit."/>
                  <SP HEIGHT="69" WIDTH="13" VPOS="1444" HPOS="1728"/>
                  <String HEIGHT="69" WIDTH="78" VPOS="1444" HPOS="1689" CONTENT="et"/>
                  <SP HEIGHT="69" WIDTH="13" VPOS="1444" HPOS="1767"/>
                  <String HEIGHT="69"
                          WIDTH="91"
                          VPOS="1444"
                          HPOS="1728"
                          CONTENT="ita"/>
                  <SP HEIGHT="69" WIDTH="13" VPOS="1444" HPOS="1819"/>
                  <String HEIGHT="69"
                          WIDTH="91"
                          VPOS="1444"
                          HPOS="1780"
                          CONTENT="est"/>
                  <SP HEIGHT="69" WIDTH="13" VPOS="1444" HPOS="1871"/>
                  <String HEIGHT="69"
                          WIDTH="104"
                          VPOS="1444"
                          HPOS="1832"
                          CONTENT="idem"/>
                  <SP HEIGHT="69" WIDTH="13" VPOS="1444" HPOS="1936"/>
                  <String HEIGHT="69"
                          WIDTH="91"
                          VPOS="1444"
                          HPOS="1884"
                          CONTENT="funda"/>
               </TextLine>
               <TextLine ID="r4l30"
                         BASELINE="1552"
                         HEIGHT="62"
                         WIDTH="715"
                         VPOS="1490"
                         HPOS="1260">
                  <String HEIGHT="62"
                          WIDTH="146"
                          VPOS="1490"
                          HPOS="1245"
                          CONTENT="mento."/>
                  <SP HEIGHT="62" WIDTH="15" VPOS="1490" HPOS="1391"/>
                  <String HEIGHT="62" WIDTH="58" VPOS="1490" HPOS="1348" CONTENT=""/>
                  <SP HEIGHT="62" WIDTH="15" VPOS="1490" HPOS="1406"/>
                  <String HEIGHT="62"
                          WIDTH="161"
                          VPOS="1490"
                          HPOS="1362"
                          CONTENT="Maiorem"/>
                  <SP HEIGHT="62" WIDTH="15" VPOS="1490" HPOS="1523"/>
                  <String HEIGHT="62"
                          WIDTH="161"
                          VPOS="1490"
                          HPOS="1479"
                          CONTENT="probat."/>
                  <SP HEIGHT="62" WIDTH="15" VPOS="1490" HPOS="1639"/>
                  <String HEIGHT="62"
                          WIDTH="117"
                          VPOS="1490"
                          HPOS="1596"
                          CONTENT="quia"/>
                  <SP HEIGHT="62" WIDTH="15" VPOS="1490" HPOS="1712"/>
                  <String HEIGHT="62" WIDTH="88" VPOS="1490" HPOS="1669" CONTENT="si"/>
                  <SP HEIGHT="62" WIDTH="15" VPOS="1490" HPOS="1756"/>
                  <String HEIGHT="62"
                          WIDTH="146"
                          VPOS="1490"
                          HPOS="1712"
                          CONTENT="alicui"/>
                  <SP HEIGHT="62" WIDTH="15" VPOS="1490" HPOS="1858"/>
                  <String HEIGHT="62"
                          WIDTH="175"
                          VPOS="1490"
                          HPOS="1800"
                          CONTENT="accideret."/>
               </TextLine>
               <TextLine ID="r4l31"
                         BASELINE="1604"
                         HEIGHT="70"
                         WIDTH="710"
                         VPOS="1534"
                         HPOS="1268">
                  <String HEIGHT="70"
                          WIDTH="105"
                          VPOS="1534"
                          HPOS="1255"
                          CONTENT="pari"/>
                  <SP HEIGHT="70" WIDTH="13" VPOS="1534" HPOS="1360"/>
                  <String HEIGHT="70"
                          WIDTH="145"
                          VPOS="1534"
                          HPOS="1321"
                          CONTENT="ratione"/>
                  <SP HEIGHT="70" WIDTH="13" VPOS="1534" HPOS="1465"/>
                  <String HEIGHT="70" WIDTH="79" VPOS="1534" HPOS="1426" CONTENT="et"/>
                  <SP HEIGHT="70" WIDTH="13" VPOS="1534" HPOS="1505"/>
                  <String HEIGHT="70"
                          WIDTH="145"
                          VPOS="1534"
                          HPOS="1465"
                          CONTENT="alteri."/>
                  <SP HEIGHT="70" WIDTH="13" VPOS="1534" HPOS="1610"/>
                  <String HEIGHT="70"
                          WIDTH="131"
                          VPOS="1534"
                          HPOS="1570"
                          CONTENT="vtputa"/>
                  <SP HEIGHT="70" WIDTH="13" VPOS="1534" HPOS="1702"/>
                  <String HEIGHT="70" WIDTH="79" VPOS="1534" HPOS="1662" CONTENT="si"/>
                  <SP HEIGHT="70" WIDTH="13" VPOS="1534" HPOS="1741"/>
                  <String HEIGHT="70"
                          WIDTH="145"
                          VPOS="1534"
                          HPOS="1702"
                          CONTENT="relatio"/>
                  <SP HEIGHT="70" WIDTH="13" VPOS="1534" HPOS="1847"/>
                  <String HEIGHT="70"
                          WIDTH="158"
                          VPOS="1534"
                          HPOS="1807"
                          CONTENT="effectus"/>
                  <SP HEIGHT="70" WIDTH="13" VPOS="1534" HPOS="1965"/>
                  <String HEIGHT="70" WIDTH="79" VPOS="1534" HPOS="1925" CONTENT="ad"/>
                  <SP HEIGHT="70" WIDTH="13" VPOS="1534" HPOS="2004"/>
                  <String HEIGHT="70" WIDTH="26" VPOS="1534" HPOS="1952" CONTENT=""/>
               </TextLine>
               <TextLine ID="r4l32"
                         BASELINE="1639"
                         HEIGHT="65"
                         WIDTH="710"
                         VPOS="1574"
                         HPOS="1269">
                  <String HEIGHT="65"
                          WIDTH="113"
                          VPOS="1574"
                          HPOS="1258"
                          CONTENT="causam"/>
                  <SP HEIGHT="65" WIDTH="11" VPOS="1574" HPOS="1370"/>
                  <String HEIGHT="65"
                          WIDTH="147"
                          VPOS="1574"
                          HPOS="1337"
                          CONTENT="accideret"/>
                  <SP HEIGHT="65" WIDTH="11" VPOS="1574" HPOS="1483"/>
                  <String HEIGHT="65"
                          WIDTH="124"
                          VPOS="1574"
                          HPOS="1449"
                          CONTENT="lapidi."/>
                  <SP HEIGHT="65" WIDTH="11" VPOS="1574" HPOS="1573"/>
                  <String HEIGHT="65" WIDTH="68" VPOS="1574" HPOS="1539" CONTENT="et"/>
                  <SP HEIGHT="65" WIDTH="11" VPOS="1574" HPOS="1607"/>
                  <String HEIGHT="65"
                          WIDTH="79"
                          VPOS="1574"
                          HPOS="1573"
                          CONTENT="per"/>
                  <SP HEIGHT="65" WIDTH="11" VPOS="1574" HPOS="1652"/>
                  <String HEIGHT="65"
                          WIDTH="158"
                          VPOS="1574"
                          HPOS="1618"
                          CONTENT="consequens"/>
                  <SP HEIGHT="65" WIDTH="11" VPOS="1574" HPOS="1776"/>
                  <String HEIGHT="65"
                          WIDTH="101"
                          VPOS="1574"
                          HPOS="1742"
                          CONTENT="esset"/>
                  <SP HEIGHT="65" WIDTH="11" VPOS="1574" HPOS="1844"/>
                  <String HEIGHT="65"
                          WIDTH="79"
                          VPOS="1574"
                          HPOS="1810"
                          CONTENT="res"/>
                  <SP HEIGHT="65" WIDTH="11" VPOS="1574" HPOS="1889"/>
                  <String HEIGHT="65"
                          WIDTH="90"
                          VPOS="1574"
                          HPOS="1855"
                          CONTENT="alia"/>
                  <SP HEIGHT="65" WIDTH="11" VPOS="1574" HPOS="1945"/>
                  <String HEIGHT="65" WIDTH="56" VPOS="1574" HPOS="1911" CONTENT="a"/>
                  <SP HEIGHT="65" WIDTH="11" VPOS="1574" HPOS="1968"/>
                  <String HEIGHT="65"
                          WIDTH="56"
                          VPOS="1574"
                          HPOS="1923"
                          CONTENT="la"
                          SUBS_TYPE="HypPart1"
                          SUBS_CONTENT="lapide."/>
                  <HYP CONTENT="-"/>
               </TextLine>
               <TextLine ID="r4l33"
                         BASELINE="1689"
                         HEIGHT="75"
                         WIDTH="714"
                         VPOS="1614"
                         HPOS="1262">
                  <String HEIGHT="75"
                          WIDTH="117"
                          VPOS="1614"
                          HPOS="1249"
                          CONTENT="pide."
                          SUBS_TYPE="HypPart2"
                          SUBS_CONTENT="lapide."/>
                  <SP HEIGHT="75" WIDTH="13" VPOS="1614" HPOS="1366"/>
                  <String HEIGHT="75"
                          WIDTH="104"
                          VPOS="1614"
                          HPOS="1327"
                          CONTENT="pari"/>
                  <SP HEIGHT="75" WIDTH="13" VPOS="1614" HPOS="1431"/>
                  <String HEIGHT="75"
                          WIDTH="143"
                          VPOS="1614"
                          HPOS="1392"
                          CONTENT="ratione"/>
                  <SP HEIGHT="75" WIDTH="13" VPOS="1614" HPOS="1535"/>
                  <String HEIGHT="75"
                          WIDTH="143"
                          VPOS="1614"
                          HPOS="1496"
                          CONTENT="haberet"/>
                  <SP HEIGHT="75" WIDTH="13" VPOS="1614" HPOS="1638"/>
                  <String HEIGHT="75"
                          WIDTH="104"
                          VPOS="1614"
                          HPOS="1600"
                          CONTENT="ipsa"/>
                  <SP HEIGHT="75" WIDTH="13" VPOS="1614" HPOS="1703"/>
                  <String HEIGHT="75"
                          WIDTH="182"
                          VPOS="1614"
                          HPOS="1664"
                          CONTENT="relationem"/>
                  <SP HEIGHT="75" WIDTH="13" VPOS="1614" HPOS="1846"/>
                  <String HEIGHT="75"
                          WIDTH="156"
                          VPOS="1614"
                          HPOS="1807"
                          CONTENT="effectus"/>
                  <SP HEIGHT="75" WIDTH="13" VPOS="1614" HPOS="1963"/>
                  <String HEIGHT="75" WIDTH="78" VPOS="1614" HPOS="1924" CONTENT="ad"/>
                  <SP HEIGHT="75" WIDTH="13" VPOS="1614" HPOS="2002"/>
                  <String HEIGHT="75" WIDTH="26" VPOS="1614" HPOS="1950" CONTENT=""/>
               </TextLine>
               <TextLine ID="r4l34"
                         BASELINE="1724"
                         HEIGHT="63"
                         WIDTH="713"
                         VPOS="1661"
                         HPOS="1266">
                  <String HEIGHT="63"
                          WIDTH="121"
                          VPOS="1661"
                          HPOS="1253"
                          CONTENT="deum."/>
                  <SP HEIGHT="63" WIDTH="13" VPOS="1661" HPOS="1374"/>
                  <String HEIGHT="63" WIDTH="81" VPOS="1661" HPOS="1333" CONTENT="et"/>
                  <SP HEIGHT="63" WIDTH="13" VPOS="1661" HPOS="1414"/>
                  <String HEIGHT="63"
                          WIDTH="108"
                          VPOS="1661"
                          HPOS="1374"
                          CONTENT="tunc"/>
                  <SP HEIGHT="63" WIDTH="13" VPOS="1661" HPOS="1481"/>
                  <String HEIGHT="63"
                          WIDTH="175"
                          VPOS="1661"
                          HPOS="1441"
                          CONTENT="accideret"/>
                  <SP HEIGHT="63" WIDTH="13" VPOS="1661" HPOS="1616"/>
                  <String HEIGHT="63"
                          WIDTH="108"
                          VPOS="1661"
                          HPOS="1575"
                          CONTENT="sibi"/>
                  <SP HEIGHT="63" WIDTH="13" VPOS="1661" HPOS="1683"/>
                  <String HEIGHT="63"
                          WIDTH="108"
                          VPOS="1661"
                          HPOS="1643"
                          CONTENT="alia"/>
                  <SP HEIGHT="63" WIDTH="13" VPOS="1661" HPOS="1750"/>
                  <String HEIGHT="63"
                          WIDTH="148"
                          VPOS="1661"
                          HPOS="1710"
                          CONTENT="relatio"/>
                  <SP HEIGHT="63" WIDTH="13" VPOS="1661" HPOS="1858"/>
                  <String HEIGHT="63"
                          WIDTH="161"
                          VPOS="1661"
                          HPOS="1818"
                          CONTENT="effectus"/>
                  <SP HEIGHT="63" WIDTH="13" VPOS="1661" HPOS="1979"/>
                  <String HEIGHT="63" WIDTH="54" VPOS="1661" HPOS="1925" CONTENT="et"/>
               </TextLine>
               <TextLine ID="r4l35"
                         BASELINE="1768"
                         HEIGHT="64"
                         WIDTH="715"
                         VPOS="1704"
                         HPOS="1269">
                  <String HEIGHT="64"
                          WIDTH="110"
                          VPOS="1704"
                          HPOS="1255"
                          CONTENT="illa"/>
                  <SP HEIGHT="64" WIDTH="14" VPOS="1704" HPOS="1365"/>
                  <String HEIGHT="64"
                          WIDTH="124"
                          VPOS="1704"
                          HPOS="1324"
                          CONTENT="esset"/>
                  <SP HEIGHT="64" WIDTH="14" VPOS="1704" HPOS="1448"/>
                  <String HEIGHT="64"
                          WIDTH="165"
                          VPOS="1704"
                          HPOS="1407"
                          CONTENT="relatio."/>
                  <SP HEIGHT="64" WIDTH="14" VPOS="1704" HPOS="1572"/>
                  <String HEIGHT="64" WIDTH="83" VPOS="1704" HPOS="1530" CONTENT="et"/>
                  <SP HEIGHT="64" WIDTH="14" VPOS="1704" HPOS="1613"/>
                  <String HEIGHT="64"
                          WIDTH="96"
                          VPOS="1704"
                          HPOS="1572"
                          CONTENT="sic"/>
                  <SP HEIGHT="64" WIDTH="14" VPOS="1704" HPOS="1668"/>
                  <String HEIGHT="64" WIDTH="83" VPOS="1704" HPOS="1627" CONTENT="in"/>
                  <SP HEIGHT="64" WIDTH="14" VPOS="1704" HPOS="1709"/>
                  <String HEIGHT="64"
                          WIDTH="193"
                          VPOS="1704"
                          HPOS="1668"
                          CONTENT="infinitum."/>
                  <SP HEIGHT="64" WIDTH="14" VPOS="1704" HPOS="1860"/>
                  <String HEIGHT="64"
                          WIDTH="124"
                          VPOS="1704"
                          HPOS="1819"
                          CONTENT="Eodem"/>
                  <SP HEIGHT="64" WIDTH="14" VPOS="1704" HPOS="1943"/>
                  <String HEIGHT="64"
                          WIDTH="110"
                          VPOS="1704"
                          HPOS="1902"
                          CONTENT="modo"/>
                  <SP HEIGHT="64" WIDTH="14" VPOS="1704" HPOS="2012"/>
                  <String HEIGHT="64" WIDTH="28" VPOS="1704" HPOS="1957" CONTENT=""/>
               </TextLine>
               <TextLine ID="r4l36"
                         BASELINE="1814"
                         HEIGHT="64"
                         WIDTH="703"
                         VPOS="1750"
                         HPOS="1275">
                  <String HEIGHT="64"
                          WIDTH="111"
                          VPOS="1750"
                          HPOS="1263"
                          CONTENT="arguo"/>
                  <SP HEIGHT="64" WIDTH="12" VPOS="1750" HPOS="1374"/>
                  <String HEIGHT="64" WIDTH="74" VPOS="1750" HPOS="1337" CONTENT="in"/>
                  <SP HEIGHT="64" WIDTH="12" VPOS="1750" HPOS="1411"/>
                  <String HEIGHT="64"
                          WIDTH="173"
                          VPOS="1750"
                          HPOS="1374"
                          CONTENT="proposito."/>
                  <SP HEIGHT="64" WIDTH="12" VPOS="1750" HPOS="1546"/>
                  <String HEIGHT="64"
                          WIDTH="99"
                          VPOS="1750"
                          HPOS="1509"
                          CONTENT="quod"/>
                  <SP HEIGHT="64" WIDTH="12" VPOS="1750" HPOS="1608"/>
                  <String HEIGHT="64"
                          WIDTH="185"
                          VPOS="1750"
                          HPOS="1571"
                          CONTENT="vniformiter"/>
                  <SP HEIGHT="64" WIDTH="12" VPOS="1750" HPOS="1756"/>
                  <String HEIGHT="64"
                          WIDTH="136"
                          VPOS="1750"
                          HPOS="1719"
                          CONTENT="dicitur"/>
                  <SP HEIGHT="64" WIDTH="12" VPOS="1750" HPOS="1855"/>
                  <String HEIGHT="64" WIDTH="74" VPOS="1750" HPOS="1818" CONTENT="de"/>
                  <SP HEIGHT="64" WIDTH="12" VPOS="1750" HPOS="1892"/>
                  <String HEIGHT="64"
                          WIDTH="99"
                          VPOS="1750"
                          HPOS="1855"
                          CONTENT="omni"/>
                  <SP HEIGHT="64" WIDTH="12" VPOS="1750" HPOS="1953"/>
                  <String HEIGHT="64"
                          WIDTH="74"
                          VPOS="1750"
                          HPOS="1904"
                          CONTENT="alio"/>
               </TextLine>
               <TextLine ID="r4l37"
                         BASELINE="1852"
                         HEIGHT="61"
                         WIDTH="713"
                         VPOS="1791"
                         HPOS="1269">
                  <String HEIGHT="61" WIDTH="73" VPOS="1791" HPOS="1254" CONTENT="a"/>
                  <SP HEIGHT="61" WIDTH="15" VPOS="1791" HPOS="1327"/>
                  <String HEIGHT="61"
                          WIDTH="160"
                          VPOS="1791"
                          HPOS="1284"
                          CONTENT="termino"/>
                  <SP HEIGHT="61" WIDTH="15" VPOS="1791" HPOS="1444"/>
                  <String HEIGHT="61"
                          WIDTH="131"
                          VPOS="1791"
                          HPOS="1400"
                          CONTENT="nulli"/>
                  <SP HEIGHT="61" WIDTH="15" VPOS="1791" HPOS="1531"/>
                  <String HEIGHT="61"
                          WIDTH="131"
                          VPOS="1791"
                          HPOS="1487"
                          CONTENT="dicto"/>
                  <SP HEIGHT="61" WIDTH="15" VPOS="1791" HPOS="1618"/>
                  <String HEIGHT="61" WIDTH="87" VPOS="1791" HPOS="1575" CONTENT="ad"/>
                  <SP HEIGHT="61" WIDTH="15" VPOS="1791" HPOS="1662"/>
                  <String HEIGHT="61"
                          WIDTH="175"
                          VPOS="1791"
                          HPOS="1618"
                          CONTENT="terminum"/>
                  <SP HEIGHT="61" WIDTH="15" VPOS="1791" HPOS="1793"/>
                  <String HEIGHT="61"
                          WIDTH="175"
                          VPOS="1791"
                          HPOS="1749"
                          CONTENT="accidit."/>
                  <SP HEIGHT="61" WIDTH="15" VPOS="1791" HPOS="1924"/>
                  <String HEIGHT="61"
                          WIDTH="102"
                          VPOS="1791"
                          HPOS="1880"
                          CONTENT="sed"/>
                  <SP HEIGHT="61" WIDTH="15" VPOS="1791" HPOS="1982"/>
                  <String HEIGHT="61" WIDTH="58" VPOS="1791" HPOS="1924" CONTENT="ta"/>
               </TextLine>
               <TextLine ID="r4l38"
                         BASELINE="1904"
                         HEIGHT="68"
                         WIDTH="710"
                         VPOS="1836"
                         HPOS="1266">
                  <String HEIGHT="68"
                          WIDTH="104"
                          VPOS="1836"
                          HPOS="1251"
                          CONTENT="lis"/>
                  <SP HEIGHT="68" WIDTH="15" VPOS="1836" HPOS="1355"/>
                  <String HEIGHT="68"
                          WIDTH="163"
                          VPOS="1836"
                          HPOS="1310"
                          CONTENT="relatio"/>
                  <SP HEIGHT="68" WIDTH="15" VPOS="1836" HPOS="1473"/>
                  <String HEIGHT="68"
                          WIDTH="178"
                          VPOS="1836"
                          HPOS="1429"
                          CONTENT="communis"/>
                  <SP HEIGHT="68" WIDTH="15" VPOS="1836" HPOS="1606"/>
                  <String HEIGHT="68"
                          WIDTH="163"
                          VPOS="1836"
                          HPOS="1562"
                          CONTENT="omnibus"/>
                  <SP HEIGHT="68" WIDTH="15" VPOS="1836" HPOS="1725"/>
                  <String HEIGHT="68"
                          WIDTH="251"
                          VPOS="1836"
                          HPOS="1680"
                          CONTENT="identitatibus"/>
                  <SP HEIGHT="68" WIDTH="15" VPOS="1836" HPOS="1932"/>
                  <String HEIGHT="68"
                          WIDTH="104"
                          VPOS="1836"
                          HPOS="1872"
                          CONTENT="talis"/>
               </TextLine>
               <TextLine ID="r4l39"
                         BASELINE="1940"
                         HEIGHT="65"
                         WIDTH="707"
                         VPOS="1875"
                         HPOS="1266">
                  <String HEIGHT="65"
                          WIDTH="163"
                          VPOS="1875"
                          HPOS="1252"
                          CONTENT="rationis"/>
                  <SP HEIGHT="65" WIDTH="14" VPOS="1875" HPOS="1416"/>
                  <String HEIGHT="65" WIDTH="82" VPOS="1875" HPOS="1375" CONTENT="ad"/>
                  <SP HEIGHT="65" WIDTH="14" VPOS="1875" HPOS="1456"/>
                  <String HEIGHT="65"
                          WIDTH="122"
                          VPOS="1875"
                          HPOS="1416"
                          CONTENT="istam"/>
                  <SP HEIGHT="65" WIDTH="14" VPOS="1875" HPOS="1538"/>
                  <String HEIGHT="65"
                          WIDTH="204"
                          VPOS="1875"
                          HPOS="1497"
                          CONTENT="identitatem"/>
                  <SP HEIGHT="65" WIDTH="14" VPOS="1875" HPOS="1701"/>
                  <String HEIGHT="65"
                          WIDTH="95"
                          VPOS="1875"
                          HPOS="1660"
                          CONTENT="que"/>
                  <SP HEIGHT="65" WIDTH="14" VPOS="1875" HPOS="1755"/>
                  <String HEIGHT="65"
                          WIDTH="150"
                          VPOS="1875"
                          HPOS="1715"
                          CONTENT="dicatur"/>
                  <SP HEIGHT="65" WIDTH="14" VPOS="1875" HPOS="1864"/>
                  <String HEIGHT="65" WIDTH="82" VPOS="1875" HPOS="1823" CONTENT="a."/>
                  <SP HEIGHT="65" WIDTH="14" VPOS="1875" HPOS="1905"/>
                  <String HEIGHT="65"
                          WIDTH="122"
                          VPOS="1875"
                          HPOS="1851"
                          CONTENT="vnifor"
                          SUBS_TYPE="HypPart1"
                          SUBS_CONTENT="vniformiter"/>
                  <HYP CONTENT="-"/>
               </TextLine>
               <TextLine ID="r4l40"
                         BASELINE="1983"
                         HEIGHT="56"
                         WIDTH="701"
                         VPOS="1927"
                         HPOS="1280">
                  <String HEIGHT="56"
                          WIDTH="121"
                          VPOS="1927"
                          HPOS="1267"
                          CONTENT="miter"
                          SUBS_TYPE="HypPart2"
                          SUBS_CONTENT="vniformiter"/>
                  <SP HEIGHT="56" WIDTH="13" VPOS="1927" HPOS="1388"/>
                  <String HEIGHT="56"
                          WIDTH="148"
                          VPOS="1927"
                          HPOS="1347"
                          CONTENT="dicitur"/>
                  <SP HEIGHT="56" WIDTH="13" VPOS="1927" HPOS="1496"/>
                  <String HEIGHT="56" WIDTH="81" VPOS="1927" HPOS="1455" CONTENT="de"/>
                  <SP HEIGHT="56" WIDTH="13" VPOS="1927" HPOS="1536"/>
                  <String HEIGHT="56"
                          WIDTH="108"
                          VPOS="1927"
                          HPOS="1496"
                          CONTENT="omni"/>
                  <SP HEIGHT="56" WIDTH="13" VPOS="1927" HPOS="1604"/>
                  <String HEIGHT="56"
                          WIDTH="108"
                          VPOS="1927"
                          HPOS="1563"
                          CONTENT="alia"/>
                  <SP HEIGHT="56" WIDTH="13" VPOS="1927" HPOS="1671"/>
                  <String HEIGHT="56"
                          WIDTH="189"
                          VPOS="1927"
                          HPOS="1631"
                          CONTENT="identitate"/>
                  <SP HEIGHT="56" WIDTH="13" VPOS="1927" HPOS="1819"/>
                  <String HEIGHT="56" WIDTH="81" VPOS="1927" HPOS="1779" CONTENT="ad"/>
                  <SP HEIGHT="56" WIDTH="13" VPOS="1927" HPOS="1860"/>
                  <String HEIGHT="56"
                          WIDTH="121"
                          VPOS="1927"
                          HPOS="1819"
                          CONTENT="istam"/>
                  <SP HEIGHT="56" WIDTH="13" VPOS="1927" HPOS="1941"/>
                  <String HEIGHT="56"
                          WIDTH="94"
                          VPOS="1927"
                          HPOS="1887"
                          CONTENT="iden"
                          SUBS_TYPE="HypPart1"
                          SUBS_CONTENT="identitatem"/>
                  <HYP CONTENT="-"/>
               </TextLine>
               <TextLine ID="r4l41"
                         BASELINE="2026"
                         HEIGHT="53"
                         WIDTH="703"
                         VPOS="1973"
                         HPOS="1281">
                  <String HEIGHT="53"
                          WIDTH="165"
                          VPOS="1973"
                          HPOS="1266"
                          CONTENT="titatem"
                          SUBS_TYPE="HypPart2"
                          SUBS_CONTENT="identitatem"/>
                  <SP HEIGHT="53" WIDTH="15" VPOS="1973" HPOS="1431"/>
                  <String HEIGHT="53"
                          WIDTH="105"
                          VPOS="1973"
                          HPOS="1386"
                          CONTENT="que"/>
                  <SP HEIGHT="53" WIDTH="15" VPOS="1973" HPOS="1490"/>
                  <String HEIGHT="53"
                          WIDTH="105"
                          VPOS="1973"
                          HPOS="1446"
                          CONTENT="est"/>
                  <SP HEIGHT="53" WIDTH="15" VPOS="1973" HPOS="1550"/>
                  <String HEIGHT="53" WIDTH="90" VPOS="1973" HPOS="1505" CONTENT="a."/>
                  <SP HEIGHT="53" WIDTH="15" VPOS="1973" HPOS="1595"/>
                  <String HEIGHT="53"
                          WIDTH="120"
                          VPOS="1973"
                          HPOS="1550"
                          CONTENT="ergo"/>
                  <SP HEIGHT="53" WIDTH="15" VPOS="1973" HPOS="1670"/>
                  <String HEIGHT="53"
                          WIDTH="120"
                          VPOS="1973"
                          HPOS="1625"
                          CONTENT="omni"/>
                  <SP HEIGHT="53" WIDTH="15" VPOS="1973" HPOS="1745"/>
                  <String HEIGHT="53"
                          WIDTH="105"
                          VPOS="1973"
                          HPOS="1700"
                          CONTENT="vel"/>
                  <SP HEIGHT="53" WIDTH="15" VPOS="1973" HPOS="1805"/>
                  <String HEIGHT="53"
                          WIDTH="135"
                          VPOS="1973"
                          HPOS="1760"
                          CONTENT="nulli"/>
                  <SP HEIGHT="53" WIDTH="15" VPOS="1973" HPOS="1894"/>
                  <String HEIGHT="53"
                          WIDTH="150"
                          VPOS="1973"
                          HPOS="1834"
                          CONTENT="accidit."/>
               </TextLine>
               <TextLine ID="r4l42"
                         BASELINE="2073"
                         HEIGHT="67"
                         WIDTH="713"
                         VPOS="2006"
                         HPOS="1272">
                  <String HEIGHT="67"
                          WIDTH="98"
                          VPOS="2006"
                          HPOS="1258"
                          CONTENT="sed"/>
                  <SP HEIGHT="67" WIDTH="14" VPOS="2006" HPOS="1356"/>
                  <String HEIGHT="67"
                          WIDTH="98"
                          VPOS="2006"
                          HPOS="1314"
                          CONTENT="non"/>
                  <SP HEIGHT="67" WIDTH="14" VPOS="2006" HPOS="1412"/>
                  <String HEIGHT="67"
                          WIDTH="154"
                          VPOS="2006"
                          HPOS="1370"
                          CONTENT="accidit"/>
                  <SP HEIGHT="67" WIDTH="14" VPOS="2006" HPOS="1524"/>
                  <String HEIGHT="67"
                          WIDTH="140"
                          VPOS="2006"
                          HPOS="1482"
                          CONTENT="nulli."/>
                  <SP HEIGHT="67" WIDTH="14" VPOS="2006" HPOS="1622"/>
                  <String HEIGHT="67"
                          WIDTH="112"
                          VPOS="2006"
                          HPOS="1580"
                          CONTENT="quia"/>
                  <SP HEIGHT="67" WIDTH="14" VPOS="2006" HPOS="1691"/>
                  <String HEIGHT="67"
                          WIDTH="140"
                          VPOS="2006"
                          HPOS="1649"
                          CONTENT="alicui"/>
                  <SP HEIGHT="67" WIDTH="14" VPOS="2006" HPOS="1789"/>
                  <String HEIGHT="67"
                          WIDTH="154"
                          VPOS="2006"
                          HPOS="1747"
                          CONTENT="accidit"/>
                  <SP HEIGHT="67" WIDTH="14" VPOS="2006" HPOS="1901"/>
                  <String HEIGHT="67"
                          WIDTH="140"
                          VPOS="2006"
                          HPOS="1845"
                          CONTENT="scilicet"/>
               </TextLine>
               <TextLine ID="r4l43"
                         BASELINE="2121"
                         HEIGHT="70"
                         WIDTH="698"
                         VPOS="2051"
                         HPOS="1281">
                  <String HEIGHT="70"
                          WIDTH="192"
                          VPOS="2051"
                          HPOS="1267"
                          CONTENT="identitati"/>
                  <SP HEIGHT="70" WIDTH="14" VPOS="2051" HPOS="1459"/>
                  <String HEIGHT="70"
                          WIDTH="192"
                          VPOS="2051"
                          HPOS="1418"
                          CONTENT="disparate."/>
                  <SP HEIGHT="70" WIDTH="14" VPOS="2051" HPOS="1609"/>
                  <String HEIGHT="70"
                          WIDTH="123"
                          VPOS="2051"
                          HPOS="1568"
                          CONTENT="sicut"/>
                  <SP HEIGHT="70" WIDTH="14" VPOS="2051" HPOS="1692"/>
                  <String HEIGHT="70"
                          WIDTH="123"
                          VPOS="2051"
                          HPOS="1651"
                          CONTENT="prius"/>
                  <SP HEIGHT="70" WIDTH="14" VPOS="2051" HPOS="1774"/>
                  <String HEIGHT="70"
                          WIDTH="151"
                          VPOS="2051"
                          HPOS="1733"
                          CONTENT="argutum"/>
                  <SP HEIGHT="70" WIDTH="14" VPOS="2051" HPOS="1883"/>
                  <String HEIGHT="70"
                          WIDTH="109"
                          VPOS="2051"
                          HPOS="1842"
                          CONTENT="est."/>
                  <SP HEIGHT="70" WIDTH="14" VPOS="2051" HPOS="1952"/>
                  <String HEIGHT="70"
                          WIDTH="82"
                          VPOS="2051"
                          HPOS="1897"
                          CONTENT="ergo"/>
               </TextLine>
               <TextLine ID="r4l44"
                         BASELINE="2164"
                         HEIGHT="63"
                         WIDTH="688"
                         VPOS="2101"
                         HPOS="1290">
                  <String HEIGHT="63"
                          WIDTH="132"
                          VPOS="2101"
                          HPOS="1277"
                          CONTENT="prmnis"/>
                  <SP HEIGHT="63" WIDTH="13" VPOS="2101" HPOS="1409"/>
                  <String HEIGHT="63"
                          WIDTH="172"
                          VPOS="2101"
                          HPOS="1369"
                          CONTENT="identitas"/>
                  <SP HEIGHT="63" WIDTH="13" VPOS="2101" HPOS="1541"/>
                  <String HEIGHT="63"
                          WIDTH="93"
                          VPOS="2101"
                          HPOS="1502"
                          CONTENT="est"/>
                  <SP HEIGHT="63" WIDTH="13" VPOS="2101" HPOS="1594"/>
                  <String HEIGHT="63"
                          WIDTH="119"
                          VPOS="2101"
                          HPOS="1555"
                          CONTENT="eadem"/>
                  <SP HEIGHT="63" WIDTH="13" VPOS="2101" HPOS="1674"/>
                  <String HEIGHT="63"
                          WIDTH="106"
                          VPOS="2101"
                          HPOS="1634"
                          CONTENT="illi"/>
                  <SP HEIGHT="63" WIDTH="13" VPOS="2101" HPOS="1740"/>
                  <String HEIGHT="63"
                          WIDTH="172"
                          VPOS="2101"
                          HPOS="1700"
                          CONTENT="idetitati"/>
                  <SP HEIGHT="63" WIDTH="13" VPOS="2101" HPOS="1872"/>
                  <String HEIGHT="63"
                          WIDTH="93"
                          VPOS="2101"
                          HPOS="1832"
                          CONTENT="que"/>
                  <SP HEIGHT="63" WIDTH="13" VPOS="2101" HPOS="1925"/>
                  <String HEIGHT="63"
                          WIDTH="93"
                          VPOS="2101"
                          HPOS="1885"
                          CONTENT="est"/>
                  <SP HEIGHT="63" WIDTH="13" VPOS="2101" HPOS="1978"/>
                  <String HEIGHT="63" WIDTH="53" VPOS="2101" HPOS="1925" CONTENT="a."/>
               </TextLine>
               <TextLine ID="r4l45"
                         BASELINE="2211"
                         HEIGHT="76"
                         WIDTH="705"
                         VPOS="2135"
                         HPOS="1283">
                  <String HEIGHT="76"
                          WIDTH="91"
                          VPOS="2135"
                          HPOS="1270"
                          CONTENT="per"/>
                  <SP HEIGHT="76" WIDTH="13" VPOS="2135" HPOS="1361"/>
                  <String HEIGHT="76"
                          WIDTH="118"
                          VPOS="2135"
                          HPOS="1322"
                          CONTENT="aliam"/>
                  <SP HEIGHT="76" WIDTH="13" VPOS="2135" HPOS="1440"/>
                  <String HEIGHT="76"
                          WIDTH="196"
                          VPOS="2135"
                          HPOS="1401"
                          CONTENT="identitatem"/>
                  <SP HEIGHT="76" WIDTH="13" VPOS="2135" HPOS="1596"/>
                  <String HEIGHT="76"
                          WIDTH="104"
                          VPOS="2135"
                          HPOS="1557"
                          CONTENT="sibi"/>
                  <SP HEIGHT="76" WIDTH="13" VPOS="2135" HPOS="1662"/>
                  <String HEIGHT="76"
                          WIDTH="157"
                          VPOS="2135"
                          HPOS="1622"
                          CONTENT="additam."/>
                  <SP HEIGHT="76" WIDTH="13" VPOS="2135" HPOS="1779"/>
                  <String HEIGHT="76" WIDTH="78" VPOS="2135" HPOS="1740" CONTENT="et"/>
                  <SP HEIGHT="76" WIDTH="13" VPOS="2135" HPOS="1818"/>
                  <String HEIGHT="76"
                          WIDTH="91"
                          VPOS="2135"
                          HPOS="1779"
                          CONTENT="ita"/>
                  <SP HEIGHT="76" WIDTH="13" VPOS="2135" HPOS="1871"/>
                  <String HEIGHT="76"
                          WIDTH="104"
                          VPOS="2135"
                          HPOS="1831"
                          CONTENT="stat"/>
                  <SP HEIGHT="76" WIDTH="13" VPOS="2135" HPOS="1936"/>
                  <String HEIGHT="76"
                          WIDTH="104"
                          VPOS="2135"
                          HPOS="1884"
                          CONTENT="primum"/>
               </TextLine>
               <TextLine ID="r4l46"
                         BASELINE="2253"
                         HEIGHT="71"
                         WIDTH="701"
                         VPOS="2182"
                         HPOS="1278">
                  <String HEIGHT="71"
                          WIDTH="206"
                          VPOS="2182"
                          HPOS="1264"
                          CONTENT="argumentum."/>
                  <SP HEIGHT="71" WIDTH="14" VPOS="2182" HPOS="1470"/>
                  <String HEIGHT="71" WIDTH="69" VPOS="2182" HPOS="1429" CONTENT="⁋"/>
                  <SP HEIGHT="71" WIDTH="14" VPOS="2182" HPOS="1498"/>
                  <String HEIGHT="71" WIDTH="82" VPOS="2182" HPOS="1457" CONTENT="Si"/>
                  <SP HEIGHT="71" WIDTH="14" VPOS="2182" HPOS="1539"/>
                  <String HEIGHT="71"
                          WIDTH="151"
                          VPOS="2182"
                          HPOS="1498"
                          CONTENT="dicatur"/>
                  <SP HEIGHT="71" WIDTH="14" VPOS="2182" HPOS="1649"/>
                  <String HEIGHT="71"
                          WIDTH="110"
                          VPOS="2182"
                          HPOS="1608"
                          CONTENT="quod"/>
                  <SP HEIGHT="71" WIDTH="14" VPOS="2182" HPOS="1718"/>
                  <String HEIGHT="71"
                          WIDTH="179"
                          VPOS="2182"
                          HPOS="1677"
                          CONTENT="identitas"/>
                  <SP HEIGHT="71" WIDTH="14" VPOS="2182" HPOS="1855"/>
                  <String HEIGHT="71"
                          WIDTH="96"
                          VPOS="2182"
                          HPOS="1814"
                          CONTENT="non"/>
                  <SP HEIGHT="71" WIDTH="14" VPOS="2182" HPOS="1910"/>
                  <String HEIGHT="71"
                          WIDTH="124"
                          VPOS="2182"
                          HPOS="1855"
                          CONTENT="vnifor"
                          SUBS_TYPE="HypPart1"
                          SUBS_CONTENT="vniformiter"/>
                  <HYP CONTENT="-"/>
               </TextLine>
               <TextLine ID="r4l47"
                         BASELINE="2292"
                         HEIGHT="66"
                         WIDTH="692"
                         VPOS="2226"
                         HPOS="1290">
                  <String HEIGHT="66"
                          WIDTH="122"
                          VPOS="2226"
                          HPOS="1276"
                          CONTENT="miter"
                          SUBS_TYPE="HypPart2"
                          SUBS_CONTENT="vniformiter"/>
                  <SP HEIGHT="66" WIDTH="14" VPOS="2226" HPOS="1399"/>
                  <String HEIGHT="66"
                          WIDTH="163"
                          VPOS="2226"
                          HPOS="1358"
                          CONTENT="conuenit"/>
                  <SP HEIGHT="66" WIDTH="14" VPOS="2226" HPOS="1521"/>
                  <String HEIGHT="66"
                          WIDTH="149"
                          VPOS="2226"
                          HPOS="1480"
                          CONTENT="talibus"/>
                  <SP HEIGHT="66" WIDTH="14" VPOS="2226" HPOS="1629"/>
                  <String HEIGHT="66"
                          WIDTH="231"
                          VPOS="2226"
                          HPOS="1589"
                          CONTENT="identitatibus"/>
                  <SP HEIGHT="66" WIDTH="14" VPOS="2226" HPOS="1819"/>
                  <String HEIGHT="66" WIDTH="81" VPOS="2226" HPOS="1778" CONTENT="ad"/>
                  <SP HEIGHT="66" WIDTH="14" VPOS="2226" HPOS="1860"/>
                  <String HEIGHT="66"
                          WIDTH="136"
                          VPOS="2226"
                          HPOS="1819"
                          CONTENT="ipsum."/>
                  <SP HEIGHT="66" WIDTH="14" VPOS="2226" HPOS="1955"/>
                  <String HEIGHT="66"
                          WIDTH="81"
                          VPOS="2226"
                          HPOS="1901"
                          CONTENT="quia"/>
               </TextLine>
               <TextLine ID="r4l48"
                         BASELINE="2328"
                         HEIGHT="52"
                         WIDTH="682"
                         VPOS="2276"
                         HPOS="1296">
                  <String HEIGHT="52"
                          WIDTH="82"
                          VPOS="2276"
                          HPOS="1284"
                          CONTENT="vna"/>
                  <SP HEIGHT="52" WIDTH="12" VPOS="2276" HPOS="1367"/>
                  <String HEIGHT="52"
                          WIDTH="141"
                          VPOS="2276"
                          HPOS="1331"
                          CONTENT="illarum."/>
                  <SP HEIGHT="52" WIDTH="12" VPOS="2276" HPOS="1472"/>
                  <String HEIGHT="52"
                          WIDTH="141"
                          VPOS="2276"
                          HPOS="1437"
                          CONTENT="scilicet"/>
                  <SP HEIGHT="52" WIDTH="12" VPOS="2276" HPOS="1578"/>
                  <String HEIGHT="52"
                          WIDTH="153"
                          VPOS="2276"
                          HPOS="1543"
                          CONTENT="disparata"/>
                  <SP HEIGHT="52" WIDTH="12" VPOS="2276" HPOS="1696"/>
                  <String HEIGHT="52"
                          WIDTH="82"
                          VPOS="2276"
                          HPOS="1661"
                          CONTENT="est"/>
                  <SP HEIGHT="52" WIDTH="12" VPOS="2276" HPOS="1743"/>
                  <String HEIGHT="52"
                          WIDTH="106"
                          VPOS="2276"
                          HPOS="1708"
                          CONTENT="eadem"/>
                  <SP HEIGHT="52" WIDTH="12" VPOS="2276" HPOS="1813"/>
                  <String HEIGHT="52"
                          WIDTH="82"
                          VPOS="2276"
                          HPOS="1778"
                          CONTENT="per"/>
                  <SP HEIGHT="52" WIDTH="12" VPOS="2276" HPOS="1860"/>
                  <String HEIGHT="52"
                          WIDTH="106"
                          VPOS="2276"
                          HPOS="1825"
                          CONTENT="aliam"/>
                  <SP HEIGHT="52" WIDTH="12" VPOS="2276" HPOS="1931"/>
                  <String HEIGHT="52"
                          WIDTH="94"
                          VPOS="2276"
                          HPOS="1884"
                          CONTENT="identi"/>
               </TextLine>
               <TextLine ID="r4l49"
                         BASELINE="2376"
                         HEIGHT="63"
                         WIDTH="700"
                         VPOS="2313"
                         HPOS="1281">
                  <String HEIGHT="63"
                          WIDTH="117"
                          VPOS="2313"
                          HPOS="1269"
                          CONTENT="tatem."/>
                  <SP HEIGHT="63" WIDTH="12" VPOS="2313" HPOS="1386"/>
                  <String HEIGHT="63"
                          WIDTH="93"
                          VPOS="2313"
                          HPOS="1351"
                          CONTENT="quia"/>
                  <SP HEIGHT="63" WIDTH="12" VPOS="2313" HPOS="1444"/>
                  <String HEIGHT="63"
                          WIDTH="117"
                          VPOS="2313"
                          HPOS="1409"
                          CONTENT="potest"/>
                  <SP HEIGHT="63" WIDTH="12" VPOS="2313" HPOS="1526"/>
                  <String HEIGHT="63"
                          WIDTH="93"
                          VPOS="2313"
                          HPOS="1491"
                          CONTENT="esse"/>
                  <SP HEIGHT="63" WIDTH="12" VPOS="2313" HPOS="1584"/>
                  <String HEIGHT="63"
                          WIDTH="93"
                          VPOS="2313"
                          HPOS="1549"
                          CONTENT="sine"/>
                  <SP HEIGHT="63" WIDTH="12" VPOS="2313" HPOS="1643"/>
                  <String HEIGHT="63"
                          WIDTH="105"
                          VPOS="2313"
                          HPOS="1608"
                          CONTENT="illa."/>
                  <SP HEIGHT="63" WIDTH="12" VPOS="2313" HPOS="1713"/>
                  <String HEIGHT="63" WIDTH="70" VPOS="2313" HPOS="1678" CONTENT="et"/>
                  <SP HEIGHT="63" WIDTH="12" VPOS="2313" HPOS="1748"/>
                  <String HEIGHT="63"
                          WIDTH="163"
                          VPOS="2313"
                          HPOS="1713"
                          CONTENT="econuerso."/>
                  <SP HEIGHT="63" WIDTH="12" VPOS="2313" HPOS="1876"/>
                  <String HEIGHT="63" WIDTH="70" VPOS="2313" HPOS="1841" CONTENT="et"/>
                  <SP HEIGHT="63" WIDTH="12" VPOS="2313" HPOS="1911"/>
                  <String HEIGHT="63"
                          WIDTH="93"
                          VPOS="2313"
                          HPOS="1876"
                          CONTENT="alia"/>
                  <SP HEIGHT="63" WIDTH="12" VPOS="2313" HPOS="1969"/>
                  <String HEIGHT="63"
                          WIDTH="58"
                          VPOS="2313"
                          HPOS="1923"
                          CONTENT="est"/>
               </TextLine>
               <TextLine ID="r4l50"
                         BASELINE="2416"
                         HEIGHT="59"
                         WIDTH="701"
                         VPOS="2357"
                         HPOS="1281">
                  <String HEIGHT="59"
                          WIDTH="124"
                          VPOS="2357"
                          HPOS="1267"
                          CONTENT="eadem"/>
                  <SP HEIGHT="59" WIDTH="14" VPOS="2357" HPOS="1391"/>
                  <String HEIGHT="59"
                          WIDTH="151"
                          VPOS="2357"
                          HPOS="1350"
                          CONTENT="seipsa."/>
                  <SP HEIGHT="59" WIDTH="14" VPOS="2357" HPOS="1501"/>
                  <String HEIGHT="59"
                          WIDTH="110"
                          VPOS="2357"
                          HPOS="1460"
                          CONTENT="quia"/>
                  <SP HEIGHT="59" WIDTH="14" VPOS="2357" HPOS="1570"/>
                  <String HEIGHT="59"
                          WIDTH="96"
                          VPOS="2357"
                          HPOS="1528"
                          CONTENT="non"/>
                  <SP HEIGHT="59" WIDTH="14" VPOS="2357" HPOS="1625"/>
                  <String HEIGHT="59"
                          WIDTH="137"
                          VPOS="2357"
                          HPOS="1583"
                          CONTENT="potest"/>
                  <SP HEIGHT="59" WIDTH="14" VPOS="2357" HPOS="1721"/>
                  <String HEIGHT="59"
                          WIDTH="110"
                          VPOS="2357"
                          HPOS="1680"
                          CONTENT="esse"/>
                  <SP HEIGHT="59" WIDTH="14" VPOS="2357" HPOS="1790"/>
                  <String HEIGHT="59"
                          WIDTH="110"
                          VPOS="2357"
                          HPOS="1748"
                          CONTENT="sine"/>
                  <SP HEIGHT="59" WIDTH="14" VPOS="2357" HPOS="1858"/>
                  <String HEIGHT="59"
                          WIDTH="96"
                          VPOS="2357"
                          HPOS="1817"
                          CONTENT="ea."/>
                  <SP HEIGHT="59" WIDTH="14" VPOS="2357" HPOS="1913"/>
                  <String HEIGHT="59"
                          WIDTH="96"
                          VPOS="2357"
                          HPOS="1872"
                          CONTENT="hoc"/>
                  <SP HEIGHT="59" WIDTH="14" VPOS="2357" HPOS="1968"/>
                  <String HEIGHT="59"
                          WIDTH="69"
                          VPOS="2357"
                          HPOS="1913"
                          CONTENT="non"/>
               </TextLine>
               <TextLine ID="r4l51"
                         BASELINE="2465"
                         HEIGHT="67"
                         WIDTH="708"
                         VPOS="2398"
                         HPOS="1283">
                  <String HEIGHT="67"
                          WIDTH="161"
                          VPOS="2398"
                          HPOS="1271"
                          CONTENT="sufficit."/>
                  <SP HEIGHT="67" WIDTH="12" VPOS="2398" HPOS="1432"/>
                  <String HEIGHT="67"
                          WIDTH="161"
                          VPOS="2398"
                          HPOS="1395"
                          CONTENT="diceretur"/>
                  <SP HEIGHT="67" WIDTH="12" VPOS="2398" HPOS="1556"/>
                  <String HEIGHT="67"
                          WIDTH="99"
                          VPOS="2398"
                          HPOS="1519"
                          CONTENT="enim"/>
                  <SP HEIGHT="67" WIDTH="12" VPOS="2398" HPOS="1618"/>
                  <String HEIGHT="67"
                          WIDTH="87"
                          VPOS="2398"
                          HPOS="1581"
                          CONTENT="ita"/>
                  <SP HEIGHT="67" WIDTH="12" VPOS="2398" HPOS="1668"/>
                  <String HEIGHT="67"
                          WIDTH="161"
                          VPOS="2398"
                          HPOS="1631"
                          CONTENT="faciliter"/>
                  <SP HEIGHT="67" WIDTH="12" VPOS="2398" HPOS="1792"/>
                  <String HEIGHT="67"
                          WIDTH="99"
                          VPOS="2398"
                          HPOS="1755"
                          CONTENT="quod"/>
                  <SP HEIGHT="67" WIDTH="12" VPOS="2398" HPOS="1854"/>
                  <String HEIGHT="67"
                          WIDTH="137"
                          VPOS="2398"
                          HPOS="1817"
                          CONTENT="relatio"/>
                  <SP HEIGHT="67" WIDTH="12" VPOS="2398" HPOS="1954"/>
                  <String HEIGHT="67"
                          WIDTH="87"
                          VPOS="2398"
                          HPOS="1904"
                          CONTENT="effe"
                          SUBS_TYPE="HypPart1"
                          SUBS_CONTENT="effectus"/>
                  <HYP CONTENT="-"/>
               </TextLine>
               <TextLine ID="r4l52"
                         BASELINE="2516"
                         HEIGHT="69"
                         WIDTH="697"
                         VPOS="2447"
                         HPOS="1287">
                  <String HEIGHT="69"
                          WIDTH="130"
                          VPOS="2447"
                          HPOS="1271"
                          CONTENT="ctus"
                          SUBS_TYPE="HypPart2"
                          SUBS_CONTENT="effectus"/>
                  <SP HEIGHT="69" WIDTH="16" VPOS="2447" HPOS="1400"/>
                  <String HEIGHT="69" WIDTH="97" VPOS="2447" HPOS="1352" CONTENT="ad"/>
                  <SP HEIGHT="69" WIDTH="16" VPOS="2447" HPOS="1449"/>
                  <String HEIGHT="69"
                          WIDTH="162"
                          VPOS="2447"
                          HPOS="1400"
                          CONTENT="primam"/>
                  <SP HEIGHT="69" WIDTH="16" VPOS="2447" HPOS="1563"/>
                  <String HEIGHT="69"
                          WIDTH="162"
                          VPOS="2447"
                          HPOS="1514"
                          CONTENT="causam"/>
                  <SP HEIGHT="69" WIDTH="16" VPOS="2447" HPOS="1676"/>
                  <String HEIGHT="69"
                          WIDTH="113"
                          VPOS="2447"
                          HPOS="1627"
                          CONTENT="non"/>
                  <SP HEIGHT="69" WIDTH="16" VPOS="2447" HPOS="1741"/>
                  <String HEIGHT="69"
                          WIDTH="243"
                          VPOS="2447"
                          HPOS="1692"
                          CONTENT="vniformiter"/>
                  <SP HEIGHT="69" WIDTH="16" VPOS="2447" HPOS="1935"/>
                  <String HEIGHT="69"
                          WIDTH="113"
                          VPOS="2447"
                          HPOS="1871"
                          CONTENT="conuo"/>
               </TextLine>
               <TextLine ID="r4l53"
                         BASELINE="2550"
                         HEIGHT="58"
                         WIDTH="697"
                         VPOS="2492"
                         HPOS="1290">
                  <String HEIGHT="58"
                          WIDTH="104"
                          VPOS="2492"
                          HPOS="1275"
                          CONTENT="nit"/>
                  <SP HEIGHT="58" WIDTH="15" VPOS="2492" HPOS="1379"/>
                  <String HEIGHT="58"
                          WIDTH="119"
                          VPOS="2492"
                          HPOS="1334"
                          CONTENT="omni"/>
                  <SP HEIGHT="58" WIDTH="15" VPOS="2492" HPOS="1453"/>
                  <String HEIGHT="58"
                          WIDTH="193"
                          VPOS="2492"
                          HPOS="1409"
                          CONTENT="creature."/>
                  <SP HEIGHT="58" WIDTH="15" VPOS="2492" HPOS="1601"/>
                  <String HEIGHT="58"
                          WIDTH="119"
                          VPOS="2492"
                          HPOS="1557"
                          CONTENT="quia"/>
                  <SP HEIGHT="58" WIDTH="15" VPOS="2492" HPOS="1676"/>
                  <String HEIGHT="58"
                          WIDTH="163"
                          VPOS="2492"
                          HPOS="1631"
                          CONTENT="couenit"/>
                  <SP HEIGHT="58" WIDTH="15" VPOS="2492" HPOS="1794"/>
                  <String HEIGHT="58"
                          WIDTH="178"
                          VPOS="2492"
                          HPOS="1750"
                          CONTENT="creature"/>
                  <SP HEIGHT="58" WIDTH="15" VPOS="2492" HPOS="1928"/>
                  <String HEIGHT="58"
                          WIDTH="119"
                          VPOS="2492"
                          HPOS="1868"
                          CONTENT="absolu"/>
               </TextLine>
               <TextLine ID="r4l54"
                         BASELINE="2603"
                         HEIGHT="68"
                         WIDTH="700"
                         VPOS="2535"
                         HPOS="1284">
                  <String HEIGHT="68" WIDTH="79" VPOS="2535" HPOS="1271" CONTENT="te"/>
                  <SP HEIGHT="68" WIDTH="13" VPOS="2535" HPOS="1350"/>
                  <String HEIGHT="68"
                          WIDTH="158"
                          VPOS="2535"
                          HPOS="1310"
                          CONTENT="mediante"/>
                  <SP HEIGHT="68" WIDTH="13" VPOS="2535" HPOS="1469"/>
                  <String HEIGHT="68"
                          WIDTH="172"
                          VPOS="2535"
                          HPOS="1429"
                          CONTENT="relatione"/>
                  <SP HEIGHT="68" WIDTH="13" VPOS="2535" HPOS="1601"/>
                  <String HEIGHT="68"
                          WIDTH="92"
                          VPOS="2535"
                          HPOS="1561"
                          CONTENT="que"/>
                  <SP HEIGHT="68" WIDTH="13" VPOS="2535" HPOS="1654"/>
                  <String HEIGHT="68"
                          WIDTH="92"
                          VPOS="2535"
                          HPOS="1614"
                          CONTENT="sit"/>
                  <SP HEIGHT="68" WIDTH="13" VPOS="2535" HPOS="1707"/>
                  <String HEIGHT="68"
                          WIDTH="106"
                          VPOS="2535"
                          HPOS="1667"
                          CONTENT="alia"/>
                  <SP HEIGHT="68" WIDTH="13" VPOS="2535" HPOS="1773"/>
                  <String HEIGHT="68"
                          WIDTH="106"
                          VPOS="2535"
                          HPOS="1733"
                          CONTENT="res."/>
                  <SP HEIGHT="68" WIDTH="13" VPOS="2535" HPOS="1839"/>
                  <String HEIGHT="68"
                          WIDTH="92"
                          VPOS="2535"
                          HPOS="1799"
                          CONTENT="sed"/>
                  <SP HEIGHT="68" WIDTH="13" VPOS="2535" HPOS="1892"/>
                  <String HEIGHT="68"
                          WIDTH="145"
                          VPOS="2535"
                          HPOS="1839"
                          CONTENT="creatures"/>
               </TextLine>
               <TextLine ID="r4l55"
                         BASELINE="2646"
                         HEIGHT="74"
                         WIDTH="707"
                         VPOS="2572"
                         HPOS="1292">
                  <String HEIGHT="74"
                          WIDTH="99"
                          VPOS="2572"
                          HPOS="1278"
                          CONTENT="que"/>
                  <SP HEIGHT="74" WIDTH="14" VPOS="2572" HPOS="1377"/>
                  <String HEIGHT="74"
                          WIDTH="99"
                          VPOS="2572"
                          HPOS="1334"
                          CONTENT="est"/>
                  <SP HEIGHT="74" WIDTH="14" VPOS="2572" HPOS="1433"/>
                  <String HEIGHT="74"
                          WIDTH="156"
                          VPOS="2572"
                          HPOS="1391"
                          CONTENT="relatio"/>
                  <SP HEIGHT="74" WIDTH="14" VPOS="2572" HPOS="1547"/>
                  <String HEIGHT="74"
                          WIDTH="170"
                          VPOS="2572"
                          HPOS="1504"
                          CONTENT="conuenit"/>
                  <SP HEIGHT="74" WIDTH="14" VPOS="2572" HPOS="1674"/>
                  <String HEIGHT="74"
                          WIDTH="113"
                          VPOS="2572"
                          HPOS="1631"
                          CONTENT="sine"/>
                  <SP HEIGHT="74" WIDTH="14" VPOS="2572" HPOS="1744"/>
                  <String HEIGHT="74"
                          WIDTH="113"
                          VPOS="2572"
                          HPOS="1702"
                          CONTENT="tali"/>
                  <SP HEIGHT="74" WIDTH="14" VPOS="2572" HPOS="1815"/>
                  <String HEIGHT="74"
                          WIDTH="184"
                          VPOS="2572"
                          HPOS="1773"
                          CONTENT="relatione"/>
                  <SP HEIGHT="74" WIDTH="14" VPOS="2572" HPOS="1957"/>
                  <String HEIGHT="74"
                          WIDTH="99"
                          VPOS="2572"
                          HPOS="1900"
                          CONTENT="media"/>
               </TextLine>
               <TextLine ID="r4l56"
                         BASELINE="2697"
                         HEIGHT="72"
                         WIDTH="707"
                         VPOS="2625"
                         HPOS="1289">
                  <String HEIGHT="72"
                          WIDTH="120"
                          VPOS="2625"
                          HPOS="1274"
                          CONTENT="eque"/>
                  <SP HEIGHT="72" WIDTH="15" VPOS="2625" HPOS="1394"/>
                  <String HEIGHT="72"
                          WIDTH="120"
                          VPOS="2625"
                          HPOS="1349"
                          CONTENT="enim"/>
                  <SP HEIGHT="72" WIDTH="15" VPOS="2625" HPOS="1470"/>
                  <String HEIGHT="72"
                          WIDTH="196"
                          VPOS="2625"
                          HPOS="1424"
                          CONTENT="faciliter"/>
                  <SP HEIGHT="72" WIDTH="15" VPOS="2625" HPOS="1620"/>
                  <String HEIGHT="72"
                          WIDTH="165"
                          VPOS="2625"
                          HPOS="1575"
                          CONTENT="dicitur"/>
                  <SP HEIGHT="72" WIDTH="15" VPOS="2625" HPOS="1740"/>
                  <String HEIGHT="72"
                          WIDTH="120"
                          VPOS="2625"
                          HPOS="1695"
                          CONTENT="vnum"/>
                  <SP HEIGHT="72" WIDTH="15" VPOS="2625" HPOS="1815"/>
                  <String HEIGHT="72"
                          WIDTH="135"
                          VPOS="2625"
                          HPOS="1770"
                          CONTENT="sicut"/>
                  <SP HEIGHT="72" WIDTH="15" VPOS="2625" HPOS="1906"/>
                  <String HEIGHT="72"
                          WIDTH="150"
                          VPOS="2625"
                          HPOS="1846"
                          CONTENT="reliquu."/>
               </TextLine>
            </TextBlock>
         </PrintSpace>
      </Page>
   </Layout>
</alto>
