2223 3037
389 188 153 67 faciles
500 188 83 67 ad
542 188 194 67 soluendum.
695 188 69 67 ⁋
722 188 83 67 Ad
764 188 139 67 primam
861 188 167 67 dicerent
986 188 111 67 quod
1042 188 69 67 ma-

388 239 69 64 ior
427 239 69 64 est
467 239 88 64 vera.
525 239 78 64 quia
574 239 69 64 si.
613 239 59 64 a.
643 239 78 64 est.
692 239 59 64 et
721 239 59 64 b.
751 239 69 64 non
790 239 78 64 est.
839 239 118 64 sequitur
927 239 78 64 quod
976 239 69 64 non
1015 239 78 64 sunt
1054 239 59 64 idem

387 287 154 59 realiter.
506 287 71 59 Ad
541 287 130 59 minorem
636 287 118 59 quando
719 287 130 59 dicitur
813 287 95 59 quod
872 287 107 59 multe
943 287 95 59 sunt
991 287 118 59 relatio.

392 341 82 51 nes
439 341 117 51 absque
521 341 117 51 quibus
603 341 129 51 possunt
696 341 93 51 esse
755 341 175 51 fundamenta.
895 341 140 51 dicerent
1000 341 93 51 quod
1047 341 58 51 pro

387 390 116 53 prie
459 390 87 53 et
502 390 87 53 de
546 390 159 53 virtute
662 390 174 53 sermonis
792 390 174 53 loquendo
923 390 101 53 hoc
981 390 101 53 est
1024 390 87 53 veru

379 423 89 55 qui
430 423 177 55 relationes
569 423 89 55 non
620 423 101 55 sunt
683 423 101 55 nisi
747 423 190 55 intentiones
899 423 89 55 vel
949 423 165 55 conceptus
1063 423 51 55 in

392 464 112 58 anima.
470 464 67 58 et
503 464 89 58 iste
559 464 100 58 certe
626 464 78 58 non
671 464 89 58 sunt
727 464 89 58 idem
782 464 78 58 cum
827 464 100 58 rebus
894 464 112 58 extra.
972 464 67 58 et
1006 464 89 58 ideo
1050 464 56 58 non

387 503 169 64 concludit
517 503 104 64 quod
583 503 104 64 sint
648 503 143 64 extrema
752 503 156 64 realiter
869 503 183 64 distincte.
1013 503 65 64 ⁋
1039 503 78 64 Et
1065 503 52 64 si

393 548 116 65 dicatur
478 548 84 65 quod
530 548 74 65 hoc
572 548 95 65 album
635 548 105 65 potest
709 548 95 65 esse:
772 548 116 65 quamuis
856 548 74 65 non
899 548 74 65 sit
941 548 105 65 simile
1014 548 63 65 et
1035 548 74 65 tamen

380 594 102 65 potest
451 594 92 65 fieri
513 594 113 65 simile.
595 594 82 65 ergo
646 594 82 65 tunc
697 594 92 65 habet
759 594 113 65 aliquid
841 594 82 65 quod
892 594 72 65 non
933 594 102 65 habuit
1004 594 102 65 quando
1066 594 51 65 non

385 639 93 53 erat
443 639 128 53 simile.
536 639 70 53 Ad
571 639 104 53 illud
641 639 139 53 dicerent
745 639 162 53 faciliter.
873 639 93 53 quod
931 639 81 53 hoc
977 639 104 53 album
1035 639 70 53 quod

393 691 86 51 modo
447 691 75 51 non
490 691 75 51 est
533 691 107 51 simile
608 691 107 51 potest
683 691 97 51 fieri
748 691 107 51 simile
823 691 75 51 non
866 691 75 51 per
909 691 129 51 aduentum
995 691 107 51 alicuius

381 727 80 65 rei
426 727 103 65 sibi.
495 727 80 65 sed
541 727 80 65 per
586 727 80 65 hoc
632 727 103 65 solum
701 727 91 65 quod
758 727 80 65 fit
803 727 91 65 vnum
861 727 103 65 aliud
929 727 114 65 album.
1009 727 91 65 quia
1066 727 69 65 ad

394 769 74 62 hoc
437 769 84 62 quod
489 769 74 62 sit
531 769 105 62 simile
605 769 63 62 et
636 769 95 62 prius
699 769 74 62 non
741 769 84 62 fuit
794 769 105 62 simile
867 769 74 62 non
909 769 147 62 requiritur
1025 769 84 62 plus
1067 769 42 62 ni

392 813 71 63 si
428 813 94 63 quod
487 813 130 63 aliquid
581 813 94 63 modo
640 813 83 63 sit
687 813 106 63 album
758 813 94 63 quod
817 813 106 63 prius
888 813 83 63 non
935 813 94 63 fuit
994 813 118 63 album.
1065 813 47 63 Et

381 860 73 53 si
417 860 134 53 dicatur
515 860 98 53 quod
576 860 171 53 similitudo
711 860 86 53 est
760 860 73 53 in
796 860 86 53 hoc
845 860 110 53 albo.
918 860 73 53 et
955 860 110 53 illud
1028 860 110 53 aliud

389 903 117 57 album
467 903 91 57 non
519 903 91 57 est
571 903 78 57 in
610 903 91 57 hoc
662 903 104 57 albo
727 903 104 57 ergo
792 903 182 57 similitudo
935 903 117 57 dicit
1000 903 117 57 aliquid

393 948 128 56 aliud
478 948 114 56 quam
549 948 100 56 hoc
606 948 128 56 album
691 948 85 56 et
734 948 128 56 illud
819 948 142 56 album.
919 948 85 56 Ad
962 948 128 56 istud
1033 948 85 56 dico

392 992 100 63 quod
455 992 138 63 proprie
556 992 151 63 loquendo
669 992 75 63 et
706 992 75 63 de
744 992 138 63 virtute
844 992 151 63 sermonis
957 992 88 63 non
1008 992 88 63 est
1045 992 63 63 con

397 1044 137 50 cedendum
499 1044 91 50 quod
556 1044 159 50 similitudo
681 1044 80 50 est
727 1044 68 50 in
761 1044 80 50 hoc
807 1044 91 50 albo
863 1044 91 50 quia
920 1044 125 50 proprie
1000 1044 114 50 loquendo

406 1077 154 62 similitudo
527 1077 77 62 non
571 1077 77 62 est
616 1077 88 62 nisi
671 1077 110 62 quadam
748 1077 143 62 conceptus
858 1077 77 62 vel
902 1077 132 62 intentio
1002 1077 77 62 vel
1035 1077 77 62 nomen

393 1120 109 64 quod
462 1120 164 64 importat
585 1120 123 64 plura
666 1120 123 64 alba.
748 1120 109 64 Unde
817 1120 123 64 sicut
899 1120 109 64 alii
967 1120 137 64 habent
1049 1120 68 64 di-

400 1172 103 53 cere.
468 1172 92 53 quod
526 1172 161 53 causalitas
652 1172 80 53 non
698 1172 80 53 est
744 1172 138 53 realiter
847 1172 69 53 in
882 1172 80 53 deo
928 1172 126 53 quamuis
1020 1172 92 53 deus
1066 1172 57 53 sit

396 1205 162 67 realiter
518 1205 203 67 causatiuus.
680 1205 95 67 vel
734 1205 149 67 ponatur
842 1205 108 67 vnum
910 1205 189 67 abstractum
1045 1205 81 67 cor-

396 1256 212 60 respondens
563 1256 167 60 creanti
684 1256 137 60 sicut
775 1256 228 60 creatiuitas
942 1256 182 60 correspon-

394 1299 88 53 det
445 1299 163 53 creatiuo.
570 1299 75 53 et
608 1299 138 53 ponatur
708 1299 100 53 quod
771 1299 88 53 sit
821 1299 138 53 creatio
921 1299 75 53 et
959 1299 100 53 tunc
1022 1299 88 53 non
1059 1299 63 53 est

405 1344 103 59 verum
473 1344 115 59 dicere
554 1344 92 59 quod
611 1344 126 59 creatio
703 1344 80 59 est
749 1344 138 59 realiter
853 1344 69 59 in
887 1344 92 59 deo.
945 1344 92 59 quia
1002 1344 92 59 tunc
1048 1344 69 59 deus

394 1384 139 72 aliquid
496 1384 152 72 realiter
610 1384 139 72 haberet
711 1384 76 72 in
749 1384 76 72 se
787 1384 101 72 quod
850 1384 114 72 prius
926 1384 89 72 non
977 1384 139 72 habuit.
1066 1384 63 72 nam

413 1430 104 58 ante
478 1430 117 58 mundi
556 1430 183 58 creationem
700 1430 91 58 hec
752 1430 104 58 fuit
817 1430 117 58 falsa
895 1430 143 58 creatio
1000 1430 91 58 est
1039 1430 78 58 deus

401 1472 85 55 vel
449 1472 169 55 econuerso.
582 1472 109 55 Eodem
655 1472 121 55 momodo
740 1472 97 55 dico
800 1472 97 55 quod
861 1472 133 55 proprie
958 1472 145 55 loquendo
1054 1472 61 55 hoc

402 1517 158 59 similitudo
526 1517 79 59 non
571 1517 79 59 est
616 1517 68 59 in
650 1517 79 59 hoc
695 1517 90 59 albo
751 1517 101 59 sicut
819 1517 90 59 enim
875 1517 158 59 conceditur
999 1517 90 59 quod
1044 1517 68 59 deus

408 1566 145 53 realiter
517 1566 85 53 est
565 1566 158 53 creatiuus
687 1566 85 53 vel
735 1566 133 53 creans:
832 1566 133 53 quamuis
929 1566 133 53 creatio
1026 1566 85 53 non
1062 1566 61 53 sit

402 1605 132 58 realiter
501 1605 66 58 in
534 1605 88 58 deo.
589 1605 77 58 ita
633 1605 99 58 debet
699 1605 121 58 concedi
788 1605 88 58 quod
843 1605 77 58 hoc
887 1605 99 58 album
953 1605 77 58 est
997 1605 132 58 realiter
1085 1605 44 58 si

401 1650 114 57 mile.
477 1650 140 57 quamuis
579 1650 178 57 similitudo
718 1650 89 57 non
769 1650 89 57 sit
820 1650 76 57 in
858 1650 89 57 hoc
909 1650 114 57 albo.
985 1650 101 57 Unde
1048 1650 114 57 illud

403 1694 179 59 argumentum
544 1694 128 59 probat
634 1694 167 59 equaliter
762 1694 103 59 quod
826 1694 141 59 creatio
929 1694 90 59 est
980 1694 103 59 alia
1044 1694 90 59 res
1083 1694 38 59 a

410 1740 87 55 deo
459 1740 62 55 a
484 1740 62 55 a
509 1740 162 55 creatura.
634 1740 100 55 quia
696 1740 87 55 non
746 1740 112 55 minus
821 1740 125 55 potest
908 1740 100 55 esse
970 1740 87 55 hoc
1020 1740 112 55 album
1082 1740 50 55 si

422 1782 99 60 mile
483 1782 99 60 sine
545 1782 198 60 similitudine
706 1782 99 60 quam
768 1782 124 60 potest
854 1782 99 60 deus
916 1782 124 60 creans
1002 1782 99 60 esse
1052 1782 74 60 sine

406 1822 157 63 creatione.
529 1822 67 63 et
563 1822 79 63 ita
608 1822 135 63 realiter
709 1822 79 63 est
754 1822 90 63 deus
811 1822 112 63 creans
889 1822 67 63 et
923 1822 112 63 potest
1002 1822 79 63 non
1047 1822 90 63 esse
1092 1822 56 63 cre

409 1869 85 48 ans.
463 1869 96 48 sicut
526 1869 74 48 hoc
569 1869 96 48 album
633 1869 74 48 est
675 1869 128 48 realiter
771 1869 106 48 simile
846 1869 64 48 et
878 1869 106 48 potest
952 1869 74 48 non
995 1869 85 48 esse
1037 1869 96 48 simile.

420 1913 85 62 Nec
469 1913 110 62 valet
542 1913 122 62 dicere
627 1913 98 62 quod
688 1913 134 62 creatio
786 1913 85 62 est
834 1913 159 62 respectus
956 1913 159 62 rationis.
1066 1913 61 62 tum

406 1950 74 61 qui
449 1950 85 61 eque
502 1950 138 61 faciliter
608 1950 138 61 diceretur
715 1950 85 61 quod
768 1950 149 61 similitudo
885 1950 74 61 est
927 1950 138 61 respectus
1023 1950 106 61 rationis

413 1999 60 55 et
443 1999 129 55 similiter
542 1999 149 55 paternitas.
662 1999 60 55 et
692 1999 70 55 sic
732 1999 60 55 de
762 1999 110 55 omnibus
841 1999 119 55 talibus.
931 1999 70 55 tum
971 1999 80 55 quia
1020 1999 90 55 sicut
1070 1999 60 55 post

412 2044 65 51 ea
445 2044 153 51 ostendetur
565 2044 76 51 non
608 2044 109 51 potest
684 2044 87 51 esse
739 2044 98 51 talis
804 2044 142 51 respectus
913 2044 142 51 rationis.
1022 2044 98 51 sicut
1077 2044 65 51 isti

422 2084 219 67 ymaginantur
598 2084 88 67 de
642 2084 219 67 respectibus
817 2084 73 67 ⁋
847 2084 88 67 Ad
890 2084 146 67 primam
978 2084 161 67 confirma-

425 2134 121 48 tione
505 2134 81 48 de
546 2134 216 48 compositione
721 2134 148 48 diceret
829 2134 135 48 forte.
923 2134 108 48 quod
977 2134 162 48 compositio

416 2181 91 49 non
468 2181 156 49 praecise
585 2181 117 49 dicit
663 2181 156 49 absoluta
781 2181 104 49 duo.
846 2181 104 49 puta
911 2181 156 49 materiam
1028 2181 78 49 et
1054 2181 78 49 for-

423 2218 83 55 mam
471 2218 83 55 sed
518 2218 107 55 dicit
590 2218 95 55 ista
649 2218 71 55 et
685 2218 95 55 quod
745 2218 107 55 nihil
816 2218 155 55 corporale
935 2218 83 55 sit
983 2218 119 55 medium
1055 2218 83 55 inter

410 2266 109 50 ista.
483 2266 73 50 et
519 2266 97 50 ideo
580 2266 109 50 forte
653 2266 146 50 dicerent
762 2266 97 50 quod
823 2266 85 50 non
871 2266 85 50 est
920 2266 158 50 possibile
1029 2266 97 50 formam

418 2306 91 53 esse
474 2306 68 53 et
508 2306 136 53 materiam
611 2306 102 53 esse.
679 2306 68 53 et
713 2306 91 53 quod
769 2306 102 53 nihil
838 2306 79 53 est
883 2306 113 53 medium
962 2306 148 53 corporale
1065 2306 79 53 inter

422 2360 102 54 ista.
490 2360 68 54 et
524 2360 102 54 tamen
592 2360 91 54 quod
649 2360 80 54 non
695 2360 80 54 sit
740 2360 171 54 compositum.
877 2360 91 54 Ista
934 2360 102 54 tamen
1002 2360 148 54 responsio
1104 2360 46 54 de

415 2390 205 54 clarabitur
577 2390 88 54 in
620 2390 220 54 sequentibus
796 2390 147 54 magis.
899 2390 73 54 ⁋
928 2390 103 54 Per
987 2390 117 54 idem
1045 2390 103 54 dice-

418 2436 105 60 rent
483 2436 79 60 ad
523 2436 157 60 secundam
641 2436 105 60 quod
706 2436 210 60 approximatio
877 2436 92 60 non
929 2436 131 60 tantum
1008 2436 131 60 importat

431 2479 103 54 illa
495 2479 90 54 duo
547 2479 167 54 absoluta.
675 2479 90 54 sed
727 2479 116 54 etiam
804 2479 154 54 importat
920 2479 103 54 quod
984 2479 116 54 nihil
1048 2479 90 54 impe-

425 2533 110 50 diens
498 2533 85 50 sit
547 2533 122 50 medium
632 2533 110 50 inter
705 2533 110 50 illa.
778 2533 73 50 et
815 2533 98 50 ideo
876 2533 122 50 quando
961 2533 110 50 nihil
1034 2533 85 50 est
1071 2533 61 50 me-

412 2575 111 75 dium
482 2575 125 75 inter
565 2575 111 75 illa
635 2575 223 75 impeditiuum.
816 2575 84 75 et
858 2575 111 75 illa
927 2575 125 75 sunt.
1011 2575 111 75 tunc
1066 2575 84 75 vnum

1199 190 139 61 poterit
1300 190 113 61 agere
1376 190 76 61 in
1414 190 164 61 reliquum.
1540 190 126 61 quando
1628 190 113 61 autem
1703 190 88 61 est
1754 190 139 61 aliquod
1842 190 88 61 impe-

1205 238 151 53 dimentum
1318 238 138 53 medium.
1419 238 100 53 tunc
1482 238 88 53 non
1532 238 138 53 oportet
1632 238 100 53 quod
1695 238 100 53 vnum
1758 238 100 53 agat
1821 238 75 53 in
1846 238 75 53 reli

1196 282 113 46 quum.
1272 282 100 46 Unde
1334 282 100 46 ista
1397 282 113 46 ratio
1472 282 88 46 est
1523 282 125 46 contra
1610 282 100 46 eos.
1673 282 100 46 quia
1736 282 138 46 accipio
1824 282 100 46 lumino

1202 322 91 54 sum
1254 322 78 54 et
1293 322 221 54 illuminabile.
1475 322 78 54 si
1514 322 143 54 aliquod
1617 322 130 54 corpus
1708 322 143 54 opnacum
1799 322 117 54 interpo

1191 367 130 52 nitur.
1282 367 130 52 certum
1373 367 91 52 est
1425 367 104 52 quod
1490 367 91 52 non
1542 367 117 52 agit.
1619 367 117 52 amoto
1697 367 104 52 aiet
1762 367 104 52 illo
1827 367 104 52 sine
1879 367 39 52 o

1195 420 193 48 acquisito
1343 420 178 48 luminoso
1477 420 104 48 vel
1536 420 237 48 illuminabili
1728 420 163 48 poterit
1832 420 89 48 illu

1202 455 138 53 minare.
1303 455 100 53 ergo
1366 455 163 53 possibile
1491 455 88 53 est
1541 455 100 53 quod
1604 455 126 53 aliqua
1692 455 88 53 duo
1742 455 88 53 sic
1792 455 75 53 se
1818 455 100 53 haben-

1201 505 111 47 quod
1271 505 111 47 vnum
1340 505 111 47 aget
1410 505 83 47 in
1451 505 167 47 reliquum
1576 505 153 47 propter
1688 505 125 47 solam
1757 505 167 47 mutationem

1202 543 140 52 localem
1304 543 114 52 vnius
1380 543 89 52 vel
1431 543 165 52 alterius:
1558 543 102 52 immo
1622 543 140 52 propter
1724 543 114 52 solam
1787 543 140 52 corruptio

1200 594 91 50 nem
1252 594 156 50 alicuius
1369 594 169 50 alterius.
1500 594 104 50 puta
1565 594 78 50 si
1604 594 156 50 opacitas
1721 594 78 50 in
1761 594 143 50 corpore
1852 594 78 50 opa-

1202 631 76 53 co
1240 631 229 53 corrumperetur:
1431 631 76 53 et
1469 631 114 53 tamen
1546 631 127 53 neutri
1635 631 140 53 aliquid
1736 631 114 53 nouum
1800 631 127 53 addatur.

1202 676 93 58 Ita
1255 676 106 58 dico
1321 676 80 58 in
1361 676 173 58 proposito
1494 676 106 58 quod
1560 676 213 58 approximatum
1733 676 133 58 alteri
1813 676 106 58 potest

1206 719 124 49 agere
1289 719 82 49 in
1330 719 124 49 ipsum
1412 719 82 49 et
1454 719 96 49 non
1509 719 220 49 approximatum
1687 719 96 49 non
1742 719 137 49 potest
1825 719 96 49 agere

1194 764 83 48 in
1236 764 138 48 ipsum.
1332 764 97 48 non
1388 764 97 48 est
1443 764 83 48 ex
1485 764 97 48 hoc
1540 764 111 48 quod
1609 764 221 48 approximatum
1789 764 124 48 habet
1858 764 69 48 ali

1206 806 99 62 quam
1267 806 111 62 veram
1341 806 86 62 rem
1391 806 74 62 in
1428 806 74 62 se
1465 806 173 62 formaliter
1600 806 99 62 quam
1662 806 86 62 non
1711 806 111 62 habet
1785 806 123 62 quando
1859 806 62 62 non

1210 859 87 51 est
1259 859 211 51 approximatum.
1433 859 87 51 sed
1483 859 87 51 hoc
1533 859 99 51 est.
1595 859 99 51 quia
1657 859 124 51 quando
1744 859 87 51 est
1781 859 137 51 approxima

1201 896 84 48 tum
1249 896 107 48 nihil
1320 896 155 48 impediens
1440 896 203 48 interponitur.
1607 896 119 48 quando
1690 896 107 48 autem
1762 896 84 48 non
1810 896 84 48 est
1845 896 84 48 appro

1205 943 141 52 ximatum
1308 943 141 52 aliquod
1410 943 205 52 impedimentum
1577 943 218 52 interponitur.
1757 943 90 52 Nam
1808 943 115 52 etiam
1872 943 64 52 aer

1205 992 117 43 magne
1283 992 195 43 quantitatis
1439 992 143 43 poterit
1543 992 156 43 impedire
1661 992 169 43 aliquando
1791 992 78 43 si
1830 992 91 43 sit
1869 992 65 43 me-

1200 1022 125 59 dius.
1284 1022 70 59 ⁋
1312 1022 98 59 Per
1367 1022 98 59 hoc
1423 1022 195 59 argumentum
1576 1022 167 59 vlterius
1702 1022 112 59 dico
1772 1022 112 59 quod
1827 1022 98 59 sicut

1213 1077 120 45 causae
1297 1077 132 45 possunt
1393 1077 132 45 causare
1489 1077 132 45 aliquid
1585 1077 96 45 quod
1645 1077 108 45 prius
1717 1077 84 45 non
1765 1077 144 45 poterant
1861 1077 72 45 cau-

1210 1114 102 62 sare
1274 1114 102 62 sine
1338 1114 102 62 omni
1402 1114 77 62 re
1440 1114 102 62 alia
1504 1114 128 62 addita
1593 1114 179 62 formaliter
1733 1114 166 62 cuicumque
1848 1114 89 62 illa-

1202 1156 90 57 rum
1253 1156 166 57 causarum.
1381 1156 90 57 sed
1432 1156 141 57 propter
1535 1156 115 57 solam
1611 1156 166 57 amotionem
1739 1156 115 57 medii
1803 1156 128 57 impediem

1203 1204 98 47 tis.
1264 1204 86 47 ita
1313 1204 160 47 aliquando
1436 1204 147 47 secundum
1546 1204 110 47 istos
1620 1204 147 47 poterunt
1730 1204 123 47 partes
1804 1204 135 47 componere

1212 1252 106 48 sine
1278 1252 106 48 omni
1344 1252 79 48 re
1384 1252 132 48 addita
1476 1252 185 48 formaliter
1622 1252 172 48 cuicunque
1754 1252 145 48 illarum
1846 1252 93 48 causa

1201 1299 94 42 rum.
1260 1299 82 42 sed
1307 1299 129 42 propter
1401 1299 82 42 hoc
1448 1299 106 42 solum
1519 1299 94 42 quod
1578 1299 94 42 nunc
1637 1299 82 42 non
1684 1299 82 42 est
1731 1299 118 42 medium
1813 1299 106 42 inter
1872 1299 59 42 ma-

1206 1335 129 51 teriam
1296 1335 77 51 et
1335 1335 141 51 formam.
1438 1335 103 51 Isti
1502 1335 116 51 etiam
1579 1335 154 51 dicerent
1695 1335 103 51 quod
1759 1335 90 51 non
1810 1335 90 51 est
1849 1335 90 51 possi

1212 1387 92 47 bile
1270 1387 104 47 tales
1339 1387 115 47 partes
1420 1387 139 47 alterius
1524 1387 139 47 rationis
1628 1387 150 47 aliquando
1744 1387 150 47 componere
1859 1387 81 47 per
1894 1387 46 47 se

1214 1426 97 51 vnum:
1279 1426 65 51 et
1311 1426 140 51 aliquando
1419 1426 75 51 non
1462 1426 151 51 componere.
1580 1426 97 51 ipsis
1644 1426 97 51 tamen
1709 1426 129 51 partibus
1806 1426 118 51 omnibus
1881 1426 43 51 ma

1206 1466 174 54 nentibus
1337 1466 73 54 ⁋
1366 1466 87 54 Ad
1410 1466 131 54 aliud
1497 1466 160 54 concedo
1613 1466 174 54 maiorem.
1743 1466 102 54 sed
1801 1466 116 54 dico
1874 1466 87 54 ad
1903 1466 58 54 mi

1218 1517 124 45 norem.
1305 1517 100 45 quod
1367 1517 187 45 fundamentum
1516 1517 87 45 non
1566 1517 149 45 continet
1678 1517 87 45 per
1728 1517 199 45 identitatem:
1877 1517 62 45 nec

1215 1559 113 46 simul
1291 1559 88 46 nec
1341 1559 176 46 successiue
1480 1559 113 46 tales
1555 1559 189 46 relationes.
1706 1559 101 46 quia
1769 1559 88 46 hec
1820 1559 88 46 est
1857 1559 76 46 fal-

1220 1599 75 55 sa.
1263 1599 107 55 sortes
1338 1599 75 55 est
1381 1599 129 55 realiter
1478 1599 161 55 similitudo.
1607 1599 64 55 et
1639 1599 150 55 similiter.
1757 1599 107 55 sortes
1833 1599 75 55 est
1865 1599 75 55 reali

1215 1641 87 60 ter
1264 1641 223 60 dissimulitudo.
1450 1641 74 60 et
1487 1641 99 60 ideo
1549 1641 87 60 non
1599 1641 99 60 pono
1661 1641 99 60 quod
1723 1641 136 60 relatio
1822 1641 87 60 est
1860 1641 74 60 idem

1216 1696 145 45 realiter
1324 1696 84 45 cum
1373 1696 181 45 fundamento.
1517 1696 84 45 sed
1565 1696 96 45 dico
1626 1696 96 45 quod
1686 1696 133 45 relatio
1782 1696 84 45 non
1831 1696 84 45 est
1867 1696 72 45 fun-

1215 1729 162 57 damentum.
1339 1729 87 57 sed
1389 1729 124 57 tantum
1476 1729 149 57 intentio
1588 1729 75 57 et
1625 1729 162 57 conceptus
1749 1729 75 57 in
1787 1729 112 57 anima
1849 1729 87 57 impor

1203 1774 117 50 tans
1277 1774 132 50 plura
1365 1774 191 50 absoluta.
1511 1774 103 50 Uel
1570 1774 103 50 est
1629 1774 132 50 plura
1717 1774 176 50 absoluta
1834 1774 103 50 sicut

1217 1814 145 60 populus
1322 1814 92 60 est
1375 1814 132 60 plures
1468 1814 158 60 homines.
1587 1814 79 60 et
1626 1814 132 60 nullus
1719 1814 106 60 homo
1785 1814 92 60 est
1824 1814 119 60 populus

1227 1866 82 47 Que
1274 1866 105 47 tamen
1344 1866 129 47 istarum
1438 1866 199 47 propositionum
1601 1866 82 47 sit
1648 1866 105 47 magis
1718 1866 140 47 secundum
1811 1866 129 47 proprieta

1212 1910 104 44 tem
1272 1910 178 44 sermonis
1405 1910 178 44 pertinet
1539 1910 134 44 magis
1628 1910 89 44 ad
1673 1910 163 44 logicum
1777 1910 163 44 discutere

1218 1949 117 56 quam
1291 1949 88 56 ad
1335 1949 190 56 theologum
1481 1949 73 56 ⁋
1510 1949 102 56 Per
1569 1949 117 56 idem
1642 1949 88 56 ad
1686 1949 131 56 aliud
1773 1949 161 56 concedo
1876 1949 58 56 ma

1224 1999 117 50 iorem.
1306 1999 82 50 sed
1353 1999 70 50 ad
1388 1999 117 50 minore
1470 1999 94 50 dico
1529 1999 94 50 quod
1588 1999 82 50 hec
1634 1999 82 50 est
1681 1999 176 50 simpliciter
1822 1999 105 50 fula.
1880 1999 59 50 plu

1217 2035 94 53 res
1270 2035 188 53 relationes
1418 2035 107 53 sunt
1485 2035 81 53 in
1526 2035 121 53 eodem
1606 2035 188 53 fundamento
1754 2035 175 53 realiter.
1875 2035 67 53 si-

1220 2088 93 42 cut
1273 2088 93 42 hec
1326 2088 93 42 est
1380 2088 93 42 fla
1433 2088 214 42 simpliciter.
1607 2088 134 42 plures
1700 2088 227 42 similitudines
1874 2088 80 42 sunt

1226 2125 89 50 idem
1282 2125 167 50 fundamentum
1415 2125 145 50 realiter.
1527 2125 100 50 cuius
1594 2125 100 50 ratio
1660 2125 89 50 est.
1716 2125 89 50 quia
1772 2125 156 50 similitudo
1883 2125 56 50 sic

1216 2167 139 56 posita
1314 2167 84 56 in
1355 2167 181 56 abstracto
1495 2167 97 56 non
1550 2167 139 56 potest
1648 2167 125 56 stare
1731 2167 111 56 nisi
1801 2167 97 56 vel
1857 2167 97 56 pro
1898 2167 56 56 in

1220 2209 151 49 tentione
1334 2209 76 49 in
1372 2209 126 49 anima.
1460 2209 88 49 vel
1510 2209 88 49 pro
1561 2209 164 49 pluribus:
1686 2209 126 49 quorum
1775 2209 164 49 quodlibet
1888 2209 63 49 est

1220 2255 110 55 simile.
1300 2255 90 55 sicut
1361 2255 141 55 ppliluorns
1471 2255 70 55 non
1511 2255 100 55 potest
1581 2255 90 55 stare
1642 2255 80 55 nisi
1692 2255 70 55 pro
1732 2255 121 55 pluribus
1822 2255 60 55 et
1853 2255 80 55 ideo
1893 2255 50 55 si-

1213 2297 90 58 cut
1264 2297 141 58 vtraque
1367 2297 141 58 illarum
1469 2297 90 58 est
1520 2297 115 58 fula.
1597 2297 128 58 plures
1686 2297 192 58 intentiones
1840 2297 90 58 vel
1878 2297 64 58 con

1218 2347 134 53 ceptus
1311 2347 80 53 in
1351 2347 120 53 anima
1431 2347 107 53 sunt
1498 2347 80 53 in
1538 2347 120 53 eodem
1618 2347 187 53 fundamento
1765 2347 174 53 realiter.
1886 2347 53 53 et

1217 2384 151 55 similiter
1333 2384 93 55 illa
1391 2384 116 55 plura:
1473 2384 116 55 quorum
1554 2384 151 55 quodlibet
1670 2384 81 55 est
1716 2384 116 55 simile
1798 2384 93 55 sunt
1856 2384 70 55 in
1879 2384 81 55 eodem

1217 2436 181 45 fundamento
1359 2436 168 45 realiter.
1488 2436 90 45 ita
1540 2436 90 45 hec
1592 2436 90 45 est
1643 2436 90 45 fla
1695 2436 207 45 simpliciter.
1850 2436 116 45 plures.

1220 2467 180 58 relationes
1362 2467 90 58 vel
1413 2467 129 58 plures
1503 2467 219 58 similitudines
1684 2467 103 58 sunt
1748 2467 155 58 realiter
1864 2467 77 58 in
1890 2467 64 58 co-

1230 2511 88 56 dem
1281 2511 150 56 subiecto
1393 2511 63 56 ⁋
1419 2511 75 56 Et
1456 2511 75 56 si
1494 2511 138 56 dicatur
1594 2511 100 56 quod
1657 2511 113 56 omnis
1732 2511 138 56 relatio
1820 2511 125 56 fundatur

1225 2563 85 71 in
1267 2563 142 71 aliquo
1367 2563 213 71 fundamento.
1537 2563 113 71 Dico
1608 2563 113 71 quod
1679 2563 85 71 si
1721 2563 199 71 accipiatur
1863 2563 85 71 fuu
