2266 3082
279 232 94 76 tia
332 232 120 76 habet
412 232 174 76 accidens.
546 232 134 76 falsum
640 232 107 76 est.
706 232 94 76 sed
760 232 160 76 sufficit
880 232 107 76 quod
934 232 53 76 co

276 299 213 50 existebat
439 299 196 50 tempori.
587 299 131 50 Uude
669 299 164 50 habere
783 299 164 50 plures
881 299 115 50 annos

271 343 101 56 non
328 343 101 56 est
386 343 144 56 habere
486 343 158 56 aliquas
602 343 101 56 res
659 343 86 56 in
702 343 86 56 se
745 343 216 56 formaliter.
918 343 101 56 sed

272 381 145 63 tantum
373 381 101 63 est
431 381 217 63 coextitisse
605 381 174 63 pluribus
735 381 130 63 annis
822 381 72 63 ⁋
851 381 87 63 Ad
880 381 101 63 aliud

268 423 133 54 patet
357 423 118 54 quod
431 423 104 54 per
490 423 133 54 motum
579 423 163 54 localem
698 423 104 54 non
757 423 207 54 acquiritur
905 423 74 54 ali

274 475 111 48 quid
343 475 208 48 subiectiue.
510 475 97 48 sed
565 475 166 48 sufficit
690 475 111 48 quod
759 475 194 48 acquiratur
898 475 69 48 lod

265 519 100 53 vel
322 519 115 53 quod
394 519 230 53 acquireretur
580 519 129 53 locus
666 519 86 53 si
709 519 143 53 corpus
810 519 129 53 motum
882 519 100 53 esset

258 555 98 58 in
307 555 309 58 locoquiescente.
567 555 81 58 ⁋
599 555 98 58 Ad
648 555 146 58 aliud
746 555 163 58 quando
844 555 146 58 dicitur

252 603 103 54 quod
316 603 129 54 sessio
407 603 77 54 et
445 603 129 54 statio
535 603 103 54 vere
600 603 103 54 sunt
664 603 77 54 in
703 603 90 54 re.
754 603 103 54 Dico
819 603 103 54 quod
870 603 103 54 sessio

253 652 91 49 et
298 652 151 49 statio
404 652 91 49 in
450 652 197 49 proposito
601 652 166 49 possunt
722 652 136 49 stare
813 652 106 49 pro
858 652 121 49 conce-

261 690 106 62 ptu.
327 690 79 62 et
367 690 93 62 sic
419 690 93 62 non
472 690 106 62 sunt
539 690 79 62 in
578 690 93 62 re.
631 690 132 62 Aliter
724 690 145 62 possunt
830 690 119 62 stare
896 690 79 62 pro-

253 741 148 52 rebus.
357 741 118 52 siue
431 741 89 52 de
475 741 163 52 virtute
593 741 178 52 sermonis
727 741 118 52 siue
801 741 118 52 non.
874 741 104 52 non
919 741 59 52 cu

248 777 80 65 ro
288 777 80 65 ad
328 777 146 65 presens
434 777 80 65 et
474 777 93 65 sic
527 777 133 65 potest
620 777 146 65 concedi
727 777 80 65 in
766 777 173 65 proposito
886 777 80 65 quod

256 818 115 67 sunt
327 818 86 67 in
370 818 100 67 re.
428 818 115 67 quia
499 818 115 67 tunc
571 818 100 67 non
628 818 186 67 denotatur
771 818 115 67 nisi
843 818 115 67 quod
900 818 72 67 pa-

255 866 93 56 tes
308 866 160 56 animalis
428 866 80 56 et
468 866 160 56 corporis
587 866 106 56 eius
654 866 93 56 sic
707 866 160 56 ordinate
827 866 106 56 sunt
893 866 80 56 in
920 866 53 56 re

258 911 88 62 et
302 911 118 62 ista
376 911 103 62 non
435 911 118 62 sunt
509 911 133 62 idem.
597 911 133 62 sicut
685 911 118 62 homo
759 911 88 62 et
803 911 162 62 angelus
906 911 59 62 ex

256 960 102 51 vna
315 960 145 51 parte.
416 960 87 51 et
460 960 116 51 homo
533 960 87 51 et
576 960 102 51 bos
635 960 87 51 ex
678 960 116 51 alia
751 960 131 51 parte
838 960 102 51 non
882 960 87 51 sunt

245 994 110 63 idem
314 994 178 63 realiter.
451 994 82 63 et
492 994 110 63 isto
561 994 110 63 modo
629 994 137 63 potest
725 994 151 63 concedi
835 994 110 63 quod
890 994 82 63 simi

256 1042 147 54 litudo
359 1042 88 54 et
404 1042 250 54 dissimilitudo
610 1042 118 54 sunt
683 1042 88 54 in
728 1042 103 54 re.
787 1042 88 54 et
831 1042 133 54 tamen
904 1042 74 54 non

245 1083 124 60 sunt
323 1083 124 60 idem
401 1083 202 60 realiter.
556 1083 124 60 quia
634 1083 124 60 illo
712 1083 124 60 modo
789 1083 187 60 loquendi
914 1083 62 60 de

244 1127 101 65 bet
301 1127 158 65 concedi
416 1127 115 65 quod
488 1127 202 65 similitudo
647 1127 173 65 supponit
776 1127 101 65 pro
834 1127 115 65 hiis
892 1127 86 65 quae

246 1169 123 62 sunt
323 1169 185 62 similia.
461 1169 108 62 non
523 1169 139 62 tamen
615 1169 169 62 diuisim
738 1169 108 62 sed
784 1169 185 62 coniunctim

245 1215 134 62 illo
329 1215 134 62 modo
413 1215 118 62 quo
481 1215 202 62 pluralis
632 1215 185 62 numerus
766 1215 118 62 vel
817 1215 151 62 pronome

235 1260 300 62 demonstratiuum
485 1260 200 62 pluralis
635 1260 167 62 numeri
752 1260 200 62 supponit
885 1260 83 62 pro

244 1304 185 58 pluribus.
386 1304 85 58 Et
429 1304 100 58 sub
486 1304 114 58 isto
557 1304 128 58 sensu
642 1304 142 58 potest
742 1304 142 58 aliquo
842 1304 114 58 modo
899 1304 71 58 com

241 1343 114 67 cedi
312 1343 114 67 quod
383 1343 200 67 similitudo
540 1343 100 67 est
597 1343 171 67 similia.
726 1343 128 67 sicut
797 1343 171 67 conceditur

241 1388 115 63 quod
313 1388 115 63 ista
385 1388 115 63 sunt
457 1388 173 63 similia.
587 1388 101 63 Sed
645 1388 101 63 hec
702 1388 101 63 est
760 1388 173 63 neganda.
875 1388 87 63 simi

238 1430 140 72 litudo
336 1430 98 72 est
392 1430 140 72 sortes
490 1430 98 72 vel
546 1430 168 72 similis.
672 1430 126 72 sicut
756 1430 98 72 hec
812 1430 98 72 est
854 1430 112 72 negan-

240 1477 113 59 da.
305 1477 129 59 isti
385 1477 259 59 demonstrando
596 1477 162 59 sortem
709 1477 97 59 et
758 1477 194 59 platonem
887 1477 81 59 qui

235 1518 117 67 sunt
309 1518 161 67 similes
426 1518 117 67 sunt
499 1518 146 67 sortes
602 1518 88 67 et
645 1518 117 67 sunt
719 1518 117 67 homo
792 1518 103 67 vel
836 1518 117 67 animal

242 1561 133 67 Unde
325 1561 133 67 tale
408 1561 149 67 nomen
508 1561 232 67 abstractum
690 1561 116 67 est
756 1561 166 67 simile
856 1561 99 67 nomi

235 1610 85 59 ni
277 1610 212 59 collectiuo.
447 1610 127 59 sicut
531 1610 99 59 est
588 1610 155 59 populus
701 1610 198 59 exercitus.
856 1610 85 59 et
884 1610 71 59 hoc

250 1651 171 64 quantum
375 1651 93 64 ad
422 1651 140 64 multa
515 1651 109 64 Sed
578 1651 125 64 ista
655 1651 234 64 difficultas
842 1651 109 64 non
889 1651 78 64 est

235 1702 138 53 realis
332 1702 97 53 sed
387 1702 124 53 magis
470 1702 193 53 logicalis.
622 1702 97 53 que
677 1702 166 53 scilicet
787 1702 166 53 propositio

242 1740 111 65 nes
306 1740 127 65 sint
385 1740 222 65 concedende
560 1740 95 65 de
608 1740 175 65 virtute
735 1740 207 65 sermonis.
878 1740 79 65 hoc

238 1782 123 60 tamen
321 1782 123 60 verum
403 1782 96 60 est
458 1782 110 60 quod
526 1782 123 60 talia
608 1782 137 60 nomina
704 1782 123 60 nihil
787 1782 178 60 important
910 1782 41 60 a

240 1831 131 62 parte
328 1831 102 62 rei
386 1831 117 62 nisi
459 1831 190 62 absoluta.
606 1831 73 62 ⁋
635 1831 88 62 Ad
679 1831 161 62 vltimum
795 1831 131 62 patet
868 1831 88 62 quod

221 1866 188 63 aliquid
358 1866 257 63 denominatur
563 1866 103 63 ab
615 1866 188 63 habitu.
752 1866 120 63 non
820 1866 137 63 quia
889 1866 68 63 ac

235 1918 183 68 quiritur
372 1918 152 68 aliqua
478 1918 107 68 res
539 1918 122 68 sibi
615 1918 213 68 subiectiue
767 1918 183 68 inexistens

238 1959 105 51 sed
298 1959 120 51 quia
373 1959 120 51 tale
448 1959 150 51 corpus
554 1959 120 51 sibi
614 1959 195 51 acquiritur.

274 2003 75 57 ⁋
304 2003 271 57 Distinctionis.
529 2003 120 57 xxt.
605 2003 165 57 Questio
710 2003 120 57 tertia

381 2052 325 104 guartio
617 2052 236 104 quia
735 2052 207 104 tenet

398 2130 60 65 a
422 2130 132 65 multis:
518 2130 96 65 quod
578 2130 180 65 philosophus
721 2130 144 65 posuerit
829 2130 108 65 tales
889 2130 60 65 re-

403 2179 165 59 spectus
523 2179 120 59 esse
598 2179 105 59 res
658 2179 135 59 alias
749 2179 90 59 ab
779 2179 165 59 absolutis

234 2218 69 66 ⁋
262 2218 124 66 Querd
344 2218 124 66 vtrum
427 2218 83 66 de
468 2218 193 66 intentione
620 2218 193 66 philosophi
772 2218 110 66 fuit
827 2218 110 66 ponere

237 2274 189 48 quemcumque
385 2274 175 48 respectum
520 2274 67 48 a
547 2274 121 48 parte
628 2274 94 48 rei
682 2274 189 48 distinctum
830 2274 81 48 ab
857 2274 81 48 omni

230 2307 91 66 bus
282 2307 169 66 absolutis
412 2307 78 66 et
452 2307 78 66 ab
491 2307 104 66 omni
556 2307 169 66 absoluto.
686 2307 65 66 ⁋
712 2307 104 66 Quod
778 2307 104 66 sic.
843 2307 104 66 quia
895 2307 52 66 in

233 2354 129 65 metha.
324 2354 168 65 tractatur
453 2354 78 65 de
492 2354 220 65 relationibus.
673 2354 91 65 sed
725 2354 207 65 metpahisicus
880 2354 65 65 est

233 2402 148 55 artifex
340 2402 148 55 realis.
448 2402 108 55 ergo
516 2402 189 55 relationes
664 2402 108 55 sunt
731 2402 67 55 a
758 2402 121 55 parte
839 2402 94 55 rei
880 2402 67 55 di-

225 2440 127 66 stincte
318 2440 69 66 ab
352 2440 115 66 aliis.
433 2440 58 66 ⁋
456 2440 69 66 Ad
490 2440 150 66 oppositum
605 2440 138 66 secundum
709 2440 173 66 philosophum
847 2440 69 66 v.
870 2440 69 66 phi-

222 2487 96 70 ad
270 2487 225 70 relationem
447 2487 112 70 non
511 2487 112 70 est
575 2487 145 70 motus
672 2487 112 70 nec
736 2487 177 70 mutatio
865 2487 80 70 ⁋
881 2487 64 70 Ad

237 2535 178 59 questionem
377 2535 140 59 dicitur
479 2535 64 59 a
505 2535 140 59 multis.
607 2535 102 59 quod
671 2535 76 59 de
709 2535 178 59 intentione
849 2535 102 59 ari.
900 2535 51 59 et

226 2577 136 58 aliorum
324 2577 222 58 philosophorum.
509 2577 99 58 fuit
571 2577 123 58 ponere
657 2577 111 58 tales
731 2577 160 58 respectus
842 2577 99 58 disti-

195 2627 111 71 ctos
265 2627 70 71 a
292 2627 125 71 rebus
376 2627 195 71 absolutis.
529 2627 70 71 ⁋
557 2627 97 71 hoc
612 2627 167 71 probatur
737 2627 97 71 per
779 2627 181 71 philosophum

1082 256 75 73 in
1120 256 238 73 praedicamentis.
1320 256 100 73 quia
1383 256 150 73 secundum
1496 256 113 73 ipsum
1571 256 163 73 adaliquid
1696 256 100 73 sunt
1746 256 63 73 que

1083 300 129 71 cumque
1173 300 90 71 hoc
1225 300 116 71 ipsum
1303 300 103 71 quod
1367 300 103 71 sunt
1432 300 77 71 ad
1470 300 116 71 aliud
1548 300 116 71 sunt:
1625 300 77 71 et
1664 300 90 71 per
1716 300 90 71 hoc
1754 300 52 71 ex

1085 347 178 71 cluduntur
1222 347 205 71 substantie.
1386 347 96 71 que
1441 347 123 71 licet
1523 347 109 71 sint
1592 347 178 71 aliquorum
1715 347 82 71 alio

1077 398 98 70 rum.
1138 398 86 70 non
1187 398 111 70 tamen
1261 398 98 70 sunt
1323 398 74 70 ad
1359 398 123 70 aliud.
1446 398 98 70 ergo
1507 398 160 70 accipitur
1630 398 86 70 ibi
1679 398 86 70 hoc
1716 398 86 70 ipsum

1082 437 87 66 quod
1137 437 87 66 sunt
1191 437 76 66 non
1235 437 76 66 pro
1279 437 87 66 esse
1333 437 66 66 in
1366 437 153 66 intellectu
1486 437 76 66 sed
1530 437 76 66 pro
1574 437 98 66 esse.
1639 437 66 66 in
1672 437 66 66 re
1694 437 109 66 scilicet

1077 489 114 60 quod
1148 489 200 60 relationes
1305 489 86 60 in
1348 489 100 60 re.
1405 489 100 60 hoc
1462 489 129 60 ipsum
1548 489 114 60 quod
1619 489 114 60 sunt
1676 489 129 60 aliorum

1073 526 118 59 sunt.
1152 526 197 59 fundamentum
1310 526 118 59 autem
1388 526 92 59 non
1441 526 92 59 est
1494 526 145 59 aliorum
1599 526 92 59 hoc
1651 526 118 59 ipsum
1717 526 79 59 quod

1073 577 103 71 est.
1137 577 103 71 ergo
1201 577 115 71 aliud
1278 577 90 71 est
1330 577 103 71 esse
1394 577 103 71 hoc.
1458 577 77 71 et
1496 577 115 71 aliud
1573 577 103 71 esse
1637 577 103 71 eius
1701 577 64 71 ⁋
1714 577 77 71 Item

1080 609 122 66 secundum
1171 609 152 66 philosophum
1293 609 61 66 in
1323 609 193 66 praedicamentis.
1486 609 91 66 Eorum
1547 609 81 66 quae
1597 609 122 66 secundum
1689 609 91 66 nulla
1739 609 51 66 com

1072 654 191 66 plexionem
1219 654 191 66 dicuntur:
1366 654 176 66 singulum
1498 654 103 66 aut
1556 654 205 66 significat
1703 654 88 66 sub-

1062 705 176 60 stantiam.
1198 705 95 60 aut
1252 705 203 60 qualitatem.
1414 705 95 60 aut
1468 705 216 60 quantitatem.
1643 705 95 60 aut
1684 705 108 60 adali-

1074 742 118 68 quid.
1152 742 92 68 aut
1205 742 105 68 vbi.
1270 742 92 68 aut
1323 742 144 68 quando.
1427 742 92 68 aut
1480 742 118 68 situm
1558 742 118 68 esse.
1637 742 92 68 aut
1676 742 118 68 habere.

1073 794 97 68 aut
1129 794 152 68 facere.
1239 794 97 68 aut
1295 794 125 68 pati.
1378 794 83 68 et
1420 794 236 68 exemplificat.
1614 794 83 68 Ex
1655 794 111 68 ista
1711 794 83 68 auc.

1071 835 138 57 arguo
1163 835 122 57 sic.
1239 835 138 57 talia
1331 835 153 57 nomina
1438 835 153 57 duplum
1545 835 184 57 dimidium
1683 835 92 57 et
1713 835 77 57 hu-

1065 876 147 63 iusmodi
1171 876 200 63 significant
1331 876 160 63 aliquid.
1452 876 80 63 et
1492 876 93 63 non
1545 876 200 63 significant
1692 876 93 63 inten

1076 927 142 56 tiones
1175 927 185 56 secundas.
1317 927 114 56 ergo
1388 927 213 56 significant
1559 927 128 56 veras
1644 927 99 56 res
1687 927 99 56 extra

1067 969 157 65 animam.
1181 969 85 65 et
1223 969 100 65 non
1280 969 214 65 significant
1451 969 214 65 substantiam
1622 969 100 65 vel
1665 969 128 65 qualita

1067 1009 78 65 tem
1111 1009 78 65 vel
1156 1009 166 65 quantitatem
1289 1009 133 65 secundum
1389 1009 178 65 philosophum.
1533 1009 89 65 ergo
1588 1009 166 65 significant
1710 1009 78 65 alias

1065 1054 93 66 res.
1124 1054 58 66 ⁋
1147 1054 93 66 Item
1205 1054 140 66 secundum
1311 1054 187 66 philosophum.
1462 1054 105 66 causa
1532 1054 70 66 de
1567 1054 163 66 adaliquid.
1696 1054 82 66 Aut
1731 1054 70 66 vero

1050 1102 105 57 hec
1110 1102 120 57 sunt
1185 1102 210 57 adaliquid.
1350 1102 90 57 vt
1395 1102 180 57 habitus.
1529 1102 195 57 affectus.
1664 1102 120 57 disci-

1057 1143 138 59 plina.
1154 1143 96 59 sed
1209 1143 193 59 manifestum
1360 1143 96 59 est
1416 1143 110 59 quod
1485 1143 152 59 habitus
1595 1143 83 59 et
1622 1143 152 59 discipli-

1066 1191 70 61 na
1101 1191 93 61 sunt
1159 1191 93 61 vere
1217 1191 93 61 res.
1275 1191 58 61 ⁋
1299 1191 93 61 Item
1357 1191 139 61 secundum
1461 1191 174 61 philosophum
1601 1191 105 61 inest
1670 1191 139 61 contrari
1763 1191 35 61 e

1065 1233 106 57 etas
1131 1233 173 57 relationi
1264 1233 80 57 vt
1304 1233 133 57 virtus
1397 1233 120 57 vitio
1477 1233 226 57 contrariatur.
1664 1233 93 57 cum
1703 1233 67 57 sit

1051 1275 169 56 vtrumque
1178 1275 127 56 eorum
1262 1275 197 56 adaliquid.
1417 1275 84 56 et
1459 1275 197 56 disciplina
1600 1275 169 56 ignorantie

1050 1312 80 69 ⁋
1082 1312 96 69 Ex
1130 1312 112 69 hoc
1194 1312 144 69 arguo
1290 1312 240 69 dupliciter.
1482 1312 144 69 Primo
1578 1312 128 69 quia
1642 1312 128 69 virtus

1064 1363 86 59 et
1107 1363 143 59 vitium
1207 1363 114 59 sunt
1278 1363 114 59 vere
1349 1363 100 59 res
1407 1363 114 59 alie
1478 1363 86 59 ab
1521 1363 157 59 omnibus
1635 1363 143 59 aliis.
1721 1363 57 59 et

1060 1406 95 61 iste
1120 1406 95 61 sunt
1179 1406 155 61 adaliquid
1298 1406 143 61 secundum
1406 1406 191 61 philosophum.
1561 1406 95 61 ergo
1620 1406 95 61 etc.
1668 1406 107 61 Secundo

1061 1454 122 59 quia
1137 1454 92 59 si
1183 1454 214 59 relationes
1351 1454 122 59 sunt
1427 1454 198 59 contrarie
1580 1454 137 59 quero
1671 1454 92 59 an
1702 1454 76 59 re-

1055 1491 172 64 lationes
1184 1491 101 64 que
1241 1491 115 64 sunt
1313 1491 86 64 in
1356 1491 101 64 re.
1414 1491 101 64 aut
1471 1491 201 64 relationes
1629 1491 115 64 quae
1687 1491 86 64 sunt

1047 1542 98 65 in
1096 1542 164 65 mente.
1210 1542 115 65 Non
1276 1542 229 65 relationes
1456 1542 115 65 que
1521 1542 131 65 sunt
1603 1542 98 65 in
1636 1542 131 65 mente.

1057 1583 116 58 quia
1129 1583 116 58 ille
1202 1583 160 58 possunt
1318 1583 131 58 simul
1405 1583 131 58 stare
1492 1583 87 58 in
1535 1583 145 58 mente.
1637 1583 131 58 sicut
1709 1583 58 58 et

1040 1630 213 62 conceptus
1204 1630 263 62 contrariorum
1417 1630 115 62 non
1483 1630 213 62 repugnant
1647 1630 98 62 in
1680 1630 98 62 men-

1051 1666 98 71 te.
1107 1666 112 71 ergo
1177 1666 197 71 relationes
1332 1666 98 71 que
1388 1666 112 71 sunt
1458 1666 84 71 in
1500 1666 84 71 re
1542 1666 112 71 sunt
1599 1666 168 71 contrarie.

1037 1720 112 53 sed
1101 1720 96 53 in
1149 1720 96 53 re
1198 1720 193 53 absoluta
1342 1720 112 53 non
1406 1720 129 53 sunt
1487 1720 209 53 contraria
1647 1720 129 53 quia
1712 1720 64 53 ab

1053 1754 163 66 solutum
1172 1754 119 66 quod
1246 1754 104 66 est
1306 1754 149 66 equale
1410 1754 104 66 non
1469 1754 104 66 est
1528 1754 208 66 contrarium
1677 1754 89 66 abso

1056 1800 96 62 luto
1116 1800 96 62 quod
1176 1800 84 62 est
1224 1800 144 62 inequale
1332 1800 144 62 secundum
1440 1800 192 62 philosophum.
1596 1800 72 62 c.
1632 1800 72 62 de
1656 1800 120 62 quantita

1046 1851 97 52 te.
1102 1851 111 52 ergo
1171 1851 139 52 preter
1269 1851 167 52 absoluta
1394 1851 111 52 sunt
1463 1851 153 52 aliquem
1574 1851 111 52 alie
1644 1851 97 52 res
1686 1851 83 52 con-

1042 1889 185 70 trarie.
1177 1889 84 70 ⁋
1210 1889 202 70 Preterea
1362 1889 185 70 ibidem.
1496 1889 185 70 videtur
1631 1889 151 70 autem
1715 1889 67 70 ma

1047 1937 103 53 gis
1106 1937 88 53 et
1150 1937 132 53 minus
1238 1937 161 53 relatio
1355 1937 205 53 suscipere.
1516 1937 117 53 Tunc
1589 1937 146 53 arguo.
1677 1937 88 53 con-

1037 1986 168 54 ceptus
1155 1986 168 54 mentis
1272 1986 118 54 non
1339 1986 201 54 suscipit
1490 1986 151 54 magis
1591 1986 101 54 et
1625 1986 134 54 minus.

1045 2020 110 67 nec
1108 2020 172 67 relatio
1233 2020 172 67 dicitur
1359 2020 204 67 suscipere
1515 2020 141 67 magis
1609 2020 94 67 et
1641 2020 125 67 minus.

1044 2069 123 58 quia
1121 2069 108 58 res
1182 2069 123 58 abso
1259 2069 108 58 uta
1321 2069 185 58 suscipit
1459 2069 139 58 magis
1552 2069 92 58 et
1598 2069 154 58 minus.
1690 2069 62 58 et

1045 2113 89 61 go
1090 2113 104 61 est
1149 2113 148 61 aliqua
1253 2113 119 61 alia
1327 2113 104 61 res
1386 2113 104 61 que
1446 2113 178 61 suscipit
1579 2113 133 61 magis
1668 2113 89 61 et
1698 2113 59 61 mi

1033 2156 120 62 nus.
1123 2156 165 62 Minorem
1243 2156 150 62 probo.
1348 2156 120 62 quia
1422 2156 180 62 secundum
1557 2156 150 62 philor
1647 2156 105 62 ophum

1039 2195 167 71 ibidem.
1160 2195 182 71 inequale
1296 2195 182 71 suscipit
1433 2195 136 71 magis
1524 2195 91 71 et
1569 2195 152 71 minus.
1675 2195 106 71 sed

1038 2237 126 64 illa
1117 2237 205 64 quantitas
1275 2237 189 64 absoluta
1417 2237 110 64 non
1480 2237 189 64 suscipit
1622 2237 142 64 magis
1701 2237 63 64 et

1044 2278 159 64 minus.
1155 2278 127 64 ergo
1235 2278 127 64 etc.
1315 2278 207 64 Similiter
1474 2278 207 64 aliquando
1633 2278 111 64 per
1680 2278 80 64 di-

1030 2323 255 67 minutionem
1230 2323 273 67 quantitatis
1449 2323 273 67 augmentatur
1650 2323 109 67 ine-

1039 2372 199 69 qualitas.
1192 2372 123 69 puta
1269 2372 92 69 si
1315 2372 123 69 sint
1391 2372 153 69 aliqua
1498 2372 169 69 precise
1606 2372 153 69 equalia.

1041 2420 158 60 quanto
1152 2420 126 60 plus
1231 2420 190 60 aufertur
1373 2420 95 60 ab
1420 2420 111 60 vno
1483 2420 174 60 illorum
1610 2420 126 60 alio
1673 2420 79 60 re-

1044 2463 166 63 manente
1165 2463 91 63 in
1210 2463 136 63 eadem
1301 2463 212 63 quantitate
1467 2463 136 63 tanto
1558 2463 106 63 est
1618 2463 136 63 maior
1694 2463 60 63 in

1026 2502 207 69 equalitas.
1189 2502 118 69 ergo
1263 2502 148 69 aliqua
1366 2502 118 69 alia
1440 2502 104 69 res
1500 2502 74 69 a
1529 2502 207 69 quantitate
1677 2502 74 69 ibi

1024 2554 121 57 dem
1093 2554 277 57 augmentatur.
1318 2554 86 57 ⁋
1352 2554 207 57 Preterea
1508 2554 173 57 ibidem
1611 2554 156 57 videtur

1031 2596 141 60 autem
1125 2596 203 60 adaliquid
1281 2596 141 60 simul
1375 2596 125 60 esse
1453 2596 172 60 natura.
1578 2596 94 60 Ex
1625 2596 109 60 hoc
1672 2596 78 60 ar-

1026 2641 131 61 guo.
1108 2641 213 61 conceptus
1271 2641 164 61 mentis
1386 2641 115 61 non
1452 2641 131 61 sunt
1534 2641 147 61 simul
1616 2641 147 61 natura.
