<?xml version="1.0" encoding="UTF-8"?>
<alto xmlns:xsi="http://www.w3.org/2001/XMLSchema-instance"
      xmlns="http://www.loc.gov/standards/alto/ns-v2#"
      xmlns:page="http://schema.primaresearch.org/PAGE/gts/pagecontent/2013-07-15"
      xsi:schemaLocation="http://www.loc.gov/standards/alto/ns-v2# http://www.loc.gov/standards/alto/alto.xsd">
   <Description>
      <MeasurementUnit>pixel</MeasurementUnit>
      <OCRProcessing ID="IdOcr">
         <ocrProcessingStep>
            <processingDateTime>2020-09-05T08:11:02.342-04:00</processingDateTime>
            <processingSoftware>
               <softwareCreator>READ COOP</softwareCreator>
               <softwareName>Transkribus</softwareName>
            </processingSoftware>
         </ocrProcessingStep>
      </OCRProcessing>
   </Description>
   <Tags/>
   <Layout>
      <Page ID="Page1" PHYSICAL_IMG_NR="1" HEIGHT="3075" WIDTH="2296">
         <TopMargin HEIGHT="0" WIDTH="2296" VPOS="0" HPOS="0"/>
         <LeftMargin HEIGHT="3075" WIDTH="0" VPOS="0" HPOS="0"/>
         <RightMargin HEIGHT="3075" WIDTH="0" VPOS="0" HPOS="2296"/>
         <BottomMargin HEIGHT="0" WIDTH="2296" VPOS="3075" HPOS="0"/>
         <PrintSpace HEIGHT="3075" WIDTH="2296" VPOS="0" HPOS="0">
            <TextBlock ID="r1" HEIGHT="2509" WIDTH="754" VPOS="159" HPOS="269">
               <Shape>
                  <Polygon POINTS="269,159 269,2668 1023,2668 1023,159"/>
               </Shape>
               <TextLine ID="r1l2"
                         BASELINE="288"
                         HEIGHT="76"
                         WIDTH="710"
                         VPOS="212"
                         HPOS="315">
                  <String HEIGHT="76"
                          WIDTH="125"
                          VPOS="212"
                          HPOS="301"
                          CONTENT="forme"/>
                  <SP HEIGHT="76" WIDTH="14" VPOS="212" HPOS="426"/>
                  <String HEIGHT="76"
                          WIDTH="153"
                          VPOS="212"
                          HPOS="385"
                          CONTENT="extense"/>
                  <SP HEIGHT="76" WIDTH="14" VPOS="212" HPOS="538"/>
                  <String HEIGHT="76"
                          WIDTH="111"
                          VPOS="212"
                          HPOS="496"
                          CONTENT="vere"/>
                  <SP HEIGHT="76" WIDTH="14" VPOS="212" HPOS="607"/>
                  <String HEIGHT="76"
                          WIDTH="153"
                          VPOS="212"
                          HPOS="566"
                          CONTENT="faciunt"/>
                  <SP HEIGHT="76" WIDTH="14" VPOS="212" HPOS="719"/>
                  <String HEIGHT="76"
                          WIDTH="111"
                          VPOS="212"
                          HPOS="677"
                          CONTENT="vnam"/>
                  <SP HEIGHT="76" WIDTH="14" VPOS="212" HPOS="788"/>
                  <String HEIGHT="76"
                          WIDTH="153"
                          VPOS="212"
                          HPOS="747"
                          CONTENT="formam."/>
                  <SP HEIGHT="76" WIDTH="14" VPOS="212" HPOS="900"/>
                  <String HEIGHT="76" WIDTH="97" VPOS="212" HPOS="858" CONTENT="sed"/>
                  <SP HEIGHT="76" WIDTH="14" VPOS="212" HPOS="955"/>
                  <String HEIGHT="76"
                          WIDTH="125"
                          VPOS="212"
                          HPOS="900"
                          CONTENT="numerus"/>
               </TextLine>
               <TextLine ID="r1l3"
                         BASELINE="334"
                         HEIGHT="55"
                         WIDTH="713"
                         VPOS="279"
                         HPOS="315">
                  <String HEIGHT="55"
                          WIDTH="212"
                          VPOS="279"
                          HPOS="300"
                          CONTENT="manifestum"/>
                  <SP HEIGHT="55" WIDTH="15" VPOS="279" HPOS="512"/>
                  <String HEIGHT="55" WIDTH="106" VPOS="279" HPOS="467" CONTENT="est"/>
                  <SP HEIGHT="55" WIDTH="15" VPOS="279" HPOS="573"/>
                  <String HEIGHT="55"
                          WIDTH="182"
                          VPOS="279"
                          HPOS="527"
                          CONTENT="continet"/>
                  <SP HEIGHT="55" WIDTH="15" VPOS="279" HPOS="709"/>
                  <String HEIGHT="55"
                          WIDTH="152"
                          VPOS="279"
                          HPOS="664"
                          CONTENT="plures"/>
                  <SP HEIGHT="55" WIDTH="15" VPOS="279" HPOS="816"/>
                  <String HEIGHT="55"
                          WIDTH="182"
                          VPOS="279"
                          HPOS="770"
                          CONTENT="vnitates"/>
                  <SP HEIGHT="55" WIDTH="15" VPOS="279" HPOS="952"/>
                  <String HEIGHT="55"
                          WIDTH="137"
                          VPOS="279"
                          HPOS="891"
                          CONTENT="eiusdem"/>
               </TextLine>
               <TextLine ID="r1l4"
                         BASELINE="379"
                         HEIGHT="62"
                         WIDTH="704"
                         VPOS="317"
                         HPOS="313">
                  <String HEIGHT="62"
                          WIDTH="143"
                          VPOS="317"
                          HPOS="301"
                          CONTENT="rationis"/>
                  <SP HEIGHT="62" WIDTH="12" VPOS="317" HPOS="444"/>
                  <String HEIGHT="62" WIDTH="72" VPOS="317" HPOS="408" CONTENT="si"/>
                  <SP HEIGHT="62" WIDTH="12" VPOS="317" HPOS="480"/>
                  <String HEIGHT="62" WIDTH="84" VPOS="317" HPOS="444" CONTENT="sit"/>
                  <SP HEIGHT="62" WIDTH="12" VPOS="317" HPOS="528"/>
                  <String HEIGHT="62" WIDTH="95" VPOS="317" HPOS="492" CONTENT="vere"/>
                  <SP HEIGHT="62" WIDTH="12" VPOS="317" HPOS="587"/>
                  <String HEIGHT="62" WIDTH="95" VPOS="317" HPOS="552" CONTENT="vnum"/>
                  <SP HEIGHT="62" WIDTH="12" VPOS="317" HPOS="647"/>
                  <String HEIGHT="62"
                          WIDTH="131"
                          VPOS="317"
                          HPOS="611"
                          CONTENT="tamquam"/>
                  <SP HEIGHT="62" WIDTH="12" VPOS="317" HPOS="743"/>
                  <String HEIGHT="62"
                          WIDTH="131"
                          VPOS="317"
                          HPOS="707"
                          CONTENT="partes."/>
                  <SP HEIGHT="62" WIDTH="12" VPOS="317" HPOS="838"/>
                  <String HEIGHT="62" WIDTH="95" VPOS="317" HPOS="802" CONTENT="ergo"/>
                  <SP HEIGHT="62" WIDTH="12" VPOS="317" HPOS="898"/>
                  <String HEIGHT="62" WIDTH="84" VPOS="317" HPOS="862" CONTENT="due"/>
                  <SP HEIGHT="62" WIDTH="12" VPOS="317" HPOS="945"/>
                  <String HEIGHT="62"
                          WIDTH="119"
                          VPOS="317"
                          HPOS="898"
                          CONTENT="vnitates"/>
               </TextLine>
               <TextLine ID="r1l5"
                         BASELINE="422"
                         HEIGHT="65"
                         WIDTH="705"
                         VPOS="357"
                         HPOS="307">
                  <String HEIGHT="65"
                          WIDTH="111"
                          VPOS="357"
                          HPOS="293"
                          CONTENT="vere"/>
                  <SP HEIGHT="65" WIDTH="14" VPOS="357" HPOS="404"/>
                  <String HEIGHT="65"
                          WIDTH="152"
                          VPOS="357"
                          HPOS="362"
                          CONTENT="facient"/>
                  <SP HEIGHT="65" WIDTH="14" VPOS="357" HPOS="514"/>
                  <String HEIGHT="65"
                          WIDTH="111"
                          VPOS="357"
                          HPOS="473"
                          CONTENT="vnam"/>
                  <SP HEIGHT="65" WIDTH="14" VPOS="357" HPOS="583"/>
                  <String HEIGHT="65"
                          WIDTH="166"
                          VPOS="357"
                          HPOS="542"
                          CONTENT="vnitatem"/>
                  <SP HEIGHT="65" WIDTH="14" VPOS="357" HPOS="708"/>
                  <String HEIGHT="65"
                          WIDTH="152"
                          VPOS="357"
                          HPOS="666"
                          CONTENT="numero."/>
                  <SP HEIGHT="65" WIDTH="14" VPOS="357" HPOS="818"/>
                  <String HEIGHT="65" WIDTH="83" VPOS="357" HPOS="777" CONTENT="et"/>
                  <SP HEIGHT="65" WIDTH="14" VPOS="357" HPOS="860"/>
                  <String HEIGHT="65"
                          WIDTH="124"
                          VPOS="357"
                          HPOS="818"
                          CONTENT="eadem"/>
                  <SP HEIGHT="65" WIDTH="14" VPOS="357" HPOS="943"/>
                  <String HEIGHT="65"
                          WIDTH="124"
                          VPOS="357"
                          HPOS="888"
                          CONTENT="ratione"/>
               </TextLine>
               <TextLine ID="r1l6"
                         BASELINE="465"
                         HEIGHT="60"
                         WIDTH="699"
                         VPOS="405"
                         HPOS="309">
                  <String HEIGHT="60"
                          WIDTH="140"
                          VPOS="405"
                          HPOS="293"
                          CONTENT="forme"/>
                  <SP HEIGHT="60" WIDTH="16" VPOS="405" HPOS="433"/>
                  <String HEIGHT="60"
                          WIDTH="233"
                          VPOS="405"
                          HPOS="387"
                          CONTENT="informantes"/>
                  <SP HEIGHT="60" WIDTH="16" VPOS="405" HPOS="620"/>
                  <String HEIGHT="60"
                          WIDTH="140"
                          VPOS="405"
                          HPOS="573"
                          CONTENT="illas"/>
                  <SP HEIGHT="60" WIDTH="16" VPOS="405" HPOS="713"/>
                  <String HEIGHT="60"
                          WIDTH="124"
                          VPOS="405"
                          HPOS="666"
                          CONTENT="duas"/>
                  <SP HEIGHT="60" WIDTH="16" VPOS="405" HPOS="791"/>
                  <String HEIGHT="60"
                          WIDTH="186"
                          VPOS="405"
                          HPOS="744"
                          CONTENT="vnitates"/>
                  <SP HEIGHT="60" WIDTH="16" VPOS="405" HPOS="930"/>
                  <String HEIGHT="60"
                          WIDTH="124"
                          VPOS="405"
                          HPOS="884"
                          CONTENT="vere"/>
                  <SP HEIGHT="60" WIDTH="16" VPOS="405" HPOS="1008"/>
                  <String HEIGHT="60" WIDTH="62" VPOS="405" HPOS="946" CONTENT="fa"/>
               </TextLine>
               <TextLine ID="r1l7"
                         BASELINE="507"
                         HEIGHT="51"
                         WIDTH="697"
                         VPOS="456"
                         HPOS="316">
                  <String HEIGHT="51"
                          WIDTH="121"
                          VPOS="456"
                          HPOS="303"
                          CONTENT="cient"/>
                  <SP HEIGHT="51" WIDTH="13" VPOS="456" HPOS="423"/>
                  <String HEIGHT="51"
                          WIDTH="107"
                          VPOS="456"
                          HPOS="383"
                          CONTENT="vnam"/>
                  <SP HEIGHT="51" WIDTH="13" VPOS="456" HPOS="490"/>
                  <String HEIGHT="51"
                          WIDTH="134"
                          VPOS="456"
                          HPOS="450"
                          CONTENT="formam"/>
                  <SP HEIGHT="51" WIDTH="13" VPOS="456" HPOS="584"/>
                  <String HEIGHT="51"
                          WIDTH="147"
                          VPOS="456"
                          HPOS="544"
                          CONTENT="numero:"/>
                  <SP HEIGHT="51" WIDTH="13" VPOS="456" HPOS="691"/>
                  <String HEIGHT="51"
                          WIDTH="134"
                          VPOS="456"
                          HPOS="651"
                          CONTENT="quorum"/>
                  <SP HEIGHT="51" WIDTH="13" VPOS="456" HPOS="785"/>
                  <String HEIGHT="51"
                          WIDTH="161"
                          VPOS="456"
                          HPOS="745"
                          CONTENT="vtrumque"/>
                  <SP HEIGHT="51" WIDTH="13" VPOS="456" HPOS="906"/>
                  <String HEIGHT="51" WIDTH="94" VPOS="456" HPOS="866" CONTENT="est"/>
                  <SP HEIGHT="51" WIDTH="13" VPOS="456" HPOS="959"/>
                  <String HEIGHT="51"
                          WIDTH="107"
                          VPOS="456"
                          HPOS="906"
                          CONTENT="absur"
                          SUBS_TYPE="HypPart1"
                          SUBS_CONTENT="absurdum."/>
                  <HYP CONTENT="-"/>
               </TextLine>
               <TextLine ID="r1l8"
                         BASELINE="562"
                         HEIGHT="71"
                         WIDTH="709"
                         VPOS="491"
                         HPOS="303">
                  <String HEIGHT="71"
                          WIDTH="101"
                          VPOS="491"
                          HPOS="290"
                          CONTENT="dum."
                          SUBS_TYPE="HypPart2"
                          SUBS_CONTENT="absurdum."/>
                  <SP HEIGHT="71" WIDTH="13" VPOS="491" HPOS="392"/>
                  <String HEIGHT="71"
                          WIDTH="114"
                          VPOS="491"
                          HPOS="354"
                          CONTENT="Etiam"/>
                  <SP HEIGHT="71" WIDTH="13" VPOS="491" HPOS="468"/>
                  <String HEIGHT="71"
                          WIDTH="152"
                          VPOS="491"
                          HPOS="430"
                          CONTENT="sequitur"/>
                  <SP HEIGHT="71" WIDTH="13" VPOS="491" HPOS="582"/>
                  <String HEIGHT="71"
                          WIDTH="114"
                          VPOS="491"
                          HPOS="544"
                          CONTENT="vltra"/>
                  <SP HEIGHT="71" WIDTH="13" VPOS="491" HPOS="657"/>
                  <String HEIGHT="71"
                          WIDTH="101"
                          VPOS="491"
                          HPOS="620"
                          CONTENT="quod"/>
                  <SP HEIGHT="71" WIDTH="13" VPOS="491" HPOS="721"/>
                  <String HEIGHT="71"
                          WIDTH="152"
                          VPOS="491"
                          HPOS="683"
                          CONTENT="binarius"/>
                  <SP HEIGHT="71" WIDTH="13" VPOS="491" HPOS="835"/>
                  <String HEIGHT="71"
                          WIDTH="101"
                          VPOS="491"
                          HPOS="797"
                          CONTENT="vere"/>
                  <SP HEIGHT="71" WIDTH="13" VPOS="491" HPOS="898"/>
                  <String HEIGHT="71"
                          WIDTH="114"
                          VPOS="491"
                          HPOS="860"
                          CONTENT="esset"/>
                  <SP HEIGHT="71" WIDTH="13" VPOS="491" HPOS="974"/>
                  <String HEIGHT="71"
                          WIDTH="89"
                          VPOS="491"
                          HPOS="923"
                          CONTENT="hoge"
                          SUBS_TYPE="HypPart1"
                          SUBS_CONTENT="hogenium."/>
                  <HYP CONTENT="-"/>
               </TextLine>
               <TextLine ID="r1l9"
                         BASELINE="596"
                         HEIGHT="52"
                         WIDTH="714"
                         VPOS="544"
                         HPOS="296">
                  <String HEIGHT="52"
                          WIDTH="91"
                          VPOS="544"
                          HPOS="286"
                          CONTENT="nium."
                          SUBS_TYPE="HypPart2"
                          SUBS_CONTENT="hogenium."/>
                  <SP HEIGHT="52" WIDTH="10" VPOS="544" HPOS="376"/>
                  <String HEIGHT="52" WIDTH="60" VPOS="544" HPOS="346" CONTENT="et"/>
                  <SP HEIGHT="52" WIDTH="10" VPOS="544" HPOS="407"/>
                  <String HEIGHT="52" WIDTH="70" VPOS="544" HPOS="376" CONTENT="per"/>
                  <SP HEIGHT="52" WIDTH="10" VPOS="544" HPOS="447"/>
                  <String HEIGHT="52"
                          WIDTH="141"
                          VPOS="544"
                          HPOS="417"
                          CONTENT="consequens"/>
                  <SP HEIGHT="52" WIDTH="10" VPOS="544" HPOS="557"/>
                  <String HEIGHT="52"
                          WIDTH="131"
                          VPOS="544"
                          HPOS="527"
                          CONTENT="quaelibet"/>
                  <SP HEIGHT="52" WIDTH="10" VPOS="544" HPOS="658"/>
                  <String HEIGHT="52" WIDTH="80" VPOS="544" HPOS="628" CONTENT="pars"/>
                  <SP HEIGHT="52" WIDTH="10" VPOS="544" HPOS="708"/>
                  <String HEIGHT="52"
                          WIDTH="111"
                          VPOS="544"
                          HPOS="678"
                          CONTENT="binarii"/>
                  <SP HEIGHT="52" WIDTH="10" VPOS="544" HPOS="789"/>
                  <String HEIGHT="52" WIDTH="80" VPOS="544" HPOS="759" CONTENT="erit"/>
                  <SP HEIGHT="52" WIDTH="10" VPOS="544" HPOS="839"/>
                  <String HEIGHT="52"
                          WIDTH="131"
                          VPOS="544"
                          HPOS="809"
                          CONTENT="binarius."/>
                  <SP HEIGHT="52" WIDTH="10" VPOS="544" HPOS="940"/>
                  <String HEIGHT="52" WIDTH="70" VPOS="544" HPOS="909" CONTENT="sic"/>
                  <SP HEIGHT="52" WIDTH="10" VPOS="544" HPOS="980"/>
                  <String HEIGHT="52"
                          WIDTH="70"
                          VPOS="544"
                          HPOS="940"
                          CONTENT="quae"
                          SUBS_TYPE="HypPart1"
                          SUBS_CONTENT="quaelibet"/>
                  <HYP CONTENT="-"/>
               </TextLine>
               <TextLine ID="r1l10"
                         BASELINE="643"
                         HEIGHT="62"
                         WIDTH="725"
                         VPOS="581"
                         HPOS="291">
                  <String HEIGHT="62"
                          WIDTH="114"
                          VPOS="581"
                          HPOS="278"
                          CONTENT="libet"
                          SUBS_TYPE="HypPart2"
                          SUBS_CONTENT="quaelibet"/>
                  <SP HEIGHT="62" WIDTH="13" VPOS="581" HPOS="393"/>
                  <String HEIGHT="62"
                          WIDTH="102"
                          VPOS="581"
                          HPOS="355"
                          CONTENT="pars"/>
                  <SP HEIGHT="62" WIDTH="13" VPOS="581" HPOS="456"/>
                  <String HEIGHT="62"
                          WIDTH="114"
                          VPOS="581"
                          HPOS="418"
                          CONTENT="ignis"/>
                  <SP HEIGHT="62" WIDTH="13" VPOS="581" HPOS="533"/>
                  <String HEIGHT="62" WIDTH="89" VPOS="581" HPOS="495" CONTENT="est"/>
                  <SP HEIGHT="62" WIDTH="13" VPOS="581" HPOS="584"/>
                  <String HEIGHT="62"
                          WIDTH="127"
                          VPOS="581"
                          HPOS="545"
                          CONTENT="ignis."/>
                  <SP HEIGHT="62" WIDTH="13" VPOS="581" HPOS="673"/>
                  <String HEIGHT="62"
                          WIDTH="140"
                          VPOS="581"
                          HPOS="634"
                          CONTENT="Probato"/>
                  <SP HEIGHT="62" WIDTH="13" VPOS="581" HPOS="774"/>
                  <String HEIGHT="62"
                          WIDTH="114"
                          VPOS="581"
                          HPOS="736"
                          CONTENT="prime"/>
                  <SP HEIGHT="62" WIDTH="13" VPOS="581" HPOS="851"/>
                  <String HEIGHT="62"
                          WIDTH="191"
                          VPOS="581"
                          HPOS="812"
                          CONTENT="consequeni."/>
                  <SP HEIGHT="62" WIDTH="13" VPOS="581" HPOS="1003"/>
                  <String HEIGHT="62" WIDTH="64" VPOS="581" HPOS="952" CONTENT="Nam"/>
               </TextLine>
               <TextLine ID="r1l11"
                         BASELINE="687"
                         HEIGHT="59"
                         WIDTH="715"
                         VPOS="628"
                         HPOS="295">
                  <String HEIGHT="59"
                          WIDTH="126"
                          VPOS="628"
                          HPOS="284"
                          CONTENT="secundum"/>
                  <SP HEIGHT="59" WIDTH="11" VPOS="628" HPOS="411"/>
                  <String HEIGHT="59"
                          WIDTH="137"
                          VPOS="628"
                          HPOS="379"
                          CONTENT="principia"/>
                  <SP HEIGHT="59" WIDTH="11" VPOS="628" HPOS="516"/>
                  <String HEIGHT="59"
                          WIDTH="147"
                          VPOS="628"
                          HPOS="484"
                          CONTENT="philosophi"/>
                  <SP HEIGHT="59" WIDTH="11" VPOS="628" HPOS="631"/>
                  <String HEIGHT="59"
                          WIDTH="168"
                          VPOS="628"
                          HPOS="600"
                          CONTENT="quandocumque"/>
                  <SP HEIGHT="59" WIDTH="11" VPOS="628" HPOS="768"/>
                  <String HEIGHT="59" WIDTH="74" VPOS="628" HPOS="737" CONTENT="est"/>
                  <SP HEIGHT="59" WIDTH="11" VPOS="628" HPOS="810"/>
                  <String HEIGHT="59"
                          WIDTH="116"
                          VPOS="628"
                          HPOS="779"
                          CONTENT="aliquod"/>
                  <SP HEIGHT="59" WIDTH="11" VPOS="628" HPOS="894"/>
                  <String HEIGHT="59"
                          WIDTH="147"
                          VPOS="628"
                          HPOS="863"
                          CONTENT="compositum"/>
                  <SP HEIGHT="59" WIDTH="11" VPOS="628" HPOS="1010"/>
                  <String HEIGHT="59" WIDTH="42" VPOS="628" HPOS="968" CONTENT="ex"/>
               </TextLine>
               <TextLine ID="r1l12"
                         BASELINE="723"
                         HEIGHT="47"
                         WIDTH="716"
                         VPOS="676"
                         HPOS="291">
                  <String HEIGHT="47"
                          WIDTH="128"
                          VPOS="676"
                          HPOS="280"
                          CONTENT="partibus"/>
                  <SP HEIGHT="47" WIDTH="11" VPOS="676" HPOS="409"/>
                  <String HEIGHT="47"
                          WIDTH="128"
                          VPOS="676"
                          HPOS="376"
                          CONTENT="alterius"/>
                  <SP HEIGHT="47" WIDTH="11" VPOS="676" HPOS="505"/>
                  <String HEIGHT="47"
                          WIDTH="128"
                          VPOS="676"
                          HPOS="473"
                          CONTENT="rationis"/>
                  <SP HEIGHT="47" WIDTH="11" VPOS="676" HPOS="601"/>
                  <String HEIGHT="47" WIDTH="64" VPOS="676" HPOS="569" CONTENT="et"/>
                  <SP HEIGHT="47" WIDTH="11" VPOS="676" HPOS="633"/>
                  <String HEIGHT="47" WIDTH="75" VPOS="676" HPOS="601" CONTENT="est"/>
                  <SP HEIGHT="47" WIDTH="11" VPOS="676" HPOS="676"/>
                  <String HEIGHT="47" WIDTH="75" VPOS="676" HPOS="644" CONTENT="per"/>
                  <SP HEIGHT="47" WIDTH="11" VPOS="676" HPOS="718"/>
                  <String HEIGHT="47" WIDTH="64" VPOS="676" HPOS="686" CONTENT="se"/>
                  <SP HEIGHT="47" WIDTH="11" VPOS="676" HPOS="751"/>
                  <String HEIGHT="47"
                          WIDTH="96"
                          VPOS="676"
                          HPOS="718"
                          CONTENT="vnum."/>
                  <SP HEIGHT="47" WIDTH="11" VPOS="676" HPOS="815"/>
                  <String HEIGHT="47"
                          WIDTH="150"
                          VPOS="676"
                          HPOS="783"
                          CONTENT="necessario"/>
                  <SP HEIGHT="47" WIDTH="11" VPOS="676" HPOS="932"/>
                  <String HEIGHT="47"
                          WIDTH="118"
                          VPOS="676"
                          HPOS="889"
                          CONTENT="quaelibet"/>
               </TextLine>
               <TextLine ID="r1l13"
                         BASELINE="775"
                         HEIGHT="61"
                         WIDTH="712"
                         VPOS="714"
                         HPOS="291">
                  <String HEIGHT="61" WIDTH="92" VPOS="714" HPOS="280" CONTENT="pars"/>
                  <SP HEIGHT="61" WIDTH="11" VPOS="714" HPOS="371"/>
                  <String HEIGHT="61"
                          WIDTH="149"
                          VPOS="714"
                          HPOS="337"
                          CONTENT="composita"/>
                  <SP HEIGHT="61" WIDTH="11" VPOS="714" HPOS="486"/>
                  <String HEIGHT="61" WIDTH="69" VPOS="714" HPOS="452" CONTENT="ex"/>
                  <SP HEIGHT="61" WIDTH="11" VPOS="714" HPOS="521"/>
                  <String HEIGHT="61"
                          WIDTH="138"
                          VPOS="714"
                          HPOS="486"
                          CONTENT="partibus"/>
                  <SP HEIGHT="61" WIDTH="11" VPOS="714" HPOS="624"/>
                  <String HEIGHT="61"
                          WIDTH="138"
                          VPOS="714"
                          HPOS="590"
                          CONTENT="alterius"/>
                  <SP HEIGHT="61" WIDTH="11" VPOS="714" HPOS="727"/>
                  <String HEIGHT="61"
                          WIDTH="138"
                          VPOS="714"
                          HPOS="693"
                          CONTENT="rationis"/>
                  <SP HEIGHT="61" WIDTH="11" VPOS="714" HPOS="831"/>
                  <String HEIGHT="61" WIDTH="80" VPOS="714" HPOS="796" CONTENT="est"/>
                  <SP HEIGHT="61" WIDTH="11" VPOS="714" HPOS="877"/>
                  <String HEIGHT="61"
                          WIDTH="126"
                          VPOS="714"
                          HPOS="842"
                          CONTENT="eiusdem"/>
                  <SP HEIGHT="61" WIDTH="11" VPOS="714" HPOS="969"/>
                  <String HEIGHT="61"
                          WIDTH="80"
                          VPOS="714"
                          HPOS="923"
                          CONTENT="ratio"/>
               </TextLine>
               <TextLine ID="r1l14"
                         BASELINE="814"
                         HEIGHT="51"
                         WIDTH="704"
                         VPOS="763"
                         HPOS="295">
                  <String HEIGHT="51" WIDTH="95" VPOS="763" HPOS="281" CONTENT="nis"/>
                  <SP HEIGHT="51" WIDTH="14" VPOS="763" HPOS="376"/>
                  <String HEIGHT="51" WIDTH="95" VPOS="763" HPOS="336" CONTENT="cum"/>
                  <SP HEIGHT="51" WIDTH="14" VPOS="763" HPOS="430"/>
                  <String HEIGHT="51"
                          WIDTH="108"
                          VPOS="763"
                          HPOS="390"
                          CONTENT="illo"/>
                  <SP HEIGHT="51" WIDTH="14" VPOS="763" HPOS="498"/>
                  <String HEIGHT="51"
                          WIDTH="122"
                          VPOS="763"
                          HPOS="457"
                          CONTENT="toto."/>
                  <SP HEIGHT="51" WIDTH="14" VPOS="763" HPOS="579"/>
                  <String HEIGHT="51" WIDTH="81" VPOS="763" HPOS="539" CONTENT="et"/>
                  <SP HEIGHT="51" WIDTH="14" VPOS="763" HPOS="620"/>
                  <String HEIGHT="51" WIDTH="95" VPOS="763" HPOS="579" CONTENT="hoc"/>
                  <SP HEIGHT="51" WIDTH="14" VPOS="763" HPOS="674"/>
                  <String HEIGHT="51"
                          WIDTH="135"
                          VPOS="763"
                          HPOS="633"
                          CONTENT="maxime"/>
                  <SP HEIGHT="51" WIDTH="14" VPOS="763" HPOS="769"/>
                  <String HEIGHT="51" WIDTH="95" VPOS="763" HPOS="728" CONTENT="est"/>
                  <SP HEIGHT="51" WIDTH="14" VPOS="763" HPOS="823"/>
                  <String HEIGHT="51"
                          WIDTH="135"
                          VPOS="763"
                          HPOS="782"
                          CONTENT="verum."/>
                  <SP HEIGHT="51" WIDTH="14" VPOS="763" HPOS="918"/>
                  <String HEIGHT="51" WIDTH="81" VPOS="763" HPOS="877" CONTENT="si"/>
                  <SP HEIGHT="51" WIDTH="14" VPOS="763" HPOS="958"/>
                  <String HEIGHT="51"
                          WIDTH="95"
                          VPOS="763"
                          HPOS="904"
                          CONTENT="nulla"/>
               </TextLine>
               <TextLine ID="r1l15"
                         BASELINE="863"
                         HEIGHT="61"
                         WIDTH="715"
                         VPOS="802"
                         HPOS="295">
                  <String HEIGHT="61" WIDTH="97" VPOS="802" HPOS="283" CONTENT="pars"/>
                  <SP HEIGHT="61" WIDTH="12" VPOS="802" HPOS="380"/>
                  <String HEIGHT="61"
                          WIDTH="109"
                          VPOS="802"
                          HPOS="343"
                          CONTENT="habet"/>
                  <SP HEIGHT="61" WIDTH="12" VPOS="802" HPOS="453"/>
                  <String HEIGHT="61"
                          WIDTH="170"
                          VPOS="802"
                          HPOS="416"
                          CONTENT="accidentia"/>
                  <SP HEIGHT="61" WIDTH="12" VPOS="802" HPOS="586"/>
                  <String HEIGHT="61"
                          WIDTH="145"
                          VPOS="802"
                          HPOS="549"
                          CONTENT="alterius"/>
                  <SP HEIGHT="61" WIDTH="12" VPOS="802" HPOS="695"/>
                  <String HEIGHT="61"
                          WIDTH="145"
                          VPOS="802"
                          HPOS="659"
                          CONTENT="rationis"/>
                  <SP HEIGHT="61" WIDTH="12" VPOS="802" HPOS="804"/>
                  <String HEIGHT="61" WIDTH="73" VPOS="802" HPOS="768" CONTENT="ab"/>
                  <SP HEIGHT="61" WIDTH="12" VPOS="802" HPOS="840"/>
                  <String HEIGHT="61"
                          WIDTH="194"
                          VPOS="802"
                          HPOS="804"
                          CONTENT="accidentibus"/>
                  <SP HEIGHT="61" WIDTH="12" VPOS="802" HPOS="998"/>
                  <String HEIGHT="61"
                          WIDTH="61"
                          VPOS="802"
                          HPOS="949"
                          CONTENT="al"
                          SUBS_TYPE="HypPart1"
                          SUBS_CONTENT="alterius"/>
                  <HYP CONTENT="-"/>
               </TextLine>
               <TextLine ID="r1l16"
                         BASELINE="903"
                         HEIGHT="50"
                         WIDTH="704"
                         VPOS="853"
                         HPOS="297">
                  <String HEIGHT="50"
                          WIDTH="126"
                          VPOS="853"
                          HPOS="284"
                          CONTENT="terius"
                          SUBS_TYPE="HypPart2"
                          SUBS_CONTENT="alterius"/>
                  <SP HEIGHT="50" WIDTH="13" VPOS="853" HPOS="410"/>
                  <String HEIGHT="50"
                          WIDTH="126"
                          VPOS="853"
                          HPOS="372"
                          CONTENT="partis"/>
                  <SP HEIGHT="50" WIDTH="13" VPOS="853" HPOS="498"/>
                  <String HEIGHT="50" WIDTH="88" VPOS="853" HPOS="460" CONTENT="Non"/>
                  <SP HEIGHT="50" WIDTH="13" VPOS="853" HPOS="548"/>
                  <String HEIGHT="50"
                          WIDTH="101"
                          VPOS="853"
                          HPOS="511"
                          CONTENT="enim"/>
                  <SP HEIGHT="50" WIDTH="13" VPOS="853" HPOS="611"/>
                  <String HEIGHT="50"
                          WIDTH="126"
                          VPOS="853"
                          HPOS="574"
                          CONTENT="potest"/>
                  <SP HEIGHT="50" WIDTH="13" VPOS="853" HPOS="699"/>
                  <String HEIGHT="50"
                          WIDTH="101"
                          VPOS="853"
                          HPOS="662"
                          CONTENT="alia"/>
                  <SP HEIGHT="50" WIDTH="13" VPOS="853" HPOS="762"/>
                  <String HEIGHT="50"
                          WIDTH="113"
                          VPOS="853"
                          HPOS="724"
                          CONTENT="ratio"/>
                  <SP HEIGHT="50" WIDTH="13" VPOS="853" HPOS="838"/>
                  <String HEIGHT="50"
                          WIDTH="163"
                          VPOS="853"
                          HPOS="800"
                          CONTENT="assignari"/>
                  <SP HEIGHT="50" WIDTH="13" VPOS="853" HPOS="963"/>
                  <String HEIGHT="50"
                          WIDTH="88"
                          VPOS="853"
                          HPOS="913"
                          CONTENT="quare"/>
               </TextLine>
               <TextLine ID="r1l17"
                         BASELINE="950"
                         HEIGHT="61"
                         WIDTH="696"
                         VPOS="889"
                         HPOS="298">
                  <String HEIGHT="61"
                          WIDTH="141"
                          VPOS="889"
                          HPOS="287"
                          CONTENT="quaelibet"/>
                  <SP HEIGHT="61" WIDTH="11" VPOS="889" HPOS="429"/>
                  <String HEIGHT="61" WIDTH="87" VPOS="889" HPOS="396" CONTENT="pars"/>
                  <SP HEIGHT="61" WIDTH="11" VPOS="889" HPOS="483"/>
                  <String HEIGHT="61"
                          WIDTH="98"
                          VPOS="889"
                          HPOS="450"
                          CONTENT="ignis"/>
                  <SP HEIGHT="61" WIDTH="11" VPOS="889" HPOS="548"/>
                  <String HEIGHT="61" WIDTH="76" VPOS="889" HPOS="516" CONTENT="est"/>
                  <SP HEIGHT="61" WIDTH="11" VPOS="889" HPOS="592"/>
                  <String HEIGHT="61"
                          WIDTH="98"
                          VPOS="889"
                          HPOS="559"
                          CONTENT="ignis"/>
                  <SP HEIGHT="61" WIDTH="11" VPOS="889" HPOS="657"/>
                  <String HEIGHT="61" WIDTH="87" VPOS="889" HPOS="624" CONTENT="nisi"/>
                  <SP HEIGHT="61" WIDTH="11" VPOS="889" HPOS="711"/>
                  <String HEIGHT="61" WIDTH="87" VPOS="889" HPOS="679" CONTENT="quia"/>
                  <SP HEIGHT="61" WIDTH="11" VPOS="889" HPOS="766"/>
                  <String HEIGHT="61"
                          WIDTH="141"
                          VPOS="889"
                          HPOS="733"
                          CONTENT="quaelibet"/>
                  <SP HEIGHT="61" WIDTH="11" VPOS="889" HPOS="874"/>
                  <String HEIGHT="61"
                          WIDTH="141"
                          VPOS="889"
                          HPOS="842"
                          CONTENT="partialis"/>
                  <SP HEIGHT="61" WIDTH="11" VPOS="889" HPOS="983"/>
                  <String HEIGHT="61" WIDTH="54" VPOS="889" HPOS="940" CONTENT="for"/>
               </TextLine>
               <TextLine ID="r1l18"
                         BASELINE="1000"
                         HEIGHT="58"
                         WIDTH="701"
                         VPOS="942"
                         HPOS="300">
                  <String HEIGHT="58" WIDTH="77" VPOS="942" HPOS="289" CONTENT="mam"/>
                  <SP HEIGHT="58" WIDTH="11" VPOS="942" HPOS="366"/>
                  <String HEIGHT="58" WIDTH="66" VPOS="942" HPOS="333" CONTENT="et"/>
                  <SP HEIGHT="58" WIDTH="11" VPOS="942" HPOS="399"/>
                  <String HEIGHT="58"
                          WIDTH="142"
                          VPOS="942"
                          HPOS="366"
                          CONTENT="quaelibet"/>
                  <SP HEIGHT="58" WIDTH="11" VPOS="942" HPOS="508"/>
                  <String HEIGHT="58"
                          WIDTH="142"
                          VPOS="942"
                          HPOS="475"
                          CONTENT="partialis"/>
                  <SP HEIGHT="58" WIDTH="11" VPOS="942" HPOS="618"/>
                  <String HEIGHT="58"
                          WIDTH="120"
                          VPOS="942"
                          HPOS="585"
                          CONTENT="materia"/>
                  <SP HEIGHT="58" WIDTH="11" VPOS="942" HPOS="705"/>
                  <String HEIGHT="58" WIDTH="77" VPOS="942" HPOS="672" CONTENT="est"/>
                  <SP HEIGHT="58" WIDTH="11" VPOS="942" HPOS="749"/>
                  <String HEIGHT="58"
                          WIDTH="120"
                          VPOS="942"
                          HPOS="716"
                          CONTENT="eiusdem"/>
                  <SP HEIGHT="58" WIDTH="11" VPOS="942" HPOS="837"/>
                  <String HEIGHT="58"
                          WIDTH="142"
                          VPOS="942"
                          HPOS="804"
                          CONTENT="rationis."/>
                  <SP HEIGHT="58" WIDTH="11" VPOS="942" HPOS="946"/>
                  <String HEIGHT="58" WIDTH="88" VPOS="942" HPOS="913" CONTENT="ergo"/>
                  <SP HEIGHT="58" WIDTH="11" VPOS="942" HPOS="1001"/>
                  <String HEIGHT="58" WIDTH="44" VPOS="942" HPOS="957" CONTENT="si"/>
               </TextLine>
               <TextLine ID="r1l19"
                         BASELINE="1040"
                         HEIGHT="57"
                         WIDTH="716"
                         VPOS="983"
                         HPOS="290">
                  <String HEIGHT="57"
                          WIDTH="162"
                          VPOS="983"
                          HPOS="276"
                          CONTENT="quelibet"/>
                  <SP HEIGHT="57" WIDTH="14" VPOS="983" HPOS="439"/>
                  <String HEIGHT="57"
                          WIDTH="176"
                          VPOS="983"
                          HPOS="398"
                          CONTENT="partialis"/>
                  <SP HEIGHT="57" WIDTH="14" VPOS="983" HPOS="574"/>
                  <String HEIGHT="57"
                          WIDTH="122"
                          VPOS="983"
                          HPOS="533"
                          CONTENT="forma"/>
                  <SP HEIGHT="57" WIDTH="14" VPOS="983" HPOS="655"/>
                  <String HEIGHT="57"
                          WIDTH="149"
                          VPOS="983"
                          HPOS="614"
                          CONTENT="binarii"/>
                  <SP HEIGHT="57" WIDTH="14" VPOS="983" HPOS="763"/>
                  <String HEIGHT="57" WIDTH="81" VPOS="983" HPOS="722" CONTENT="et"/>
                  <SP HEIGHT="57" WIDTH="14" VPOS="983" HPOS="803"/>
                  <String HEIGHT="57"
                          WIDTH="176"
                          VPOS="983"
                          HPOS="763"
                          CONTENT="quaelibet"/>
                  <SP HEIGHT="57" WIDTH="14" VPOS="983" HPOS="938"/>
                  <String HEIGHT="57"
                          WIDTH="108"
                          VPOS="983"
                          HPOS="898"
                          CONTENT="pars"/>
                  <SP HEIGHT="57" WIDTH="14" VPOS="983" HPOS="1006"/>
                  <String HEIGHT="57" WIDTH="54" VPOS="983" HPOS="952" CONTENT="ma"/>
               </TextLine>
               <TextLine ID="r1l20"
                         BASELINE="1082"
                         HEIGHT="59"
                         WIDTH="716"
                         VPOS="1023"
                         HPOS="286">
                  <String HEIGHT="59"
                          WIDTH="115"
                          VPOS="1023"
                          HPOS="273"
                          CONTENT="terie"/>
                  <SP HEIGHT="59" WIDTH="13" VPOS="1023" HPOS="388"/>
                  <String HEIGHT="59"
                          WIDTH="128"
                          VPOS="1023"
                          HPOS="350"
                          CONTENT="ipsius"/>
                  <SP HEIGHT="59" WIDTH="13" VPOS="1023" HPOS="478"/>
                  <String HEIGHT="59"
                          WIDTH="141"
                          VPOS="1023"
                          HPOS="439"
                          CONTENT="binarii"/>
                  <SP HEIGHT="59" WIDTH="13" VPOS="1023" HPOS="580"/>
                  <String HEIGHT="59" WIDTH="90" VPOS="1023" HPOS="542" CONTENT="est"/>
                  <SP HEIGHT="59" WIDTH="13" VPOS="1023" HPOS="631"/>
                  <String HEIGHT="59"
                          WIDTH="141"
                          VPOS="1023"
                          HPOS="593"
                          CONTENT="eiusdem"/>
                  <SP HEIGHT="59" WIDTH="13" VPOS="1023" HPOS="733"/>
                  <String HEIGHT="59"
                          WIDTH="166"
                          VPOS="1023"
                          HPOS="695"
                          CONTENT="rationis."/>
                  <SP HEIGHT="59" WIDTH="13" VPOS="1023" HPOS="861"/>
                  <String HEIGHT="59"
                          WIDTH="153"
                          VPOS="1023"
                          HPOS="823"
                          CONTENT="binarius"/>
                  <SP HEIGHT="59" WIDTH="13" VPOS="1023" HPOS="976"/>
                  <String HEIGHT="59"
                          WIDTH="77"
                          VPOS="1023"
                          HPOS="925"
                          CONTENT="vere"/>
               </TextLine>
               <TextLine ID="r1l21"
                         BASELINE="1128"
                         HEIGHT="57"
                         WIDTH="704"
                         VPOS="1071"
                         HPOS="291">
                  <String HEIGHT="57"
                          WIDTH="104"
                          VPOS="1071"
                          HPOS="278"
                          CONTENT="erit"/>
                  <SP HEIGHT="57" WIDTH="13" VPOS="1071" HPOS="382"/>
                  <String HEIGHT="57"
                          WIDTH="196"
                          VPOS="1071"
                          HPOS="343"
                          CONTENT="homogenium."/>
                  <SP HEIGHT="57" WIDTH="13" VPOS="1071" HPOS="539"/>
                  <String HEIGHT="57" WIDTH="78" VPOS="1071" HPOS="500" CONTENT="et"/>
                  <SP HEIGHT="57" WIDTH="13" VPOS="1071" HPOS="578"/>
                  <String HEIGHT="57"
                          WIDTH="169"
                          VPOS="1071"
                          HPOS="539"
                          CONTENT="quaelibet"/>
                  <SP HEIGHT="57" WIDTH="13" VPOS="1071" HPOS="708"/>
                  <String HEIGHT="57"
                          WIDTH="104"
                          VPOS="1071"
                          HPOS="669"
                          CONTENT="pars"/>
                  <SP HEIGHT="57" WIDTH="13" VPOS="1071" HPOS="773"/>
                  <String HEIGHT="57"
                          WIDTH="169"
                          VPOS="1071"
                          HPOS="734"
                          CONTENT="composita"/>
                  <SP HEIGHT="57" WIDTH="13" VPOS="1071" HPOS="904"/>
                  <String HEIGHT="57" WIDTH="78" VPOS="1071" HPOS="865" CONTENT="ex"/>
                  <SP HEIGHT="57" WIDTH="13" VPOS="1071" HPOS="943"/>
                  <String HEIGHT="57"
                          WIDTH="104"
                          VPOS="1071"
                          HPOS="891"
                          CONTENT="poten"
                          SUBS_TYPE="HypPart1"
                          SUBS_CONTENT="potentionali"/>
                  <HYP CONTENT="-"/>
               </TextLine>
               <TextLine ID="r1l22"
                         BASELINE="1168"
                         HEIGHT="54"
                         WIDTH="709"
                         VPOS="1114"
                         HPOS="293">
                  <String HEIGHT="54"
                          WIDTH="134"
                          VPOS="1114"
                          HPOS="281"
                          CONTENT="tionali"
                          SUBS_TYPE="HypPart2"
                          SUBS_CONTENT="potentionali"/>
                  <SP HEIGHT="54" WIDTH="12" VPOS="1114" HPOS="415"/>
                  <String HEIGHT="54" WIDTH="73" VPOS="1114" HPOS="379" CONTENT="et"/>
                  <SP HEIGHT="54" WIDTH="12" VPOS="1114" HPOS="452"/>
                  <String HEIGHT="54"
                          WIDTH="134"
                          VPOS="1114"
                          HPOS="415"
                          CONTENT="actuali"/>
                  <SP HEIGHT="54" WIDTH="12" VPOS="1114" HPOS="550"/>
                  <String HEIGHT="54"
                          WIDTH="98"
                          VPOS="1114"
                          HPOS="513"
                          CONTENT="erit"/>
                  <SP HEIGHT="54" WIDTH="12" VPOS="1114" HPOS="611"/>
                  <String HEIGHT="54"
                          WIDTH="98"
                          VPOS="1114"
                          HPOS="574"
                          CONTENT="vere"/>
                  <SP HEIGHT="54" WIDTH="12" VPOS="1114" HPOS="672"/>
                  <String HEIGHT="54"
                          WIDTH="159"
                          VPOS="1114"
                          HPOS="635"
                          CONTENT="binarius."/>
                  <SP HEIGHT="54" WIDTH="12" VPOS="1114" HPOS="794"/>
                  <String HEIGHT="54"
                          WIDTH="98"
                          VPOS="1114"
                          HPOS="758"
                          CONTENT="quod"/>
                  <SP HEIGHT="54" WIDTH="12" VPOS="1114" HPOS="855"/>
                  <String HEIGHT="54" WIDTH="86" VPOS="1114" HPOS="819" CONTENT="est"/>
                  <SP HEIGHT="54" WIDTH="12" VPOS="1114" HPOS="904"/>
                  <String HEIGHT="54" WIDTH="86" VPOS="1114" HPOS="868" CONTENT="con"/>
                  <SP HEIGHT="54" WIDTH="12" VPOS="1114" HPOS="953"/>
                  <String HEIGHT="54"
                          WIDTH="98"
                          VPOS="1114"
                          HPOS="904"
                          CONTENT="princi"/>
               </TextLine>
               <TextLine ID="r1l23"
                         BASELINE="1217"
                         HEIGHT="62"
                         WIDTH="700"
                         VPOS="1155"
                         HPOS="295">
                  <String HEIGHT="62" WIDTH="62" VPOS="1155" HPOS="286" CONTENT="pia"/>
                  <SP HEIGHT="62" WIDTH="9" VPOS="1155" HPOS="348"/>
                  <String HEIGHT="62"
                          WIDTH="133"
                          VPOS="1155"
                          HPOS="322"
                          CONTENT="philosophi."/>
                  <SP HEIGHT="62" WIDTH="9" VPOS="1155" HPOS="454"/>
                  <String HEIGHT="62"
                          WIDTH="71"
                          VPOS="1155"
                          HPOS="428"
                          CONTENT="ergo"/>
                  <SP HEIGHT="62" WIDTH="9" VPOS="1155" HPOS="499"/>
                  <String HEIGHT="62"
                          WIDTH="106"
                          VPOS="1155"
                          HPOS="472"
                          CONTENT="secundum"/>
                  <SP HEIGHT="62" WIDTH="9" VPOS="1155" HPOS="579"/>
                  <String HEIGHT="62"
                          WIDTH="115"
                          VPOS="1155"
                          HPOS="552"
                          CONTENT="principia"/>
                  <SP HEIGHT="62" WIDTH="9" VPOS="1155" HPOS="667"/>
                  <String HEIGHT="62"
                          WIDTH="124"
                          VPOS="1155"
                          HPOS="641"
                          CONTENT="philosophi"/>
                  <SP HEIGHT="62" WIDTH="9" VPOS="1155" HPOS="765"/>
                  <String HEIGHT="62"
                          WIDTH="89"
                          VPOS="1155"
                          HPOS="738"
                          CONTENT="nullus"/>
                  <SP HEIGHT="62" WIDTH="9" VPOS="1155" HPOS="827"/>
                  <String HEIGHT="62"
                          WIDTH="97"
                          VPOS="1155"
                          HPOS="800"
                          CONTENT="numerus"/>
                  <SP HEIGHT="62" WIDTH="9" VPOS="1155" HPOS="898"/>
                  <String HEIGHT="62" WIDTH="62" VPOS="1155" HPOS="871" CONTENT="est"/>
                  <SP HEIGHT="62" WIDTH="9" VPOS="1155" HPOS="933"/>
                  <String HEIGHT="62"
                          WIDTH="80"
                          VPOS="1155"
                          HPOS="906"
                          CONTENT="talis"/>
                  <SP HEIGHT="62" WIDTH="9" VPOS="1155" HPOS="986"/>
                  <String HEIGHT="62" WIDTH="44" VPOS="1155" HPOS="951" CONTENT="res"/>
               </TextLine>
               <TextLine ID="r1l24"
                         BASELINE="1255"
                         HEIGHT="50"
                         WIDTH="695"
                         VPOS="1205"
                         HPOS="294">
                  <String HEIGHT="50" WIDTH="82" VPOS="1205" HPOS="282" CONTENT="vna"/>
                  <SP HEIGHT="50" WIDTH="12" VPOS="1205" HPOS="365"/>
                  <String HEIGHT="50"
                          WIDTH="153"
                          VPOS="1205"
                          HPOS="329"
                          CONTENT="distincta"/>
                  <SP HEIGHT="50" WIDTH="12" VPOS="1205" HPOS="482"/>
                  <String HEIGHT="50" WIDTH="71" VPOS="1205" HPOS="447" CONTENT="ab"/>
                  <SP HEIGHT="50" WIDTH="12" VPOS="1205" HPOS="518"/>
                  <String HEIGHT="50"
                          WIDTH="130"
                          VPOS="1205"
                          HPOS="482"
                          CONTENT="omnibus"/>
                  <SP HEIGHT="50" WIDTH="12" VPOS="1205" HPOS="612"/>
                  <String HEIGHT="50"
                          WIDTH="106"
                          VPOS="1205"
                          HPOS="577"
                          CONTENT="aliis"/>
                  <SP HEIGHT="50" WIDTH="12" VPOS="1205" HPOS="683"/>
                  <String HEIGHT="50"
                          WIDTH="118"
                          VPOS="1205"
                          HPOS="647"
                          CONTENT="rebus."/>
                  <SP HEIGHT="50" WIDTH="12" VPOS="1205" HPOS="765"/>
                  <String HEIGHT="50" WIDTH="71" VPOS="1205" HPOS="730" CONTENT="et"/>
                  <SP HEIGHT="50" WIDTH="12" VPOS="1205" HPOS="801"/>
                  <String HEIGHT="50" WIDTH="82" VPOS="1205" HPOS="765" CONTENT="per"/>
                  <SP HEIGHT="50" WIDTH="12" VPOS="1205" HPOS="848"/>
                  <String HEIGHT="50"
                          WIDTH="165"
                          VPOS="1205"
                          HPOS="812"
                          CONTENT="consequens"/>
                  <SP HEIGHT="50" WIDTH="12" VPOS="1205" HPOS="977"/>
                  <String HEIGHT="50" WIDTH="59" VPOS="1205" HPOS="930" CONTENT="mul"/>
               </TextLine>
               <TextLine ID="r1l25"
                         BASELINE="1307"
                         HEIGHT="67"
                         WIDTH="704"
                         VPOS="1240"
                         HPOS="294">
                  <String HEIGHT="67" WIDTH="77" VPOS="1240" HPOS="281" CONTENT="to"/>
                  <SP HEIGHT="67" WIDTH="13" VPOS="1240" HPOS="358"/>
                  <String HEIGHT="67"
                          WIDTH="141"
                          VPOS="1240"
                          HPOS="320"
                          CONTENT="fortius"/>
                  <SP HEIGHT="67" WIDTH="13" VPOS="1240" HPOS="460"/>
                  <String HEIGHT="67" WIDTH="90" VPOS="1240" HPOS="422" CONTENT="nec"/>
                  <SP HEIGHT="67" WIDTH="13" VPOS="1240" HPOS="512"/>
                  <String HEIGHT="67"
                          WIDTH="179"
                          VPOS="1240"
                          HPOS="473"
                          CONTENT="dupleitas."/>
                  <SP HEIGHT="67" WIDTH="13" VPOS="1240" HPOS="652"/>
                  <String HEIGHT="67" WIDTH="64" VPOS="1240" HPOS="614" CONTENT=""/>
                  <SP HEIGHT="67" WIDTH="13" VPOS="1240" HPOS="678"/>
                  <String HEIGHT="67"
                          WIDTH="154"
                          VPOS="1240"
                          HPOS="640"
                          CONTENT="Preterea"/>
                  <SP HEIGHT="67" WIDTH="13" VPOS="1240" HPOS="793"/>
                  <String HEIGHT="67"
                          WIDTH="154"
                          VPOS="1240"
                          HPOS="755"
                          CONTENT="secundum"/>
                  <SP HEIGHT="67" WIDTH="13" VPOS="1240" HPOS="908"/>
                  <String HEIGHT="67"
                          WIDTH="141"
                          VPOS="1240"
                          HPOS="857"
                          CONTENT="principia"/>
               </TextLine>
               <TextLine ID="r1l26"
                         BASELINE="1349"
                         HEIGHT="58"
                         WIDTH="715"
                         VPOS="1291"
                         HPOS="286">
                  <String HEIGHT="58"
                          WIDTH="164"
                          VPOS="1291"
                          HPOS="274"
                          CONTENT="philosophi"/>
                  <SP HEIGHT="58" WIDTH="12" VPOS="1291" HPOS="438"/>
                  <String HEIGHT="58"
                          WIDTH="129"
                          VPOS="1291"
                          HPOS="403"
                          CONTENT="numquam"/>
                  <SP HEIGHT="58" WIDTH="12" VPOS="1291" HPOS="532"/>
                  <String HEIGHT="58"
                          WIDTH="211"
                          VPOS="1291"
                          HPOS="497"
                          CONTENT="praedicamentum"/>
                  <SP HEIGHT="58" WIDTH="12" VPOS="1291" HPOS="708"/>
                  <String HEIGHT="58"
                          WIDTH="176"
                          VPOS="1291"
                          HPOS="673"
                          CONTENT="accidentale"/>
                  <SP HEIGHT="58" WIDTH="12" VPOS="1291" HPOS="849"/>
                  <String HEIGHT="58"
                          WIDTH="176"
                          VPOS="1291"
                          HPOS="813"
                          CONTENT="significans"/>
                  <SP HEIGHT="58" WIDTH="12" VPOS="1291" HPOS="989"/>
                  <String HEIGHT="58"
                          WIDTH="59"
                          VPOS="1291"
                          HPOS="942"
                          CONTENT="ve"
                          SUBS_TYPE="HypPart1"
                          SUBS_CONTENT="veras"/>
                  <HYP CONTENT="-"/>
               </TextLine>
               <TextLine ID="r1l27"
                         BASELINE="1380"
                         HEIGHT="46"
                         WIDTH="714"
                         VPOS="1334"
                         HPOS="286">
                  <String HEIGHT="46"
                          WIDTH="96"
                          VPOS="1334"
                          HPOS="272"
                          CONTENT="ras"
                          SUBS_TYPE="HypPart2"
                          SUBS_CONTENT="veras"/>
                  <SP HEIGHT="46" WIDTH="14" VPOS="1334" HPOS="368"/>
                  <String HEIGHT="46" WIDTH="96" VPOS="1334" HPOS="327" CONTENT="res"/>
                  <SP HEIGHT="46" WIDTH="14" VPOS="1334" HPOS="423"/>
                  <String HEIGHT="46"
                          WIDTH="192"
                          VPOS="1334"
                          HPOS="382"
                          CONTENT="distinctas"/>
                  <SP HEIGHT="46" WIDTH="14" VPOS="1334" HPOS="574"/>
                  <String HEIGHT="46"
                          WIDTH="165"
                          VPOS="1334"
                          HPOS="533"
                          CONTENT="realiter"/>
                  <SP HEIGHT="46" WIDTH="14" VPOS="1334" HPOS="698"/>
                  <String HEIGHT="46" WIDTH="69" VPOS="1334" HPOS="657" CONTENT="a"/>
                  <SP HEIGHT="46" WIDTH="14" VPOS="1334" HPOS="725"/>
                  <String HEIGHT="46"
                          WIDTH="110"
                          VPOS="1334"
                          HPOS="684"
                          CONTENT="suis"/>
                  <SP HEIGHT="46" WIDTH="14" VPOS="1334" HPOS="794"/>
                  <String HEIGHT="46"
                          WIDTH="179"
                          VPOS="1334"
                          HPOS="753"
                          CONTENT="subiectis"/>
                  <SP HEIGHT="46" WIDTH="14" VPOS="1334" HPOS="931"/>
                  <String HEIGHT="46"
                          WIDTH="124"
                          VPOS="1334"
                          HPOS="876"
                          CONTENT="praedi"
                          SUBS_TYPE="HypPart1"
                          SUBS_CONTENT="praedicatur"/>
                  <HYP CONTENT="-"/>
               </TextLine>
               <TextLine ID="r1l28"
                         BASELINE="1437"
                         HEIGHT="54"
                         WIDTH="717"
                         VPOS="1383"
                         HPOS="285">
                  <String HEIGHT="54"
                          WIDTH="102"
                          VPOS="1383"
                          HPOS="274"
                          CONTENT="catur"
                          SUBS_TYPE="HypPart2"
                          SUBS_CONTENT="praedicatur"/>
                  <SP HEIGHT="54" WIDTH="11" VPOS="1383" HPOS="376"/>
                  <String HEIGHT="54"
                          WIDTH="91"
                          VPOS="1383"
                          HPOS="342"
                          CONTENT="vere"/>
                  <SP HEIGHT="54" WIDTH="11" VPOS="1383" HPOS="433"/>
                  <String HEIGHT="54" WIDTH="68" VPOS="1383" HPOS="399" CONTENT="de"/>
                  <SP HEIGHT="54" WIDTH="11" VPOS="1383" HPOS="467"/>
                  <String HEIGHT="54"
                          WIDTH="91"
                          VPOS="1383"
                          HPOS="433"
                          CONTENT="illo"/>
                  <SP HEIGHT="54" WIDTH="11" VPOS="1383" HPOS="524"/>
                  <String HEIGHT="54"
                          WIDTH="148"
                          VPOS="1383"
                          HPOS="490"
                          CONTENT="accidente"/>
                  <SP HEIGHT="54" WIDTH="11" VPOS="1383" HPOS="638"/>
                  <String HEIGHT="54" WIDTH="80" VPOS="1383" HPOS="604" CONTENT="non"/>
                  <SP HEIGHT="54" WIDTH="11" VPOS="1383" HPOS="683"/>
                  <String HEIGHT="54"
                          WIDTH="159"
                          VPOS="1383"
                          HPOS="649"
                          CONTENT="exhibente."/>
                  <SP HEIGHT="54" WIDTH="11" VPOS="1383" HPOS="809"/>
                  <String HEIGHT="54" WIDTH="80" VPOS="1383" HPOS="774" CONTENT="sic"/>
                  <SP HEIGHT="54" WIDTH="11" VPOS="1383" HPOS="854"/>
                  <String HEIGHT="54"
                          WIDTH="125"
                          VPOS="1383"
                          HPOS="820"
                          CONTENT="numquam"/>
                  <SP HEIGHT="54" WIDTH="11" VPOS="1383" HPOS="945"/>
                  <String HEIGHT="54"
                          WIDTH="102"
                          VPOS="1383"
                          HPOS="900"
                          CONTENT="dicitur"/>
               </TextLine>
               <TextLine ID="r1l29"
                         BASELINE="1479"
                         HEIGHT="56"
                         WIDTH="718"
                         VPOS="1423"
                         HPOS="280">
                  <String HEIGHT="56"
                          WIDTH="146"
                          VPOS="1423"
                          HPOS="267"
                          CONTENT="aliquod"/>
                  <SP HEIGHT="56" WIDTH="13" VPOS="1423" HPOS="413"/>
                  <String HEIGHT="56"
                          WIDTH="106"
                          VPOS="1423"
                          HPOS="373"
                          CONTENT="esse"/>
                  <SP HEIGHT="56" WIDTH="13" VPOS="1423" HPOS="479"/>
                  <String HEIGHT="56"
                          WIDTH="120"
                          VPOS="1423"
                          HPOS="440"
                          CONTENT="album"/>
                  <SP HEIGHT="56" WIDTH="13" VPOS="1423" HPOS="559"/>
                  <String HEIGHT="56" WIDTH="80" VPOS="1423" HPOS="519" CONTENT="si"/>
                  <SP HEIGHT="56" WIDTH="13" VPOS="1423" HPOS="599"/>
                  <String HEIGHT="56"
                          WIDTH="120"
                          VPOS="1423"
                          HPOS="559"
                          CONTENT="nulla"/>
                  <SP HEIGHT="56" WIDTH="13" VPOS="1423" HPOS="679"/>
                  <String HEIGHT="56"
                          WIDTH="133"
                          VPOS="1423"
                          HPOS="639"
                          CONTENT="albedo"/>
                  <SP HEIGHT="56" WIDTH="13" VPOS="1423" HPOS="772"/>
                  <String HEIGHT="56"
                          WIDTH="106"
                          VPOS="1423"
                          HPOS="732"
                          CONTENT="sit."/>
                  <SP HEIGHT="56" WIDTH="13" VPOS="1423" HPOS="838"/>
                  <String HEIGHT="56" WIDTH="93" VPOS="1423" HPOS="799" CONTENT="sic"/>
                  <SP HEIGHT="56" WIDTH="13" VPOS="1423" HPOS="892"/>
                  <String HEIGHT="56" WIDTH="93" VPOS="1423" HPOS="852" CONTENT="nec"/>
                  <SP HEIGHT="56" WIDTH="13" VPOS="1423" HPOS="945"/>
                  <String HEIGHT="56"
                          WIDTH="106"
                          VPOS="1423"
                          HPOS="892"
                          CONTENT="sortes"/>
               </TextLine>
               <TextLine ID="r1l30"
                         BASELINE="1525"
                         HEIGHT="66"
                         WIDTH="714"
                         VPOS="1459"
                         HPOS="278">
                  <String HEIGHT="66"
                          WIDTH="133"
                          VPOS="1459"
                          HPOS="266"
                          CONTENT="dicetur"/>
                  <SP HEIGHT="66" WIDTH="12" VPOS="1459" HPOS="399"/>
                  <String HEIGHT="66"
                          WIDTH="109"
                          VPOS="1459"
                          HPOS="363"
                          CONTENT="albus"/>
                  <SP HEIGHT="66" WIDTH="12" VPOS="1459" HPOS="472"/>
                  <String HEIGHT="66" WIDTH="73" VPOS="1459" HPOS="435" CONTENT="si"/>
                  <SP HEIGHT="66" WIDTH="12" VPOS="1459" HPOS="508"/>
                  <String HEIGHT="66" WIDTH="73" VPOS="1459" HPOS="472" CONTENT="in"/>
                  <SP HEIGHT="66" WIDTH="12" VPOS="1459" HPOS="544"/>
                  <String HEIGHT="66" WIDTH="73" VPOS="1459" HPOS="508" CONTENT="eo"/>
                  <SP HEIGHT="66" WIDTH="12" VPOS="1459" HPOS="581"/>
                  <String HEIGHT="66"
                          WIDTH="109"
                          VPOS="1459"
                          HPOS="544"
                          CONTENT="nulla"/>
                  <SP HEIGHT="66" WIDTH="12" VPOS="1459" HPOS="653"/>
                  <String HEIGHT="66" WIDTH="85" VPOS="1459" HPOS="617" CONTENT="sit"/>
                  <SP HEIGHT="66" WIDTH="12" VPOS="1459" HPOS="702"/>
                  <String HEIGHT="66"
                          WIDTH="133"
                          VPOS="1459"
                          HPOS="665"
                          CONTENT="albedo."/>
                  <SP HEIGHT="66" WIDTH="12" VPOS="1459" HPOS="798"/>
                  <String HEIGHT="66" WIDTH="85" VPOS="1459" HPOS="762" CONTENT="sed"/>
                  <SP HEIGHT="66" WIDTH="12" VPOS="1459" HPOS="847"/>
                  <String HEIGHT="66"
                          WIDTH="157"
                          VPOS="1459"
                          HPOS="810"
                          CONTENT="adaliquid"/>
                  <SP HEIGHT="66" WIDTH="12" VPOS="1459" HPOS="968"/>
                  <String HEIGHT="66"
                          WIDTH="73"
                          VPOS="1459"
                          HPOS="919"
                          CONTENT="vere"/>
               </TextLine>
               <TextLine ID="r1l31"
                         BASELINE="1573"
                         HEIGHT="69"
                         WIDTH="704"
                         VPOS="1504"
                         HPOS="286">
                  <String HEIGHT="69"
                          WIDTH="192"
                          VPOS="1504"
                          HPOS="273"
                          CONTENT="praedicatur"/>
                  <SP HEIGHT="69" WIDTH="13" VPOS="1504" HPOS="465"/>
                  <String HEIGHT="69" WIDTH="77" VPOS="1504" HPOS="427" CONTENT="de"/>
                  <SP HEIGHT="69" WIDTH="13" VPOS="1504" HPOS="504"/>
                  <String HEIGHT="69"
                          WIDTH="128"
                          VPOS="1504"
                          HPOS="465"
                          CONTENT="aliquo"/>
                  <SP HEIGHT="69" WIDTH="13" VPOS="1504" HPOS="593"/>
                  <String HEIGHT="69"
                          WIDTH="102"
                          VPOS="1504"
                          HPOS="555"
                          CONTENT="quod"/>
                  <SP HEIGHT="69" WIDTH="13" VPOS="1504" HPOS="657"/>
                  <String HEIGHT="69"
                          WIDTH="141"
                          VPOS="1504"
                          HPOS="619"
                          CONTENT="deberet"/>
                  <SP HEIGHT="69" WIDTH="13" VPOS="1504" HPOS="760"/>
                  <String HEIGHT="69"
                          WIDTH="102"
                          VPOS="1504"
                          HPOS="721"
                          CONTENT="esse"/>
                  <SP HEIGHT="69" WIDTH="13" VPOS="1504" HPOS="824"/>
                  <String HEIGHT="69"
                          WIDTH="166"
                          VPOS="1504"
                          HPOS="785"
                          CONTENT="subiectum"/>
                  <SP HEIGHT="69" WIDTH="13" VPOS="1504" HPOS="952"/>
                  <String HEIGHT="69"
                          WIDTH="90"
                          VPOS="1504"
                          HPOS="900"
                          CONTENT="etiam"/>
               </TextLine>
               <TextLine ID="r1l32"
                         BASELINE="1613"
                         HEIGHT="65"
                         WIDTH="712"
                         VPOS="1548"
                         HPOS="277">
                  <String HEIGHT="65" WIDTH="65" VPOS="1548" HPOS="266" CONTENT="si"/>
                  <SP HEIGHT="65" WIDTH="11" VPOS="1548" HPOS="331"/>
                  <String HEIGHT="65"
                          WIDTH="97"
                          VPOS="1548"
                          HPOS="299"
                          CONTENT="nulla"/>
                  <SP HEIGHT="65" WIDTH="11" VPOS="1548" HPOS="396"/>
                  <String HEIGHT="65"
                          WIDTH="97"
                          VPOS="1548"
                          HPOS="363"
                          CONTENT="talis"/>
                  <SP HEIGHT="65" WIDTH="11" VPOS="1548" HPOS="460"/>
                  <String HEIGHT="65" WIDTH="76" VPOS="1548" HPOS="428" CONTENT="res"/>
                  <SP HEIGHT="65" WIDTH="11" VPOS="1548" HPOS="504"/>
                  <String HEIGHT="65" WIDTH="76" VPOS="1548" HPOS="471" CONTENT="sit"/>
                  <SP HEIGHT="65" WIDTH="11" VPOS="1548" HPOS="547"/>
                  <String HEIGHT="65" WIDTH="65" VPOS="1548" HPOS="514" CONTENT="in"/>
                  <SP HEIGHT="65" WIDTH="11" VPOS="1548" HPOS="579"/>
                  <String HEIGHT="65" WIDTH="76" VPOS="1548" HPOS="547" CONTENT="eo."/>
                  <SP HEIGHT="65" WIDTH="11" VPOS="1548" HPOS="622"/>
                  <String HEIGHT="65"
                          WIDTH="86"
                          VPOS="1548"
                          HPOS="590"
                          CONTENT="quia"/>
                  <SP HEIGHT="65" WIDTH="11" VPOS="1548" HPOS="676"/>
                  <String HEIGHT="65"
                          WIDTH="129"
                          VPOS="1548"
                          HPOS="644"
                          CONTENT="secundum"/>
                  <SP HEIGHT="65" WIDTH="11" VPOS="1548" HPOS="773"/>
                  <String HEIGHT="65"
                          WIDTH="173"
                          VPOS="1548"
                          HPOS="741"
                          CONTENT="philosophum."/>
                  <SP HEIGHT="65" WIDTH="11" VPOS="1548" HPOS="913"/>
                  <String HEIGHT="65" WIDTH="65" VPOS="1548" HPOS="881" CONTENT="v."/>
                  <SP HEIGHT="65" WIDTH="11" VPOS="1548" HPOS="946"/>
                  <String HEIGHT="65"
                          WIDTH="86"
                          VPOS="1548"
                          HPOS="903"
                          CONTENT="metha."/>
               </TextLine>
               <TextLine ID="r1l33"
                         BASELINE="1661"
                         HEIGHT="66"
                         WIDTH="718"
                         VPOS="1595"
                         HPOS="279">
                  <String HEIGHT="66" WIDTH="93" VPOS="1595" HPOS="266" CONTENT="ita"/>
                  <SP HEIGHT="66" WIDTH="13" VPOS="1595" HPOS="359"/>
                  <String HEIGHT="66"
                          WIDTH="146"
                          VPOS="1595"
                          HPOS="319"
                          CONTENT="dicitur"/>
                  <SP HEIGHT="66" WIDTH="13" VPOS="1595" HPOS="465"/>
                  <String HEIGHT="66"
                          WIDTH="213"
                          VPOS="1595"
                          HPOS="425"
                          CONTENT="calefactiuum"/>
                  <SP HEIGHT="66" WIDTH="13" VPOS="1595" HPOS="638"/>
                  <String HEIGHT="66" WIDTH="80" VPOS="1595" HPOS="598" CONTENT="ad"/>
                  <SP HEIGHT="66" WIDTH="13" VPOS="1595" HPOS="678"/>
                  <String HEIGHT="66"
                          WIDTH="226"
                          VPOS="1595"
                          HPOS="638"
                          CONTENT="calefactibile"/>
                  <SP HEIGHT="66" WIDTH="13" VPOS="1595" HPOS="864"/>
                  <String HEIGHT="66"
                          WIDTH="120"
                          VPOS="1595"
                          HPOS="824"
                          CONTENT="sicut"/>
                  <SP HEIGHT="66" WIDTH="13" VPOS="1595" HPOS="944"/>
                  <String HEIGHT="66"
                          WIDTH="106"
                          VPOS="1595"
                          HPOS="891"
                          CONTENT="calefa"/>
               </TextLine>
               <TextLine ID="r1l34"
                         BASELINE="1698"
                         HEIGHT="58"
                         WIDTH="708"
                         VPOS="1640"
                         HPOS="280">
                  <String HEIGHT="58"
                          WIDTH="114"
                          VPOS="1640"
                          HPOS="267"
                          CONTENT="ciens"/>
                  <SP HEIGHT="58" WIDTH="13" VPOS="1640" HPOS="381"/>
                  <String HEIGHT="58" WIDTH="76" VPOS="1640" HPOS="343" CONTENT="ad"/>
                  <SP HEIGHT="58" WIDTH="13" VPOS="1640" HPOS="419"/>
                  <String HEIGHT="58"
                          WIDTH="114"
                          VPOS="1640"
                          HPOS="381"
                          CONTENT="illud"/>
                  <SP HEIGHT="58" WIDTH="13" VPOS="1640" HPOS="495"/>
                  <String HEIGHT="58"
                          WIDTH="101"
                          VPOS="1640"
                          HPOS="457"
                          CONTENT="quod"/>
                  <SP HEIGHT="58" WIDTH="13" VPOS="1640" HPOS="558"/>
                  <String HEIGHT="58"
                          WIDTH="152"
                          VPOS="1640"
                          HPOS="520"
                          CONTENT="calefit."/>
                  <SP HEIGHT="58" WIDTH="13" VPOS="1640" HPOS="672"/>
                  <String HEIGHT="58" WIDTH="76" VPOS="1640" HPOS="634" CONTENT="et"/>
                  <SP HEIGHT="58" WIDTH="13" VPOS="1640" HPOS="710"/>
                  <String HEIGHT="58" WIDTH="89" VPOS="1640" HPOS="672" CONTENT="ita"/>
                  <SP HEIGHT="58" WIDTH="13" VPOS="1640" HPOS="760"/>
                  <String HEIGHT="58"
                          WIDTH="101"
                          VPOS="1640"
                          HPOS="723"
                          CONTENT="vere"/>
                  <SP HEIGHT="58" WIDTH="13" VPOS="1640" HPOS="824"/>
                  <String HEIGHT="58"
                          WIDTH="139"
                          VPOS="1640"
                          HPOS="786"
                          CONTENT="dicitur"/>
                  <SP HEIGHT="58" WIDTH="13" VPOS="1640" HPOS="925"/>
                  <String HEIGHT="58"
                          WIDTH="114"
                          VPOS="1640"
                          HPOS="874"
                          CONTENT="calefa"
                          SUBS_TYPE="HypPart1"
                          SUBS_CONTENT="calefactiuum"/>
                  <HYP CONTENT="-"/>
               </TextLine>
               <TextLine ID="r1l35"
                         BASELINE="1747"
                         HEIGHT="64"
                         WIDTH="713"
                         VPOS="1683"
                         HPOS="282">
                  <String HEIGHT="64"
                          WIDTH="119"
                          VPOS="1683"
                          HPOS="270"
                          CONTENT="ctiuum"
                          SUBS_TYPE="HypPart2"
                          SUBS_CONTENT="calefactiuum"/>
                  <SP HEIGHT="64" WIDTH="12" VPOS="1683" HPOS="389"/>
                  <String HEIGHT="64"
                          WIDTH="154"
                          VPOS="1683"
                          HPOS="353"
                          CONTENT="adaliquid"/>
                  <SP HEIGHT="64" WIDTH="12" VPOS="1683" HPOS="508"/>
                  <String HEIGHT="64"
                          WIDTH="107"
                          VPOS="1683"
                          HPOS="472"
                          CONTENT="sicut"/>
                  <SP HEIGHT="64" WIDTH="12" VPOS="1683" HPOS="579"/>
                  <String HEIGHT="64"
                          WIDTH="178"
                          VPOS="1683"
                          HPOS="543"
                          CONTENT="calefaciens"/>
                  <SP HEIGHT="64" WIDTH="12" VPOS="1683" HPOS="722"/>
                  <String HEIGHT="64" WIDTH="83" VPOS="1683" HPOS="686" CONTENT="sed"/>
                  <SP HEIGHT="64" WIDTH="12" VPOS="1683" HPOS="769"/>
                  <String HEIGHT="64" WIDTH="83" VPOS="1683" HPOS="734" CONTENT="per"/>
                  <SP HEIGHT="64" WIDTH="12" VPOS="1683" HPOS="817"/>
                  <String HEIGHT="64" WIDTH="83" VPOS="1683" HPOS="781" CONTENT="hoc"/>
                  <SP HEIGHT="64" WIDTH="12" VPOS="1683" HPOS="864"/>
                  <String HEIGHT="64"
                          WIDTH="143"
                          VPOS="1683"
                          HPOS="829"
                          CONTENT="praecise"/>
                  <SP HEIGHT="64" WIDTH="12" VPOS="1683" HPOS="971"/>
                  <String HEIGHT="64"
                          WIDTH="71"
                          VPOS="1683"
                          HPOS="924"
                          CONTENT="quod"/>
               </TextLine>
               <TextLine ID="r1l36"
                         BASELINE="1790"
                         HEIGHT="66"
                         WIDTH="700"
                         VPOS="1724"
                         HPOS="282">
                  <String HEIGHT="66"
                          WIDTH="131"
                          VPOS="1724"
                          HPOS="270"
                          CONTENT="aliquid"/>
                  <SP HEIGHT="66" WIDTH="12" VPOS="1724" HPOS="401"/>
                  <String HEIGHT="66"
                          WIDTH="119"
                          VPOS="1724"
                          HPOS="365"
                          CONTENT="potest"/>
                  <SP HEIGHT="66" WIDTH="12" VPOS="1724" HPOS="484"/>
                  <String HEIGHT="66"
                          WIDTH="166"
                          VPOS="1724"
                          HPOS="448"
                          CONTENT="calefacere"/>
                  <SP HEIGHT="66" WIDTH="12" VPOS="1724" HPOS="614"/>
                  <String HEIGHT="66" WIDTH="83" VPOS="1724" HPOS="579" CONTENT="non"/>
                  <SP HEIGHT="66" WIDTH="12" VPOS="1724" HPOS="662"/>
                  <String HEIGHT="66"
                          WIDTH="107"
                          VPOS="1724"
                          HPOS="626"
                          CONTENT="habet"/>
                  <SP HEIGHT="66" WIDTH="12" VPOS="1724" HPOS="733"/>
                  <String HEIGHT="66"
                          WIDTH="131"
                          VPOS="1724"
                          HPOS="697"
                          CONTENT="aliquam"/>
                  <SP HEIGHT="66" WIDTH="12" VPOS="1724" HPOS="828"/>
                  <String HEIGHT="66"
                          WIDTH="107"
                          VPOS="1724"
                          HPOS="792"
                          CONTENT="talem"/>
                  <SP HEIGHT="66" WIDTH="12" VPOS="1724" HPOS="899"/>
                  <String HEIGHT="66" WIDTH="83" VPOS="1724" HPOS="863" CONTENT="rem"/>
                  <SP HEIGHT="66" WIDTH="12" VPOS="1724" HPOS="946"/>
                  <String HEIGHT="66" WIDTH="71" VPOS="1724" HPOS="911" CONTENT="in"/>
                  <SP HEIGHT="66" WIDTH="12" VPOS="1724" HPOS="982"/>
                  <String HEIGHT="66" WIDTH="47" VPOS="1724" HPOS="935" CONTENT="se"/>
               </TextLine>
               <TextLine ID="r1l37"
                         BASELINE="1823"
                         HEIGHT="58"
                         WIDTH="720"
                         VPOS="1765"
                         HPOS="271">
                  <String HEIGHT="58" WIDTH="64" VPOS="1765" HPOS="258" CONTENT=""/>
                  <SP HEIGHT="58" WIDTH="13" VPOS="1765" HPOS="322"/>
                  <String HEIGHT="58" WIDTH="77" VPOS="1765" HPOS="284" CONTENT="Si"/>
                  <SP HEIGHT="58" WIDTH="13" VPOS="1765" HPOS="361"/>
                  <String HEIGHT="58"
                          WIDTH="141"
                          VPOS="1765"
                          HPOS="322"
                          CONTENT="dicatur"/>
                  <SP HEIGHT="58" WIDTH="13" VPOS="1765" HPOS="464"/>
                  <String HEIGHT="58"
                          WIDTH="103"
                          VPOS="1765"
                          HPOS="425"
                          CONTENT="quod"/>
                  <SP HEIGHT="58" WIDTH="13" VPOS="1765" HPOS="528"/>
                  <String HEIGHT="58" WIDTH="77" VPOS="1765" HPOS="490" CONTENT="in"/>
                  <SP HEIGHT="58" WIDTH="13" VPOS="1765" HPOS="567"/>
                  <String HEIGHT="58"
                          WIDTH="193"
                          VPOS="1765"
                          HPOS="528"
                          CONTENT="calefactivo"/>
                  <SP HEIGHT="58" WIDTH="13" VPOS="1765" HPOS="721"/>
                  <String HEIGHT="58" WIDTH="90" VPOS="1765" HPOS="682" CONTENT="non"/>
                  <SP HEIGHT="58" WIDTH="13" VPOS="1765" HPOS="772"/>
                  <String HEIGHT="58" WIDTH="90" VPOS="1765" HPOS="734" CONTENT="est"/>
                  <SP HEIGHT="58" WIDTH="13" VPOS="1765" HPOS="824"/>
                  <String HEIGHT="58"
                          WIDTH="167"
                          VPOS="1765"
                          HPOS="785"
                          CONTENT="respectus"/>
                  <SP HEIGHT="58" WIDTH="13" VPOS="1765" HPOS="952"/>
                  <String HEIGHT="58"
                          WIDTH="90"
                          VPOS="1765"
                          HPOS="901"
                          CONTENT="actua"/>
               </TextLine>
               <TextLine ID="r1l38"
                         BASELINE="1879"
                         HEIGHT="70"
                         WIDTH="725"
                         VPOS="1809"
                         HPOS="271">
                  <String HEIGHT="70" WIDTH="96" VPOS="1809" HPOS="257" CONTENT="lis"/>
                  <SP HEIGHT="70" WIDTH="14" VPOS="1809" HPOS="353"/>
                  <String HEIGHT="70" WIDTH="96" VPOS="1809" HPOS="312" CONTENT="sed"/>
                  <SP HEIGHT="70" WIDTH="14" VPOS="1809" HPOS="408"/>
                  <String HEIGHT="70"
                          WIDTH="233"
                          VPOS="1809"
                          HPOS="367"
                          CONTENT="aptitudinalis"/>
                  <SP HEIGHT="70" WIDTH="14" VPOS="1809" HPOS="599"/>
                  <String HEIGHT="70" WIDTH="96" VPOS="1809" HPOS="558" CONTENT="vel"/>
                  <SP HEIGHT="70" WIDTH="14" VPOS="1809" HPOS="654"/>
                  <String HEIGHT="70"
                          WIDTH="246"
                          VPOS="1809"
                          HPOS="613"
                          CONTENT="potentionalis."/>
                  <SP HEIGHT="70" WIDTH="14" VPOS="1809" HPOS="859"/>
                  <String HEIGHT="70"
                          WIDTH="150"
                          VPOS="1809"
                          HPOS="818"
                          CONTENT="Contra."/>
                  <SP HEIGHT="70" WIDTH="14" VPOS="1809" HPOS="969"/>
                  <String HEIGHT="70"
                          WIDTH="82"
                          VPOS="1809"
                          HPOS="914"
                          CONTENT="quae"/>
               </TextLine>
               <TextLine ID="r1l39"
                         BASELINE="1917"
                         HEIGHT="59"
                         WIDTH="711"
                         VPOS="1858"
                         HPOS="270">
                  <String HEIGHT="59" WIDTH="87" VPOS="1858" HPOS="258" CONTENT="ro:"/>
                  <SP HEIGHT="59" WIDTH="12" VPOS="1858" HPOS="345"/>
                  <String HEIGHT="59" WIDTH="87" VPOS="1858" HPOS="307" CONTENT="aut"/>
                  <SP HEIGHT="59" WIDTH="12" VPOS="1858" HPOS="395"/>
                  <String HEIGHT="59" WIDTH="87" VPOS="1858" HPOS="357" CONTENT="est"/>
                  <SP HEIGHT="59" WIDTH="12" VPOS="1858" HPOS="445"/>
                  <String HEIGHT="59" WIDTH="87" VPOS="1858" HPOS="407" CONTENT="ibi"/>
                  <SP HEIGHT="59" WIDTH="12" VPOS="1858" HPOS="495"/>
                  <String HEIGHT="59"
                          WIDTH="100"
                          VPOS="1858"
                          HPOS="457"
                          CONTENT="vera"/>
                  <SP HEIGHT="59" WIDTH="12" VPOS="1858" HPOS="557"/>
                  <String HEIGHT="59" WIDTH="87" VPOS="1858" HPOS="519" CONTENT="res"/>
                  <SP HEIGHT="59" WIDTH="12" VPOS="1858" HPOS="607"/>
                  <String HEIGHT="59"
                          WIDTH="100"
                          VPOS="1858"
                          HPOS="569"
                          CONTENT="alia"/>
                  <SP HEIGHT="59" WIDTH="12" VPOS="1858" HPOS="669"/>
                  <String HEIGHT="59"
                          WIDTH="112"
                          VPOS="1858"
                          HPOS="632"
                          CONTENT="sicut"/>
                  <SP HEIGHT="59" WIDTH="12" VPOS="1858" HPOS="744"/>
                  <String HEIGHT="59"
                          WIDTH="125"
                          VPOS="1858"
                          HPOS="707"
                          CONTENT="albedo"/>
                  <SP HEIGHT="59" WIDTH="12" VPOS="1858" HPOS="831"/>
                  <String HEIGHT="59" WIDTH="87" VPOS="1858" HPOS="794" CONTENT="est"/>
                  <SP HEIGHT="59" WIDTH="12" VPOS="1858" HPOS="881"/>
                  <String HEIGHT="59"
                          WIDTH="100"
                          VPOS="1858"
                          HPOS="844"
                          CONTENT="alia"/>
                  <SP HEIGHT="59" WIDTH="12" VPOS="1858" HPOS="944"/>
                  <String HEIGHT="59" WIDTH="87" VPOS="1858" HPOS="906" CONTENT="res"/>
                  <SP HEIGHT="59" WIDTH="12" VPOS="1858" HPOS="993"/>
                  <String HEIGHT="59" WIDTH="37" VPOS="1858" HPOS="944" CONTENT="a"/>
               </TextLine>
               <TextLine ID="r1l40"
                         BASELINE="1962"
                         HEIGHT="62"
                         WIDTH="710"
                         VPOS="1900"
                         HPOS="277">
                  <String HEIGHT="62"
                          WIDTH="155"
                          VPOS="1900"
                          HPOS="264"
                          CONTENT="subiecto"/>
                  <SP HEIGHT="62" WIDTH="13" VPOS="1900" HPOS="419"/>
                  <String HEIGHT="62" WIDTH="90" VPOS="1900" HPOS="380" CONTENT="aut"/>
                  <SP HEIGHT="62" WIDTH="13" VPOS="1900" HPOS="471"/>
                  <String HEIGHT="62"
                          WIDTH="103"
                          VPOS="1900"
                          HPOS="432"
                          CONTENT="non."/>
                  <SP HEIGHT="62" WIDTH="13" VPOS="1900" HPOS="535"/>
                  <String HEIGHT="62" WIDTH="77" VPOS="1900" HPOS="496" CONTENT="si"/>
                  <SP HEIGHT="62" WIDTH="13" VPOS="1900" HPOS="574"/>
                  <String HEIGHT="62"
                          WIDTH="103"
                          VPOS="1900"
                          HPOS="535"
                          CONTENT="non:"/>
                  <SP HEIGHT="62" WIDTH="13" VPOS="1900" HPOS="638"/>
                  <String HEIGHT="62"
                          WIDTH="116"
                          VPOS="1900"
                          HPOS="600"
                          CONTENT="habeo"/>
                  <SP HEIGHT="62" WIDTH="13" VPOS="1900" HPOS="716"/>
                  <String HEIGHT="62"
                          WIDTH="181"
                          VPOS="1900"
                          HPOS="677"
                          CONTENT="propositum"/>
                  <SP HEIGHT="62" WIDTH="13" VPOS="1900" HPOS="858"/>
                  <String HEIGHT="62"
                          WIDTH="103"
                          VPOS="1900"
                          HPOS="819"
                          CONTENT="quod"/>
                  <SP HEIGHT="62" WIDTH="13" VPOS="1900" HPOS="922"/>
                  <String HEIGHT="62"
                          WIDTH="116"
                          VPOS="1900"
                          HPOS="871"
                          CONTENT="aliquid"/>
               </TextLine>
               <TextLine ID="r1l41"
                         BASELINE="2005"
                         HEIGHT="58"
                         WIDTH="694"
                         VPOS="1947"
                         HPOS="283">
                  <String HEIGHT="58"
                          WIDTH="101"
                          VPOS="1947"
                          HPOS="270"
                          CONTENT="vere"/>
                  <SP HEIGHT="58" WIDTH="13" VPOS="1947" HPOS="371"/>
                  <String HEIGHT="58" WIDTH="88" VPOS="1947" HPOS="333" CONTENT="est"/>
                  <SP HEIGHT="58" WIDTH="13" VPOS="1947" HPOS="422"/>
                  <String HEIGHT="58"
                          WIDTH="164"
                          VPOS="1947"
                          HPOS="384"
                          CONTENT="adaliquid"/>
                  <SP HEIGHT="58" WIDTH="13" VPOS="1947" HPOS="548"/>
                  <String HEIGHT="58"
                          WIDTH="101"
                          VPOS="1947"
                          HPOS="510"
                          CONTENT="sine"/>
                  <SP HEIGHT="58" WIDTH="13" VPOS="1947" HPOS="611"/>
                  <String HEIGHT="58"
                          WIDTH="101"
                          VPOS="1947"
                          HPOS="573"
                          CONTENT="omni"/>
                  <SP HEIGHT="58" WIDTH="13" VPOS="1947" HPOS="674"/>
                  <String HEIGHT="58"
                          WIDTH="164"
                          VPOS="1947"
                          HPOS="636"
                          CONTENT="additione"/>
                  <SP HEIGHT="58" WIDTH="13" VPOS="1947" HPOS="800"/>
                  <String HEIGHT="58"
                          WIDTH="151"
                          VPOS="1947"
                          HPOS="762"
                          CONTENT="alterius"/>
                  <SP HEIGHT="58" WIDTH="13" VPOS="1947" HPOS="914"/>
                  <String HEIGHT="58"
                          WIDTH="101"
                          VPOS="1947"
                          HPOS="876"
                          CONTENT="rei."/>
                  <SP HEIGHT="58" WIDTH="13" VPOS="1947" HPOS="977"/>
                  <String HEIGHT="58" WIDTH="50" VPOS="1947" HPOS="927" CONTENT="Se"/>
               </TextLine>
               <TextLine ID="r1l42"
                         BASELINE="2048"
                         HEIGHT="61"
                         WIDTH="706"
                         VPOS="1987"
                         HPOS="274">
                  <String HEIGHT="61" WIDTH="90" VPOS="1987" HPOS="261" CONTENT="sit"/>
                  <SP HEIGHT="61" WIDTH="13" VPOS="1987" HPOS="351"/>
                  <String HEIGHT="61" WIDTH="90" VPOS="1987" HPOS="313" CONTENT="ibi"/>
                  <SP HEIGHT="61" WIDTH="13" VPOS="1987" HPOS="402"/>
                  <String HEIGHT="61"
                          WIDTH="103"
                          VPOS="1987"
                          HPOS="364"
                          CONTENT="vere"/>
                  <SP HEIGHT="61" WIDTH="13" VPOS="1987" HPOS="467"/>
                  <String HEIGHT="61"
                          WIDTH="103"
                          VPOS="1987"
                          HPOS="428"
                          CONTENT="alia"/>
                  <SP HEIGHT="61" WIDTH="13" VPOS="1987" HPOS="531"/>
                  <String HEIGHT="61"
                          WIDTH="103"
                          VPOS="1987"
                          HPOS="492"
                          CONTENT="res."/>
                  <SP HEIGHT="61" WIDTH="13" VPOS="1987" HPOS="595"/>
                  <String HEIGHT="61"
                          WIDTH="103"
                          VPOS="1987"
                          HPOS="556"
                          CONTENT="ergo"/>
                  <SP HEIGHT="61" WIDTH="13" VPOS="1987" HPOS="659"/>
                  <String HEIGHT="61"
                          WIDTH="103"
                          VPOS="1987"
                          HPOS="621"
                          CONTENT="vere"/>
                  <SP HEIGHT="61" WIDTH="13" VPOS="1987" HPOS="723"/>
                  <String HEIGHT="61" WIDTH="90" VPOS="1987" HPOS="685" CONTENT="est"/>
                  <SP HEIGHT="61" WIDTH="13" VPOS="1987" HPOS="775"/>
                  <String HEIGHT="61"
                          WIDTH="167"
                          VPOS="1987"
                          HPOS="736"
                          CONTENT="respectus"/>
                  <SP HEIGHT="61" WIDTH="13" VPOS="1987" HPOS="903"/>
                  <String HEIGHT="61"
                          WIDTH="128"
                          VPOS="1987"
                          HPOS="852"
                          CONTENT="actualis"/>
               </TextLine>
               <TextLine ID="r1l43"
                         BASELINE="2096"
                         HEIGHT="56"
                         WIDTH="683"
                         VPOS="2040"
                         HPOS="297">
                  <String HEIGHT="56" WIDTH="54" VPOS="2040" HPOS="286" CONTENT=""/>
                  <SP HEIGHT="56" WIDTH="11" VPOS="2040" HPOS="340"/>
                  <String HEIGHT="56" WIDTH="65" VPOS="2040" HPOS="308" CONTENT="Si"/>
                  <SP HEIGHT="56" WIDTH="11" VPOS="2040" HPOS="373"/>
                  <String HEIGHT="56"
                          WIDTH="119"
                          VPOS="2040"
                          HPOS="340"
                          CONTENT="dicatur"/>
                  <SP HEIGHT="56" WIDTH="11" VPOS="2040" HPOS="460"/>
                  <String HEIGHT="56"
                          WIDTH="87"
                          VPOS="2040"
                          HPOS="427"
                          CONTENT="quod"/>
                  <SP HEIGHT="56" WIDTH="11" VPOS="2040" HPOS="514"/>
                  <String HEIGHT="56" WIDTH="76" VPOS="2040" HPOS="481" CONTENT="non"/>
                  <SP HEIGHT="56" WIDTH="11" VPOS="2040" HPOS="557"/>
                  <String HEIGHT="56" WIDTH="76" VPOS="2040" HPOS="525" CONTENT="est"/>
                  <SP HEIGHT="56" WIDTH="11" VPOS="2040" HPOS="601"/>
                  <String HEIGHT="56"
                          WIDTH="173"
                          VPOS="2040"
                          HPOS="568"
                          CONTENT="inconueniens"/>
                  <SP HEIGHT="56" WIDTH="11" VPOS="2040" HPOS="741"/>
                  <String HEIGHT="56"
                          WIDTH="87"
                          VPOS="2040"
                          HPOS="709"
                          CONTENT="esse"/>
                  <SP HEIGHT="56" WIDTH="11" VPOS="2040" HPOS="796"/>
                  <String HEIGHT="56" WIDTH="76" VPOS="2040" HPOS="763" CONTENT="ibi"/>
                  <SP HEIGHT="56" WIDTH="11" VPOS="2040" HPOS="839"/>
                  <String HEIGHT="56" WIDTH="76" VPOS="2040" HPOS="807" CONTENT="rem"/>
                  <SP HEIGHT="56" WIDTH="11" VPOS="2040" HPOS="882"/>
                  <String HEIGHT="56"
                          WIDTH="108"
                          VPOS="2040"
                          HPOS="850"
                          CONTENT="aliam."/>
                  <SP HEIGHT="56" WIDTH="11" VPOS="2040" HPOS="958"/>
                  <String HEIGHT="56"
                          WIDTH="65"
                          VPOS="2040"
                          HPOS="915"
                          CONTENT="quia"/>
               </TextLine>
               <TextLine ID="r1l44"
                         BASELINE="2133"
                         HEIGHT="52"
                         WIDTH="704"
                         VPOS="2081"
                         HPOS="282">
                  <String HEIGHT="52" WIDTH="85" VPOS="2081" HPOS="270" CONTENT="non"/>
                  <SP HEIGHT="52" WIDTH="12" VPOS="2081" HPOS="355"/>
                  <String HEIGHT="52" WIDTH="85" VPOS="2081" HPOS="318" CONTENT="est"/>
                  <SP HEIGHT="52" WIDTH="12" VPOS="2081" HPOS="403"/>
                  <String HEIGHT="52"
                          WIDTH="182"
                          VPOS="2081"
                          HPOS="367"
                          CONTENT="impossibile"/>
                  <SP HEIGHT="52" WIDTH="12" VPOS="2081" HPOS="549"/>
                  <String HEIGHT="52"
                          WIDTH="158"
                          VPOS="2081"
                          HPOS="513"
                          CONTENT="respectum"/>
                  <SP HEIGHT="52" WIDTH="12" VPOS="2081" HPOS="670"/>
                  <String HEIGHT="52"
                          WIDTH="121"
                          VPOS="2081"
                          HPOS="634"
                          CONTENT="realem"/>
                  <SP HEIGHT="52" WIDTH="12" VPOS="2081" HPOS="755"/>
                  <String HEIGHT="52"
                          WIDTH="97"
                          VPOS="2081"
                          HPOS="719"
                          CONTENT="esse"/>
                  <SP HEIGHT="52" WIDTH="12" VPOS="2081" HPOS="816"/>
                  <String HEIGHT="52" WIDTH="73" VPOS="2081" HPOS="780" CONTENT="ad"/>
                  <SP HEIGHT="52" WIDTH="12" VPOS="2081" HPOS="852"/>
                  <String HEIGHT="52" WIDTH="85" VPOS="2081" HPOS="816" CONTENT="non"/>
                  <SP HEIGHT="52" WIDTH="12" VPOS="2081" HPOS="901"/>
                  <String HEIGHT="52"
                          WIDTH="134"
                          VPOS="2081"
                          HPOS="852"
                          CONTENT="existens."/>
               </TextLine>
               <TextLine ID="r1l45"
                         BASELINE="2182"
                         HEIGHT="58"
                         WIDTH="715"
                         VPOS="2124"
                         HPOS="271">
                  <String HEIGHT="58" WIDTH="50" VPOS="2124" HPOS="261" CONTENT=""/>
                  <SP HEIGHT="58" WIDTH="10" VPOS="2124" HPOS="311"/>
                  <String HEIGHT="58"
                          WIDTH="109"
                          VPOS="2124"
                          HPOS="281"
                          CONTENT="Contra."/>
                  <SP HEIGHT="58" WIDTH="10" VPOS="2124" HPOS="390"/>
                  <String HEIGHT="58" WIDTH="60" VPOS="2124" HPOS="360" CONTENT="ex"/>
                  <SP HEIGHT="58" WIDTH="10" VPOS="2124" HPOS="420"/>
                  <String HEIGHT="58"
                          WIDTH="79"
                          VPOS="2124"
                          HPOS="390"
                          CONTENT="isto"/>
                  <SP HEIGHT="58" WIDTH="10" VPOS="2124" HPOS="470"/>
                  <String HEIGHT="58"
                          WIDTH="119"
                          VPOS="2124"
                          HPOS="440"
                          CONTENT="sequitur"/>
                  <SP HEIGHT="58" WIDTH="10" VPOS="2124" HPOS="559"/>
                  <String HEIGHT="58"
                          WIDTH="79"
                          VPOS="2124"
                          HPOS="529"
                          CONTENT="quod"/>
                  <SP HEIGHT="58" WIDTH="10" VPOS="2124" HPOS="609"/>
                  <String HEIGHT="58"
                          WIDTH="119"
                          VPOS="2124"
                          HPOS="579"
                          CONTENT="secundum"/>
                  <SP HEIGHT="58" WIDTH="10" VPOS="2124" HPOS="698"/>
                  <String HEIGHT="58"
                          WIDTH="129"
                          VPOS="2124"
                          HPOS="668"
                          CONTENT="principia"/>
                  <SP HEIGHT="58" WIDTH="10" VPOS="2124" HPOS="797"/>
                  <String HEIGHT="58"
                          WIDTH="139"
                          VPOS="2124"
                          HPOS="768"
                          CONTENT="philosophi"/>
                  <SP HEIGHT="58" WIDTH="10" VPOS="2124" HPOS="907"/>
                  <String HEIGHT="58"
                          WIDTH="89"
                          VPOS="2124"
                          HPOS="877"
                          CONTENT="esset"/>
                  <SP HEIGHT="58" WIDTH="10" VPOS="2124" HPOS="966"/>
                  <String HEIGHT="58"
                          WIDTH="60"
                          VPOS="2124"
                          HPOS="926"
                          CONTENT="con"
                          SUBS_TYPE="HypPart1"
                          SUBS_CONTENT="concedendum"/>
                  <HYP CONTENT="-"/>
               </TextLine>
               <TextLine ID="r1l46"
                         BASELINE="2228"
                         HEIGHT="62"
                         WIDTH="707"
                         VPOS="2166"
                         HPOS="275">
                  <String HEIGHT="62"
                          WIDTH="149"
                          VPOS="2166"
                          HPOS="263"
                          CONTENT="cedendum"
                          SUBS_TYPE="HypPart2"
                          SUBS_CONTENT="concedendum"/>
                  <SP HEIGHT="62" WIDTH="12" VPOS="2166" HPOS="411"/>
                  <String HEIGHT="62"
                          WIDTH="99"
                          VPOS="2166"
                          HPOS="374"
                          CONTENT="quod"/>
                  <SP HEIGHT="62" WIDTH="12" VPOS="2166" HPOS="473"/>
                  <String HEIGHT="62" WIDTH="74" VPOS="2166" HPOS="436" CONTENT="in"/>
                  <SP HEIGHT="62" WIDTH="12" VPOS="2166" HPOS="511"/>
                  <String HEIGHT="62"
                          WIDTH="99"
                          VPOS="2166"
                          HPOS="473"
                          CONTENT="sole"/>
                  <SP HEIGHT="62" WIDTH="12" VPOS="2166" HPOS="573"/>
                  <String HEIGHT="62" WIDTH="74" VPOS="2166" HPOS="535" CONTENT="et"/>
                  <SP HEIGHT="62" WIDTH="12" VPOS="2166" HPOS="610"/>
                  <String HEIGHT="62" WIDTH="74" VPOS="2166" HPOS="573" CONTENT="in"/>
                  <SP HEIGHT="62" WIDTH="12" VPOS="2166" HPOS="647"/>
                  <String HEIGHT="62"
                          WIDTH="149"
                          VPOS="2166"
                          HPOS="610"
                          CONTENT="quolibet"/>
                  <SP HEIGHT="62" WIDTH="12" VPOS="2166" HPOS="759"/>
                  <String HEIGHT="62"
                          WIDTH="136"
                          VPOS="2166"
                          HPOS="722"
                          CONTENT="corpore"/>
                  <SP HEIGHT="62" WIDTH="12" VPOS="2166" HPOS="858"/>
                  <String HEIGHT="62"
                          WIDTH="136"
                          VPOS="2166"
                          HPOS="821"
                          CONTENT="celesti"/>
                  <SP HEIGHT="62" WIDTH="12" VPOS="2166" HPOS="957"/>
                  <String HEIGHT="62"
                          WIDTH="74"
                          VPOS="2166"
                          HPOS="908"
                          CONTENT="sunt"/>
               </TextLine>
               <TextLine ID="r1l47"
                         BASELINE="2270"
                         HEIGHT="57"
                         WIDTH="709"
                         VPOS="2213"
                         HPOS="268">
                  <String HEIGHT="57"
                          WIDTH="158"
                          VPOS="2213"
                          HPOS="257"
                          CONTENT="actualiter"/>
                  <SP HEIGHT="57" WIDTH="11" VPOS="2213" HPOS="414"/>
                  <String HEIGHT="57" WIDTH="79" VPOS="2213" HPOS="381" CONTENT="res"/>
                  <SP HEIGHT="57" WIDTH="11" VPOS="2213" HPOS="459"/>
                  <String HEIGHT="57"
                          WIDTH="146"
                          VPOS="2213"
                          HPOS="426"
                          CONTENT="infinite."/>
                  <SP HEIGHT="57" WIDTH="11" VPOS="2213" HPOS="572"/>
                  <String HEIGHT="57"
                          WIDTH="90"
                          VPOS="2213"
                          HPOS="538"
                          CONTENT="quia"/>
                  <SP HEIGHT="57" WIDTH="11" VPOS="2213" HPOS="628"/>
                  <String HEIGHT="57"
                          WIDTH="135"
                          VPOS="2213"
                          HPOS="594"
                          CONTENT="secundum"/>
                  <SP HEIGHT="57" WIDTH="11" VPOS="2213" HPOS="729"/>
                  <String HEIGHT="57"
                          WIDTH="146"
                          VPOS="2213"
                          HPOS="696"
                          CONTENT="principia"/>
                  <SP HEIGHT="57" WIDTH="11" VPOS="2213" HPOS="842"/>
                  <String HEIGHT="57"
                          WIDTH="158"
                          VPOS="2213"
                          HPOS="808"
                          CONTENT="philosophi"/>
                  <SP HEIGHT="57" WIDTH="11" VPOS="2213" HPOS="966"/>
                  <String HEIGHT="57" WIDTH="56" VPOS="2213" HPOS="921" CONTENT="mum"/>
               </TextLine>
               <TextLine ID="r1l48"
                         BASELINE="2316"
                         HEIGHT="70"
                         WIDTH="705"
                         VPOS="2246"
                         HPOS="273">
                  <String HEIGHT="70" WIDTH="95" VPOS="2246" HPOS="259" CONTENT="dus"/>
                  <SP HEIGHT="70" WIDTH="14" VPOS="2246" HPOS="354"/>
                  <String HEIGHT="70"
                          WIDTH="149"
                          VPOS="2246"
                          HPOS="314"
                          CONTENT="durabit"/>
                  <SP HEIGHT="70" WIDTH="14" VPOS="2246" HPOS="463"/>
                  <String HEIGHT="70" WIDTH="81" VPOS="2246" HPOS="422" CONTENT="in"/>
                  <SP HEIGHT="70" WIDTH="14" VPOS="2246" HPOS="503"/>
                  <String HEIGHT="70"
                          WIDTH="190"
                          VPOS="2246"
                          HPOS="463"
                          CONTENT="infinitum."/>
                  <SP HEIGHT="70" WIDTH="14" VPOS="2246" HPOS="653"/>
                  <String HEIGHT="70" WIDTH="81" VPOS="2246" HPOS="612" CONTENT="et"/>
                  <SP HEIGHT="70" WIDTH="14" VPOS="2246" HPOS="693"/>
                  <String HEIGHT="70" WIDTH="95" VPOS="2246" HPOS="653" CONTENT="sol"/>
                  <SP HEIGHT="70" WIDTH="14" VPOS="2246" HPOS="748"/>
                  <String HEIGHT="70"
                          WIDTH="163"
                          VPOS="2246"
                          HPOS="707"
                          CONTENT="causabit"/>
                  <SP HEIGHT="70" WIDTH="14" VPOS="2246" HPOS="870"/>
                  <String HEIGHT="70"
                          WIDTH="163"
                          VPOS="2246"
                          HPOS="815"
                          CONTENT="successiue"/>
               </TextLine>
               <TextLine ID="r1l49"
                         BASELINE="2359"
                         HEIGHT="68"
                         WIDTH="710"
                         VPOS="2291"
                         HPOS="273">
                  <String HEIGHT="68"
                          WIDTH="135"
                          VPOS="2291"
                          HPOS="262"
                          CONTENT="nfinitos"/>
                  <SP HEIGHT="68" WIDTH="11" VPOS="2291" HPOS="397"/>
                  <String HEIGHT="68"
                          WIDTH="124"
                          VPOS="2291"
                          HPOS="363"
                          CONTENT="calores"/>
                  <SP HEIGHT="68" WIDTH="11" VPOS="2291" HPOS="487"/>
                  <String HEIGHT="68" WIDTH="68" VPOS="2291" HPOS="453" CONTENT="in"/>
                  <SP HEIGHT="68" WIDTH="11" VPOS="2291" HPOS="521"/>
                  <String HEIGHT="68"
                          WIDTH="101"
                          VPOS="2291"
                          HPOS="487"
                          CONTENT="istis"/>
                  <SP HEIGHT="68" WIDTH="11" VPOS="2291" HPOS="589"/>
                  <String HEIGHT="68"
                          WIDTH="192"
                          VPOS="2291"
                          HPOS="555"
                          CONTENT="inferioribus."/>
                  <SP HEIGHT="68" WIDTH="11" VPOS="2291" HPOS="746"/>
                  <String HEIGHT="68"
                          WIDTH="90"
                          VPOS="2291"
                          HPOS="713"
                          CONTENT="ergo"/>
                  <SP HEIGHT="68" WIDTH="11" VPOS="2291" HPOS="803"/>
                  <String HEIGHT="68"
                          WIDTH="135"
                          VPOS="2291"
                          HPOS="769"
                          CONTENT="secundum"/>
                  <SP HEIGHT="68" WIDTH="11" VPOS="2291" HPOS="904"/>
                  <String HEIGHT="68"
                          WIDTH="124"
                          VPOS="2291"
                          HPOS="859"
                          CONTENT="principia"/>
               </TextLine>
               <TextLine ID="r1l50"
                         BASELINE="2395"
                         HEIGHT="54"
                         WIDTH="724"
                         VPOS="2341"
                         HPOS="263">
                  <String HEIGHT="54"
                          WIDTH="103"
                          VPOS="2341"
                          HPOS="250"
                          CONTENT="eius"/>
                  <SP HEIGHT="54" WIDTH="13" VPOS="2341" HPOS="354"/>
                  <String HEIGHT="54" WIDTH="91" VPOS="2341" HPOS="315" CONTENT="sol"/>
                  <SP HEIGHT="54" WIDTH="13" VPOS="2341" HPOS="405"/>
                  <String HEIGHT="54" WIDTH="91" VPOS="2341" HPOS="366" CONTENT="est"/>
                  <SP HEIGHT="54" WIDTH="13" VPOS="2341" HPOS="457"/>
                  <String HEIGHT="54"
                          WIDTH="207"
                          VPOS="2341"
                          HPOS="418"
                          CONTENT="calefactiuus"/>
                  <SP HEIGHT="54" WIDTH="13" VPOS="2341" HPOS="625"/>
                  <String HEIGHT="54"
                          WIDTH="194"
                          VPOS="2341"
                          HPOS="586"
                          CONTENT="infinitorum"/>
                  <SP HEIGHT="54" WIDTH="13" VPOS="2341" HPOS="780"/>
                  <String HEIGHT="54"
                          WIDTH="246"
                          VPOS="2341"
                          HPOS="741"
                          CONTENT="calefactibilium"/>
                  <SP HEIGHT="54" WIDTH="13" VPOS="2341" HPOS="987"/>
                  <String HEIGHT="54" WIDTH="52" VPOS="2341" HPOS="935" CONTENT="et"/>
               </TextLine>
               <TextLine ID="r1l51"
                         BASELINE="2450"
                         HEIGHT="60"
                         WIDTH="709"
                         VPOS="2390"
                         HPOS="277">
                  <String HEIGHT="60"
                          WIDTH="180"
                          VPOS="2390"
                          HPOS="264"
                          CONTENT="causatiuus"/>
                  <SP HEIGHT="60" WIDTH="13" VPOS="2390" HPOS="445"/>
                  <String HEIGHT="60"
                          WIDTH="193"
                          VPOS="2390"
                          HPOS="406"
                          CONTENT="infinitorum"/>
                  <SP HEIGHT="60" WIDTH="13" VPOS="2390" HPOS="599"/>
                  <String HEIGHT="60"
                          WIDTH="155"
                          VPOS="2390"
                          HPOS="561"
                          CONTENT="calorum."/>
                  <SP HEIGHT="60" WIDTH="13" VPOS="2390" HPOS="715"/>
                  <String HEIGHT="60"
                          WIDTH="103"
                          VPOS="2390"
                          HPOS="677"
                          CONTENT="ergo"/>
                  <SP HEIGHT="60" WIDTH="13" VPOS="2390" HPOS="780"/>
                  <String HEIGHT="60" WIDTH="77" VPOS="2390" HPOS="741" CONTENT="si"/>
                  <SP HEIGHT="60" WIDTH="13" VPOS="2390" HPOS="818"/>
                  <String HEIGHT="60"
                          WIDTH="155"
                          VPOS="2390"
                          HPOS="780"
                          CONTENT="respectu"/>
                  <SP HEIGHT="60" WIDTH="13" VPOS="2390" HPOS="934"/>
                  <String HEIGHT="60"
                          WIDTH="103"
                          VPOS="2390"
                          HPOS="883"
                          CONTENT="cuius"
                          SUBS_TYPE="HypPart1"
                          SUBS_CONTENT="cuiuslibet"/>
                  <HYP CONTENT="-"/>
               </TextLine>
               <TextLine ID="r1l52"
                         BASELINE="2487"
                         HEIGHT="64"
                         WIDTH="706"
                         VPOS="2423"
                         HPOS="270">
                  <String HEIGHT="64"
                          WIDTH="104"
                          VPOS="2423"
                          HPOS="258"
                          CONTENT="libet"
                          SUBS_TYPE="HypPart2"
                          SUBS_CONTENT="cuiuslibet"/>
                  <SP HEIGHT="64" WIDTH="12" VPOS="2423" HPOS="363"/>
                  <String HEIGHT="64"
                          WIDTH="104"
                          VPOS="2423"
                          HPOS="328"
                          CONTENT="habet"/>
                  <SP HEIGHT="64" WIDTH="12" VPOS="2423" HPOS="432"/>
                  <String HEIGHT="64"
                          WIDTH="104"
                          VPOS="2423"
                          HPOS="397"
                          CONTENT="talem"/>
                  <SP HEIGHT="64" WIDTH="12" VPOS="2423" HPOS="501"/>
                  <String HEIGHT="64" WIDTH="81" VPOS="2423" HPOS="467" CONTENT="rem"/>
                  <SP HEIGHT="64" WIDTH="12" VPOS="2423" HPOS="548"/>
                  <String HEIGHT="64"
                          WIDTH="116"
                          VPOS="2423"
                          HPOS="513"
                          CONTENT="aliam."/>
                  <SP HEIGHT="64" WIDTH="12" VPOS="2423" HPOS="629"/>
                  <String HEIGHT="64"
                          WIDTH="93"
                          VPOS="2423"
                          HPOS="594"
                          CONTENT="vere"/>
                  <SP HEIGHT="64" WIDTH="12" VPOS="2423" HPOS="687"/>
                  <String HEIGHT="64"
                          WIDTH="104"
                          VPOS="2423"
                          HPOS="652"
                          CONTENT="erunt"/>
                  <SP HEIGHT="64" WIDTH="12" VPOS="2423" HPOS="756"/>
                  <String HEIGHT="64" WIDTH="69" VPOS="2423" HPOS="721" CONTENT="in"/>
                  <SP HEIGHT="64" WIDTH="12" VPOS="2423" HPOS="791"/>
                  <String HEIGHT="64"
                          WIDTH="93"
                          VPOS="2423"
                          HPOS="756"
                          CONTENT="sole"/>
                  <SP HEIGHT="64" WIDTH="12" VPOS="2423" HPOS="849"/>
                  <String HEIGHT="64"
                          WIDTH="162"
                          VPOS="2423"
                          HPOS="814"
                          CONTENT="actualitur"/>
                  <SP HEIGHT="64" WIDTH="12" VPOS="2423" HPOS="976"/>
                  <String HEIGHT="64" WIDTH="46" VPOS="2423" HPOS="930" CONTENT="in"/>
               </TextLine>
               <TextLine ID="r1l53"
                         BASELINE="2537"
                         HEIGHT="65"
                         WIDTH="705"
                         VPOS="2472"
                         HPOS="265">
                  <String HEIGHT="65"
                          WIDTH="124"
                          VPOS="2472"
                          HPOS="253"
                          CONTENT="finite"/>
                  <SP HEIGHT="65" WIDTH="12" VPOS="2472" HPOS="376"/>
                  <String HEIGHT="65" WIDTH="87" VPOS="2472" HPOS="339" CONTENT="res"/>
                  <SP HEIGHT="65" WIDTH="12" VPOS="2472" HPOS="426"/>
                  <String HEIGHT="65" WIDTH="62" VPOS="2472" HPOS="389" CONTENT=""/>
                  <SP HEIGHT="65" WIDTH="12" VPOS="2472" HPOS="451"/>
                  <String HEIGHT="65" WIDTH="74" VPOS="2472" HPOS="413" CONTENT="Si"/>
                  <SP HEIGHT="65" WIDTH="12" VPOS="2472" HPOS="488"/>
                  <String HEIGHT="65"
                          WIDTH="136"
                          VPOS="2472"
                          HPOS="451"
                          CONTENT="dicatur"/>
                  <SP HEIGHT="65" WIDTH="12" VPOS="2472" HPOS="587"/>
                  <String HEIGHT="65"
                          WIDTH="99"
                          VPOS="2472"
                          HPOS="549"
                          CONTENT="quod"/>
                  <SP HEIGHT="65" WIDTH="12" VPOS="2472" HPOS="648"/>
                  <String HEIGHT="65" WIDTH="87" VPOS="2472" HPOS="611" CONTENT="non"/>
                  <SP HEIGHT="65" WIDTH="12" VPOS="2472" HPOS="698"/>
                  <String HEIGHT="65"
                          WIDTH="99"
                          VPOS="2472"
                          HPOS="661"
                          CONTENT="sunt"/>
                  <SP HEIGHT="65" WIDTH="12" VPOS="2472" HPOS="760"/>
                  <String HEIGHT="65"
                          WIDTH="161"
                          VPOS="2472"
                          HPOS="723"
                          CONTENT="distincti"/>
                  <SP HEIGHT="65" WIDTH="12" VPOS="2472" HPOS="883"/>
                  <String HEIGHT="65"
                          WIDTH="136"
                          VPOS="2472"
                          HPOS="834"
                          CONTENT="respectus"/>
               </TextLine>
               <TextLine ID="r1l54"
                         BASELINE="2589"
                         HEIGHT="68"
                         WIDTH="698"
                         VPOS="2521"
                         HPOS="273">
                  <String HEIGHT="68"
                          WIDTH="142"
                          VPOS="2521"
                          HPOS="261"
                          CONTENT="respectu"/>
                  <SP HEIGHT="68" WIDTH="12" VPOS="2521" HPOS="403"/>
                  <String HEIGHT="68"
                          WIDTH="189"
                          VPOS="2521"
                          HPOS="368"
                          CONTENT="distinctorum"/>
                  <SP HEIGHT="68" WIDTH="12" VPOS="2521" HPOS="557"/>
                  <String HEIGHT="68"
                          WIDTH="225"
                          VPOS="2521"
                          HPOS="521"
                          CONTENT="calefactibilium"/>
                  <SP HEIGHT="68" WIDTH="12" VPOS="2521" HPOS="746"/>
                  <String HEIGHT="68" WIDTH="83" VPOS="2521" HPOS="711" CONTENT="hoc"/>
                  <SP HEIGHT="68" WIDTH="12" VPOS="2521" HPOS="794"/>
                  <String HEIGHT="68" WIDTH="83" VPOS="2521" HPOS="758" CONTENT="est"/>
                  <SP HEIGHT="68" WIDTH="12" VPOS="2521" HPOS="841"/>
                  <String HEIGHT="68"
                          WIDTH="142"
                          VPOS="2521"
                          HPOS="805"
                          CONTENT="conclrsi"/>
                  <SP HEIGHT="68" WIDTH="12" VPOS="2521" HPOS="947"/>
                  <String HEIGHT="68"
                          WIDTH="71"
                          VPOS="2521"
                          HPOS="900"
                          CONTENT="prin"/>
               </TextLine>
               <TextLine ID="r1l55"
                         BASELINE="2619"
                         HEIGHT="51"
                         WIDTH="712"
                         VPOS="2568"
                         HPOS="264">
                  <String HEIGHT="51"
                          WIDTH="87"
                          VPOS="2568"
                          HPOS="254"
                          CONTENT="cipia"/>
                  <SP HEIGHT="51" WIDTH="10" VPOS="2568" HPOS="341"/>
                  <String HEIGHT="51"
                          WIDTH="144"
                          VPOS="2568"
                          HPOS="312"
                          CONTENT="philosophi."/>
                  <SP HEIGHT="51" WIDTH="10" VPOS="2568" HPOS="456"/>
                  <String HEIGHT="51"
                          WIDTH="77"
                          VPOS="2568"
                          HPOS="428"
                          CONTENT="quia"/>
                  <SP HEIGHT="51" WIDTH="10" VPOS="2568" HPOS="505"/>
                  <String HEIGHT="51"
                          WIDTH="115"
                          VPOS="2568"
                          HPOS="476"
                          CONTENT="secundum"/>
                  <SP HEIGHT="51" WIDTH="10" VPOS="2568" HPOS="591"/>
                  <String HEIGHT="51"
                          WIDTH="125"
                          VPOS="2568"
                          HPOS="562"
                          CONTENT="principia"/>
                  <SP HEIGHT="51" WIDTH="10" VPOS="2568" HPOS="687"/>
                  <String HEIGHT="51"
                          WIDTH="135"
                          VPOS="2568"
                          HPOS="658"
                          CONTENT="philosophi"/>
                  <SP HEIGHT="51" WIDTH="10" VPOS="2568" HPOS="793"/>
                  <String HEIGHT="51" WIDTH="58" VPOS="2568" HPOS="764" CONTENT="in"/>
                  <SP HEIGHT="51" WIDTH="10" VPOS="2568" HPOS="822"/>
                  <String HEIGHT="51"
                          WIDTH="183"
                          VPOS="2568"
                          HPOS="793"
                          CONTENT="praedicamentis."/>
                  <SP HEIGHT="51" WIDTH="10" VPOS="2568" HPOS="976"/>
                  <String HEIGHT="51" WIDTH="38" VPOS="2568" HPOS="938" CONTENT="Si"/>
               </TextLine>
               <TextLine ID="r1l56"
                         BASELINE="2686"
                         HEIGHT="85"
                         WIDTH="718"
                         VPOS="2601"
                         HPOS="268">
                  <String HEIGHT="85"
                          WIDTH="99"
                          VPOS="2601"
                          HPOS="256"
                          CONTENT="quas"/>
                  <SP HEIGHT="85" WIDTH="12" VPOS="2601" HPOS="355"/>
                  <String HEIGHT="85"
                          WIDTH="136"
                          VPOS="2601"
                          HPOS="318"
                          CONTENT="aliquid"/>
                  <SP HEIGHT="85" WIDTH="12" VPOS="2601" HPOS="454"/>
                  <String HEIGHT="85"
                          WIDTH="111"
                          VPOS="2601"
                          HPOS="417"
                          CONTENT="eorum"/>
                  <SP HEIGHT="85" WIDTH="12" VPOS="2601" HPOS="528"/>
                  <String HEIGHT="85"
                          WIDTH="99"
                          VPOS="2601"
                          HPOS="491"
                          CONTENT="quae"/>
                  <SP HEIGHT="85" WIDTH="12" VPOS="2601" HPOS="590"/>
                  <String HEIGHT="85"
                          WIDTH="99"
                          VPOS="2601"
                          HPOS="553"
                          CONTENT="sunt"/>
                  <SP HEIGHT="85" WIDTH="12" VPOS="2601" HPOS="652"/>
                  <String HEIGHT="85" WIDTH="74" VPOS="2601" HPOS="615" CONTENT="ad"/>
                  <SP HEIGHT="85" WIDTH="12" VPOS="2601" HPOS="689"/>
                  <String HEIGHT="85"
                          WIDTH="136"
                          VPOS="2601"
                          HPOS="652"
                          CONTENT="aliquid"/>
                  <SP HEIGHT="85" WIDTH="12" VPOS="2601" HPOS="788"/>
                  <String HEIGHT="85"
                          WIDTH="186"
                          VPOS="2601"
                          HPOS="751"
                          CONTENT="diffiuitiue"/>
                  <SP HEIGHT="85" WIDTH="12" VPOS="2601" HPOS="936"/>
                  <String HEIGHT="85"
                          WIDTH="99"
                          VPOS="2601"
                          HPOS="887"
                          CONTENT="sciret"/>
               </TextLine>
            </TextBlock>
            <TextBlock ID="r2" HEIGHT="2509" WIDTH="756" VPOS="180" HPOS="1076">
               <Shape>
                  <Polygon POINTS="1076,180 1076,2689 1832,2689 1832,180"/>
               </Shape>
               <TextLine ID="r2l3"
                         BASELINE="309"
                         HEIGHT="67"
                         WIDTH="707"
                         VPOS="242"
                         HPOS="1125">
                  <String HEIGHT="67" WIDTH="77" VPOS="242" HPOS="1112" CONTENT="et"/>
                  <SP HEIGHT="67" WIDTH="13" VPOS="242" HPOS="1189"/>
                  <String HEIGHT="67"
                          WIDTH="116"
                          VPOS="242"
                          HPOS="1151"
                          CONTENT="illud"/>
                  <SP HEIGHT="67" WIDTH="13" VPOS="242" HPOS="1266"/>
                  <String HEIGHT="67" WIDTH="77" VPOS="242" HPOS="1228" CONTENT="ad"/>
                  <SP HEIGHT="67" WIDTH="13" VPOS="242" HPOS="1305"/>
                  <String HEIGHT="67"
                          WIDTH="103"
                          VPOS="242"
                          HPOS="1266"
                          CONTENT="quod"/>
                  <SP HEIGHT="67" WIDTH="13" VPOS="242" HPOS="1369"/>
                  <String HEIGHT="67"
                          WIDTH="141"
                          VPOS="242"
                          HPOS="1331"
                          CONTENT="dicitur"/>
                  <SP HEIGHT="67" WIDTH="13" VPOS="242" HPOS="1472"/>
                  <String HEIGHT="67"
                          WIDTH="193"
                          VPOS="242"
                          HPOS="1434"
                          CONTENT="diffinitiue"/>
                  <SP HEIGHT="67" WIDTH="13" VPOS="242" HPOS="1626"/>
                  <String HEIGHT="67"
                          WIDTH="154"
                          VPOS="242"
                          HPOS="1588"
                          CONTENT="sciturus"/>
                  <SP HEIGHT="67" WIDTH="13" VPOS="242" HPOS="1742"/>
                  <String HEIGHT="67" WIDTH="90" VPOS="242" HPOS="1703" CONTENT="est"/>
                  <SP HEIGHT="67" WIDTH="13" VPOS="242" HPOS="1793"/>
                  <String HEIGHT="67" WIDTH="77" VPOS="242" HPOS="1755" CONTENT="vt"/>
                  <SP HEIGHT="67" WIDTH="13" VPOS="242" HPOS="1832"/>
                  <String HEIGHT="67" WIDTH="51" VPOS="242" HPOS="1781" CONTENT="si"/>
               </TextLine>
               <TextLine ID="r2l4"
                         BASELINE="358"
                         HEIGHT="64"
                         WIDTH="704"
                         VPOS="294"
                         HPOS="1132">
                  <String HEIGHT="64"
                          WIDTH="127"
                          VPOS="294"
                          HPOS="1120"
                          CONTENT="aliquis"/>
                  <SP HEIGHT="64" WIDTH="12" VPOS="294" HPOS="1247"/>
                  <String HEIGHT="64"
                          WIDTH="173"
                          VPOS="294"
                          HPOS="1213"
                          CONTENT="diffinitiue"/>
                  <SP HEIGHT="64" WIDTH="12" VPOS="294" HPOS="1386"/>
                  <String HEIGHT="64"
                          WIDTH="92"
                          VPOS="294"
                          HPOS="1351"
                          CONTENT="scit"/>
                  <SP HEIGHT="64" WIDTH="12" VPOS="294" HPOS="1444"/>
                  <String HEIGHT="64"
                          WIDTH="92"
                          VPOS="294"
                          HPOS="1409"
                          CONTENT="quod"/>
                  <SP HEIGHT="64" WIDTH="12" VPOS="294" HPOS="1501"/>
                  <String HEIGHT="64" WIDTH="81" VPOS="294" HPOS="1467" CONTENT="hoc"/>
                  <SP HEIGHT="64" WIDTH="12" VPOS="294" HPOS="1547"/>
                  <String HEIGHT="64" WIDTH="81" VPOS="294" HPOS="1513" CONTENT="est"/>
                  <SP HEIGHT="64" WIDTH="12" VPOS="294" HPOS="1594"/>
                  <String HEIGHT="64"
                          WIDTH="127"
                          VPOS="294"
                          HPOS="1559"
                          CONTENT="duplum."/>
                  <SP HEIGHT="64" WIDTH="12" VPOS="294" HPOS="1686"/>
                  <String HEIGHT="64" WIDTH="69" VPOS="294" HPOS="1651" CONTENT="et"/>
                  <SP HEIGHT="64" WIDTH="12" VPOS="294" HPOS="1721"/>
                  <String HEIGHT="64"
                          WIDTH="104"
                          VPOS="294"
                          HPOS="1686"
                          CONTENT="cuius"/>
                  <SP HEIGHT="64" WIDTH="12" VPOS="294" HPOS="1790"/>
                  <String HEIGHT="64" WIDTH="81" VPOS="294" HPOS="1755" CONTENT="est"/>
                  <SP HEIGHT="64" WIDTH="12" VPOS="294" HPOS="1836"/>
                  <String HEIGHT="64" WIDTH="46" VPOS="294" HPOS="1790" CONTENT="du"/>
               </TextLine>
               <TextLine ID="r2l5"
                         BASELINE="402"
                         HEIGHT="65"
                         WIDTH="708"
                         VPOS="337"
                         HPOS="1129">
                  <String HEIGHT="65"
                          WIDTH="99"
                          VPOS="337"
                          HPOS="1117"
                          CONTENT="plum"/>
                  <SP HEIGHT="65" WIDTH="12" VPOS="337" HPOS="1216"/>
                  <String HEIGHT="65"
                          WIDTH="161"
                          VPOS="337"
                          HPOS="1179"
                          CONTENT="diffinite"/>
                  <SP HEIGHT="65" WIDTH="12" VPOS="337" HPOS="1340"/>
                  <String HEIGHT="65"
                          WIDTH="112"
                          VPOS="337"
                          HPOS="1303"
                          CONTENT="nouit"/>
                  <SP HEIGHT="65" WIDTH="12" VPOS="337" HPOS="1415"/>
                  <String HEIGHT="65" WIDTH="75" VPOS="337" HPOS="1377" CONTENT="et"/>
                  <SP HEIGHT="65" WIDTH="12" VPOS="337" HPOS="1452"/>
                  <String HEIGHT="65" WIDTH="87" VPOS="337" HPOS="1415" CONTENT="sic"/>
                  <SP HEIGHT="65" WIDTH="12" VPOS="337" HPOS="1502"/>
                  <String HEIGHT="65"
                          WIDTH="199"
                          VPOS="337"
                          HPOS="1464"
                          CONTENT="exemplificat"/>
                  <SP HEIGHT="65" WIDTH="12" VPOS="337" HPOS="1663"/>
                  <String HEIGHT="65" WIDTH="75" VPOS="337" HPOS="1626" CONTENT="in"/>
                  <SP HEIGHT="65" WIDTH="12" VPOS="337" HPOS="1700"/>
                  <String HEIGHT="65"
                          WIDTH="124"
                          VPOS="337"
                          HPOS="1663"
                          CONTENT="aliis."/>
                  <SP HEIGHT="65" WIDTH="12" VPOS="337" HPOS="1787"/>
                  <String HEIGHT="65" WIDTH="87" VPOS="337" HPOS="1750" CONTENT="sed"/>
                  <SP HEIGHT="65" WIDTH="12" VPOS="337" HPOS="1837"/>
                  <String HEIGHT="65" WIDTH="50" VPOS="337" HPOS="1787" CONTENT="si"/>
               </TextLine>
               <TextLine ID="r2l6"
                         BASELINE="448"
                         HEIGHT="67"
                         WIDTH="713"
                         VPOS="381"
                         HPOS="1116">
                  <String HEIGHT="67"
                          WIDTH="112"
                          VPOS="381"
                          HPOS="1102"
                          CONTENT="idem"/>
                  <SP HEIGHT="67" WIDTH="14" VPOS="381" HPOS="1214"/>
                  <String HEIGHT="67"
                          WIDTH="182"
                          VPOS="381"
                          HPOS="1172"
                          CONTENT="respectus"/>
                  <SP HEIGHT="67" WIDTH="14" VPOS="381" HPOS="1354"/>
                  <String HEIGHT="67"
                          WIDTH="140"
                          VPOS="381"
                          HPOS="1312"
                          CONTENT="posset"/>
                  <SP HEIGHT="67" WIDTH="14" VPOS="381" HPOS="1452"/>
                  <String HEIGHT="67"
                          WIDTH="112"
                          VPOS="381"
                          HPOS="1410"
                          CONTENT="esse"/>
                  <SP HEIGHT="67" WIDTH="14" VPOS="381" HPOS="1521"/>
                  <String HEIGHT="67"
                          WIDTH="168"
                          VPOS="381"
                          HPOS="1479"
                          CONTENT="respectu"/>
                  <SP HEIGHT="67" WIDTH="14" VPOS="381" HPOS="1647"/>
                  <String HEIGHT="67"
                          WIDTH="168"
                          VPOS="381"
                          HPOS="1605"
                          CONTENT="multorum"/>
                  <SP HEIGHT="67" WIDTH="14" VPOS="381" HPOS="1773"/>
                  <String HEIGHT="67"
                          WIDTH="112"
                          VPOS="381"
                          HPOS="1717"
                          CONTENT="oporte"/>
               </TextLine>
               <TextLine ID="r2l7"
                         BASELINE="490"
                         HEIGHT="69"
                         WIDTH="703"
                         VPOS="421"
                         HPOS="1120">
                  <String HEIGHT="69" WIDTH="93" VPOS="421" HPOS="1107" CONTENT="ret"/>
                  <SP HEIGHT="69" WIDTH="13" VPOS="421" HPOS="1200"/>
                  <String HEIGHT="69"
                          WIDTH="106"
                          VPOS="421"
                          HPOS="1160"
                          CONTENT="quod"/>
                  <SP HEIGHT="69" WIDTH="13" VPOS="421" HPOS="1266"/>
                  <String HEIGHT="69"
                          WIDTH="106"
                          VPOS="421"
                          HPOS="1226"
                          CONTENT="quae"/>
                  <SP HEIGHT="69" WIDTH="13" VPOS="421" HPOS="1332"/>
                  <String HEIGHT="69"
                          WIDTH="199"
                          VPOS="421"
                          HPOS="1292"
                          CONTENT="determinate"/>
                  <SP HEIGHT="69" WIDTH="13" VPOS="421" HPOS="1491"/>
                  <String HEIGHT="69"
                          WIDTH="133"
                          VPOS="421"
                          HPOS="1452"
                          CONTENT="sciret"/>
                  <SP HEIGHT="69" WIDTH="13" VPOS="421" HPOS="1584"/>
                  <String HEIGHT="69"
                          WIDTH="119"
                          VPOS="421"
                          HPOS="1544"
                          CONTENT="talem"/>
                  <SP HEIGHT="69" WIDTH="13" VPOS="421" HPOS="1664"/>
                  <String HEIGHT="69"
                          WIDTH="172"
                          VPOS="421"
                          HPOS="1624"
                          CONTENT="respectum"/>
                  <SP HEIGHT="69" WIDTH="13" VPOS="421" HPOS="1796"/>
                  <String HEIGHT="69"
                          WIDTH="80"
                          VPOS="421"
                          HPOS="1743"
                          CONTENT="ines"/>
               </TextLine>
               <TextLine ID="r2l8"
                         BASELINE="543"
                         HEIGHT="70"
                         WIDTH="714"
                         VPOS="473"
                         HPOS="1122">
                  <String HEIGHT="70"
                          WIDTH="151"
                          VPOS="473"
                          HPOS="1108"
                          CONTENT="alicui."/>
                  <SP HEIGHT="70" WIDTH="14" VPOS="473" HPOS="1259"/>
                  <String HEIGHT="70"
                          WIDTH="110"
                          VPOS="473"
                          HPOS="1218"
                          CONTENT="quod"/>
                  <SP HEIGHT="70" WIDTH="14" VPOS="473" HPOS="1328"/>
                  <String HEIGHT="70"
                          WIDTH="206"
                          VPOS="473"
                          HPOS="1287"
                          CONTENT="determinate"/>
                  <SP HEIGHT="70" WIDTH="14" VPOS="473" HPOS="1493"/>
                  <String HEIGHT="70"
                          WIDTH="137"
                          VPOS="473"
                          HPOS="1452"
                          CONTENT="sciret"/>
                  <SP HEIGHT="70" WIDTH="14" VPOS="473" HPOS="1589"/>
                  <String HEIGHT="70"
                          WIDTH="165"
                          VPOS="473"
                          HPOS="1548"
                          CONTENT="respectu"/>
                  <SP HEIGHT="70" WIDTH="14" VPOS="473" HPOS="1712"/>
                  <String HEIGHT="70"
                          WIDTH="137"
                          VPOS="473"
                          HPOS="1671"
                          CONTENT="cuius."/>
                  <SP HEIGHT="70" WIDTH="14" VPOS="473" HPOS="1809"/>
                  <String HEIGHT="70"
                          WIDTH="82"
                          VPOS="473"
                          HPOS="1754"
                          CONTENT="quia"/>
               </TextLine>
               <TextLine ID="r2l9"
                         BASELINE="576"
                         HEIGHT="67"
                         WIDTH="716"
                         VPOS="509"
                         HPOS="1116">
                  <String HEIGHT="67" WIDTH="96" VPOS="509" HPOS="1102" CONTENT="non"/>
                  <SP HEIGHT="67" WIDTH="14" VPOS="509" HPOS="1199"/>
                  <String HEIGHT="67"
                          WIDTH="110"
                          VPOS="509"
                          HPOS="1157"
                          CONTENT="plus"/>
                  <SP HEIGHT="67" WIDTH="14" VPOS="509" HPOS="1267"/>
                  <String HEIGHT="67" WIDTH="83" VPOS="509" HPOS="1226" CONTENT="de"/>
                  <SP HEIGHT="67" WIDTH="14" VPOS="509" HPOS="1309"/>
                  <String HEIGHT="67" WIDTH="96" VPOS="509" HPOS="1267" CONTENT="vno"/>
                  <SP HEIGHT="67" WIDTH="14" VPOS="509" HPOS="1364"/>
                  <String HEIGHT="67"
                          WIDTH="110"
                          VPOS="509"
                          HPOS="1323"
                          CONTENT="quam"/>
                  <SP HEIGHT="67" WIDTH="14" VPOS="509" HPOS="1433"/>
                  <String HEIGHT="67" WIDTH="83" VPOS="509" HPOS="1391" CONTENT="de"/>
                  <SP HEIGHT="67" WIDTH="14" VPOS="509" HPOS="1474"/>
                  <String HEIGHT="67"
                          WIDTH="124"
                          VPOS="509"
                          HPOS="1433"
                          CONTENT="alio."/>
                  <SP HEIGHT="67" WIDTH="14" VPOS="509" HPOS="1557"/>
                  <String HEIGHT="67" WIDTH="83" VPOS="509" HPOS="1515" CONTENT="et"/>
                  <SP HEIGHT="67" WIDTH="14" VPOS="509" HPOS="1598"/>
                  <String HEIGHT="67" WIDTH="96" VPOS="509" HPOS="1557" CONTENT="ita"/>
                  <SP HEIGHT="67" WIDTH="14" VPOS="509" HPOS="1653"/>
                  <String HEIGHT="67"
                          WIDTH="207"
                          VPOS="509"
                          HPOS="1612"
                          CONTENT="determinate"/>
                  <SP HEIGHT="67" WIDTH="14" VPOS="509" HPOS="1818"/>
                  <String HEIGHT="67"
                          WIDTH="69"
                          VPOS="509"
                          HPOS="1763"
                          CONTENT="no"
                          SUBS_TYPE="HypPart1"
                          SUBS_CONTENT="nosceret"/>
                  <HYP CONTENT="-"/>
               </TextLine>
               <TextLine ID="r2l10"
                         BASELINE="621"
                         HEIGHT="67"
                         WIDTH="714"
                         VPOS="554"
                         HPOS="1119">
                  <String HEIGHT="67"
                          WIDTH="121"
                          VPOS="554"
                          HPOS="1107"
                          CONTENT="sceret"
                          SUBS_TYPE="HypPart2"
                          SUBS_CONTENT="nosceret"/>
                  <SP HEIGHT="67" WIDTH="12" VPOS="554" HPOS="1228"/>
                  <String HEIGHT="67"
                          WIDTH="145"
                          VPOS="554"
                          HPOS="1192"
                          CONTENT="infinita"/>
                  <SP HEIGHT="67" WIDTH="12" VPOS="554" HPOS="1337"/>
                  <String HEIGHT="67" WIDTH="73" VPOS="554" HPOS="1301" CONTENT="si"/>
                  <SP HEIGHT="67" WIDTH="12" VPOS="554" HPOS="1373"/>
                  <String HEIGHT="67"
                          WIDTH="109"
                          VPOS="554"
                          HPOS="1337"
                          CONTENT="esset"/>
                  <SP HEIGHT="67" WIDTH="12" VPOS="554" HPOS="1446"/>
                  <String HEIGHT="67"
                          WIDTH="194"
                          VPOS="554"
                          HPOS="1409"
                          CONTENT="infinitorum."/>
                  <SP HEIGHT="67" WIDTH="12" VPOS="554" HPOS="1603"/>
                  <String HEIGHT="67"
                          WIDTH="157"
                          VPOS="554"
                          HPOS="1567"
                          CONTENT="Similiter"/>
                  <SP HEIGHT="67" WIDTH="12" VPOS="554" HPOS="1724"/>
                  <String HEIGHT="67"
                          WIDTH="157"
                          VPOS="554"
                          HPOS="1676"
                          CONTENT="impossibile"/>
               </TextLine>
               <TextLine ID="r2l11"
                         BASELINE="661"
                         HEIGHT="71"
                         WIDTH="709"
                         VPOS="590"
                         HPOS="1113">
                  <String HEIGHT="71" WIDTH="97" VPOS="590" HPOS="1099" CONTENT="est"/>
                  <SP HEIGHT="71" WIDTH="14" VPOS="590" HPOS="1196"/>
                  <String HEIGHT="71" WIDTH="83" VPOS="590" HPOS="1155" CONTENT="in"/>
                  <SP HEIGHT="71" WIDTH="14" VPOS="590" HPOS="1238"/>
                  <String HEIGHT="71"
                          WIDTH="125"
                          VPOS="590"
                          HPOS="1196"
                          CONTENT="eodem"/>
                  <SP HEIGHT="71" WIDTH="14" VPOS="590" HPOS="1322"/>
                  <String HEIGHT="71"
                          WIDTH="111"
                          VPOS="590"
                          HPOS="1280"
                          CONTENT="esse"/>
                  <SP HEIGHT="71" WIDTH="14" VPOS="590" HPOS="1391"/>
                  <String HEIGHT="71"
                          WIDTH="181"
                          VPOS="590"
                          HPOS="1349"
                          CONTENT="oppositos"/>
                  <SP HEIGHT="71" WIDTH="14" VPOS="590" HPOS="1530"/>
                  <String HEIGHT="71"
                          WIDTH="181"
                          VPOS="590"
                          HPOS="1488"
                          CONTENT="respectus"/>
                  <SP HEIGHT="71" WIDTH="14" VPOS="590" HPOS="1669"/>
                  <String HEIGHT="71"
                          WIDTH="167"
                          VPOS="590"
                          HPOS="1627"
                          CONTENT="respectu"/>
                  <SP HEIGHT="71" WIDTH="14" VPOS="590" HPOS="1794"/>
                  <String HEIGHT="71"
                          WIDTH="83"
                          VPOS="590"
                          HPOS="1739"
                          CONTENT="eius"/>
               </TextLine>
               <TextLine ID="r2l12"
                         BASELINE="708"
                         HEIGHT="66"
                         WIDTH="710"
                         VPOS="642"
                         HPOS="1119">
                  <String HEIGHT="66"
                          WIDTH="96"
                          VPOS="642"
                          HPOS="1107"
                          CONTENT="dem."/>
                  <SP HEIGHT="66" WIDTH="12" VPOS="642" HPOS="1203"/>
                  <String HEIGHT="66" WIDTH="84" VPOS="642" HPOS="1167" CONTENT="sed"/>
                  <SP HEIGHT="66" WIDTH="12" VPOS="642" HPOS="1251"/>
                  <String HEIGHT="66"
                          WIDTH="193"
                          VPOS="642"
                          HPOS="1215"
                          CONTENT="calefactiuum"/>
                  <SP HEIGHT="66" WIDTH="12" VPOS="642" HPOS="1408"/>
                  <String HEIGHT="66"
                          WIDTH="144"
                          VPOS="642"
                          HPOS="1372"
                          CONTENT="secundum"/>
                  <SP HEIGHT="66" WIDTH="12" VPOS="642" HPOS="1516"/>
                  <String HEIGHT="66"
                          WIDTH="96"
                          VPOS="642"
                          HPOS="1480"
                          CONTENT="quod"/>
                  <SP HEIGHT="66" WIDTH="12" VPOS="642" HPOS="1576"/>
                  <String HEIGHT="66"
                          WIDTH="144"
                          VPOS="642"
                          HPOS="1540"
                          CONTENT="excludit"/>
                  <SP HEIGHT="66" WIDTH="12" VPOS="642" HPOS="1685"/>
                  <String HEIGHT="66"
                          WIDTH="96"
                          VPOS="642"
                          HPOS="1648"
                          CONTENT="actu"/>
                  <SP HEIGHT="66" WIDTH="12" VPOS="642" HPOS="1745"/>
                  <String HEIGHT="66"
                          WIDTH="132"
                          VPOS="642"
                          HPOS="1697"
                          CONTENT="opponitur"/>
               </TextLine>
               <TextLine ID="r2l13"
                         BASELINE="749"
                         HEIGHT="61"
                         WIDTH="709"
                         VPOS="688"
                         HPOS="1114">
                  <String HEIGHT="61"
                          WIDTH="194"
                          VPOS="688"
                          HPOS="1103"
                          CONTENT="calefacienti."/>
                  <SP HEIGHT="61" WIDTH="11" VPOS="688" HPOS="1297"/>
                  <String HEIGHT="61"
                          WIDTH="91"
                          VPOS="688"
                          HPOS="1263"
                          CONTENT="ergo"/>
                  <SP HEIGHT="61" WIDTH="11" VPOS="688" HPOS="1354"/>
                  <String HEIGHT="61" WIDTH="80" VPOS="688" HPOS="1320" CONTENT="non"/>
                  <SP HEIGHT="61" WIDTH="11" VPOS="688" HPOS="1400"/>
                  <String HEIGHT="61"
                          WIDTH="126"
                          VPOS="688"
                          HPOS="1366"
                          CONTENT="possunt"/>
                  <SP HEIGHT="61" WIDTH="11" VPOS="688" HPOS="1491"/>
                  <String HEIGHT="61"
                          WIDTH="91"
                          VPOS="688"
                          HPOS="1457"
                          CONTENT="esse"/>
                  <SP HEIGHT="61" WIDTH="11" VPOS="688" HPOS="1549"/>
                  <String HEIGHT="61"
                          WIDTH="137"
                          VPOS="688"
                          HPOS="1514"
                          CONTENT="respectu"/>
                  <SP HEIGHT="61" WIDTH="11" VPOS="688" HPOS="1651"/>
                  <String HEIGHT="61"
                          WIDTH="126"
                          VPOS="688"
                          HPOS="1617"
                          CONTENT="eiusdem"/>
                  <SP HEIGHT="61" WIDTH="11" VPOS="688" HPOS="1743"/>
                  <String HEIGHT="61" WIDTH="69" VPOS="688" HPOS="1709" CONTENT="in"/>
                  <SP HEIGHT="61" WIDTH="11" VPOS="688" HPOS="1777"/>
                  <String HEIGHT="61"
                          WIDTH="91"
                          VPOS="688"
                          HPOS="1732"
                          CONTENT="eodem."/>
               </TextLine>
               <TextLine ID="r2l14"
                         BASELINE="801"
                         HEIGHT="76"
                         WIDTH="705"
                         VPOS="725"
                         HPOS="1119">
                  <String HEIGHT="76"
                          WIDTH="94"
                          VPOS="725"
                          HPOS="1107"
                          CONTENT="ergo"/>
                  <SP HEIGHT="76" WIDTH="12" VPOS="725" HPOS="1201"/>
                  <String HEIGHT="76" WIDTH="82" VPOS="725" HPOS="1166" CONTENT="vno"/>
                  <SP HEIGHT="76" WIDTH="12" VPOS="725" HPOS="1248"/>
                  <String HEIGHT="76"
                          WIDTH="165"
                          VPOS="725"
                          HPOS="1213"
                          CONTENT="adueniente"/>
                  <SP HEIGHT="76" WIDTH="12" VPOS="725" HPOS="1378"/>
                  <String HEIGHT="76"
                          WIDTH="118"
                          VPOS="725"
                          HPOS="1342"
                          CONTENT="alicui"/>
                  <SP HEIGHT="76" WIDTH="12" VPOS="725" HPOS="1460"/>
                  <String HEIGHT="76"
                          WIDTH="106"
                          VPOS="725"
                          HPOS="1425"
                          CONTENT="alter"/>
                  <SP HEIGHT="76" WIDTH="12" VPOS="725" HPOS="1530"/>
                  <String HEIGHT="76"
                          WIDTH="176"
                          VPOS="725"
                          HPOS="1495"
                          CONTENT="destruitur."/>
                  <SP HEIGHT="76" WIDTH="12" VPOS="725" HPOS="1671"/>
                  <String HEIGHT="76"
                          WIDTH="94"
                          VPOS="725"
                          HPOS="1636"
                          CONTENT="ergo"/>
                  <SP HEIGHT="76" WIDTH="12" VPOS="725" HPOS="1730"/>
                  <String HEIGHT="76"
                          WIDTH="118"
                          VPOS="725"
                          HPOS="1695"
                          CONTENT="quando"/>
                  <SP HEIGHT="76" WIDTH="12" VPOS="725" HPOS="1812"/>
                  <String HEIGHT="76" WIDTH="59" VPOS="725" HPOS="1765" CONTENT="sol"/>
               </TextLine>
               <TextLine ID="r2l15"
                         BASELINE="843"
                         HEIGHT="61"
                         WIDTH="717"
                         VPOS="782"
                         HPOS="1113">
                  <String HEIGHT="61"
                          WIDTH="179"
                          VPOS="782"
                          HPOS="1099"
                          CONTENT="calefacit"/>
                  <SP HEIGHT="61" WIDTH="14" VPOS="782" HPOS="1278"/>
                  <String HEIGHT="61" WIDTH="97" VPOS="782" HPOS="1237" CONTENT="hoc"/>
                  <SP HEIGHT="61" WIDTH="14" VPOS="782" HPOS="1334"/>
                  <String HEIGHT="61"
                          WIDTH="221"
                          VPOS="782"
                          HPOS="1292"
                          CONTENT="calefactiuum"/>
                  <SP HEIGHT="61" WIDTH="14" VPOS="782" HPOS="1513"/>
                  <String HEIGHT="61"
                          WIDTH="193"
                          VPOS="782"
                          HPOS="1472"
                          CONTENT="destruitur"/>
                  <SP HEIGHT="61" WIDTH="14" VPOS="782" HPOS="1665"/>
                  <String HEIGHT="61"
                          WIDTH="179"
                          VPOS="782"
                          HPOS="1623"
                          CONTENT="respectus"/>
                  <SP HEIGHT="61" WIDTH="14" VPOS="782" HPOS="1802"/>
                  <String HEIGHT="61"
                          WIDTH="83"
                          VPOS="782"
                          HPOS="1747"
                          CONTENT="pri"
                          SUBS_TYPE="HypPart1"
                          SUBS_CONTENT="pricedens."/>
                  <HYP CONTENT="-"/>
               </TextLine>
               <TextLine ID="r2l16"
                         BASELINE="890"
                         HEIGHT="77"
                         WIDTH="710"
                         VPOS="813"
                         HPOS="1108">
                  <String HEIGHT="77"
                          WIDTH="142"
                          VPOS="813"
                          HPOS="1095"
                          CONTENT="cedens."
                          SUBS_TYPE="HypPart2"
                          SUBS_CONTENT="pricedens."/>
                  <SP HEIGHT="77" WIDTH="13" VPOS="813" HPOS="1237"/>
                  <String HEIGHT="77"
                          WIDTH="103"
                          VPOS="813"
                          HPOS="1198"
                          CONTENT="ergo"/>
                  <SP HEIGHT="77" WIDTH="13" VPOS="813" HPOS="1302"/>
                  <String HEIGHT="77" WIDTH="90" VPOS="813" HPOS="1263" CONTENT="non"/>
                  <SP HEIGHT="77" WIDTH="13" VPOS="813" HPOS="1353"/>
                  <String HEIGHT="77"
                          WIDTH="129"
                          VPOS="813"
                          HPOS="1315"
                          CONTENT="manet."/>
                  <SP HEIGHT="77" WIDTH="13" VPOS="813" HPOS="1444"/>
                  <String HEIGHT="77" WIDTH="77" VPOS="813" HPOS="1405" CONTENT="et"/>
                  <SP HEIGHT="77" WIDTH="13" VPOS="813" HPOS="1482"/>
                  <String HEIGHT="77"
                          WIDTH="116"
                          VPOS="813"
                          HPOS="1444"
                          CONTENT="tamen"/>
                  <SP HEIGHT="77" WIDTH="13" VPOS="813" HPOS="1560"/>
                  <String HEIGHT="77"
                          WIDTH="116"
                          VPOS="813"
                          HPOS="1521"
                          CONTENT="manet"/>
                  <SP HEIGHT="77" WIDTH="13" VPOS="813" HPOS="1637"/>
                  <String HEIGHT="77"
                          WIDTH="168"
                          VPOS="813"
                          HPOS="1599"
                          CONTENT="respectus"/>
                  <SP HEIGHT="77" WIDTH="13" VPOS="813" HPOS="1766"/>
                  <String HEIGHT="77"
                          WIDTH="103"
                          VPOS="813"
                          HPOS="1715"
                          CONTENT="respe"
                          SUBS_TYPE="HypPart1"
                          SUBS_CONTENT="respectu"/>
                  <HYP CONTENT="-"/>
               </TextLine>
               <TextLine ID="r2l17"
                         BASELINE="931"
                         HEIGHT="63"
                         WIDTH="710"
                         VPOS="868"
                         HPOS="1110">
                  <String HEIGHT="63"
                          WIDTH="75"
                          VPOS="868"
                          HPOS="1099"
                          CONTENT="ctu"
                          SUBS_TYPE="HypPart2"
                          SUBS_CONTENT="respectu"/>
                  <SP HEIGHT="63" WIDTH="11" VPOS="868" HPOS="1175"/>
                  <String HEIGHT="63"
                          WIDTH="129"
                          VPOS="868"
                          HPOS="1142"
                          CONTENT="alterius"/>
                  <SP HEIGHT="63" WIDTH="11" VPOS="868" HPOS="1271"/>
                  <String HEIGHT="63"
                          WIDTH="194"
                          VPOS="868"
                          HPOS="1239"
                          CONTENT="calefactibilis"/>
                  <SP HEIGHT="63" WIDTH="11" VPOS="868" HPOS="1433"/>
                  <String HEIGHT="63"
                          WIDTH="129"
                          VPOS="868"
                          HPOS="1400"
                          CONTENT="secundum"/>
                  <SP HEIGHT="63" WIDTH="11" VPOS="868" HPOS="1530"/>
                  <String HEIGHT="63"
                          WIDTH="108"
                          VPOS="868"
                          HPOS="1497"
                          CONTENT="istos."/>
                  <SP HEIGHT="63" WIDTH="11" VPOS="868" HPOS="1605"/>
                  <String HEIGHT="63"
                          WIDTH="86"
                          VPOS="868"
                          HPOS="1573"
                          CONTENT="ergo"/>
                  <SP HEIGHT="63" WIDTH="11" VPOS="868" HPOS="1659"/>
                  <String HEIGHT="63"
                          WIDTH="118"
                          VPOS="868"
                          HPOS="1626"
                          CONTENT="secundu"/>
                  <SP HEIGHT="63" WIDTH="11" VPOS="868" HPOS="1745"/>
                  <String HEIGHT="63" WIDTH="75" VPOS="868" HPOS="1712" CONTENT="eos"/>
                  <SP HEIGHT="63" WIDTH="11" VPOS="868" HPOS="1788"/>
                  <String HEIGHT="63"
                          WIDTH="75"
                          VPOS="868"
                          HPOS="1745"
                          CONTENT="erunt"/>
               </TextLine>
               <TextLine ID="r2l18"
                         BASELINE="977"
                         HEIGHT="70"
                         WIDTH="715"
                         VPOS="907"
                         HPOS="1105">
                  <String HEIGHT="70"
                          WIDTH="190"
                          VPOS="907"
                          HPOS="1090"
                          CONTENT="distincti"/>
                  <SP HEIGHT="70" WIDTH="15" VPOS="907" HPOS="1280"/>
                  <String HEIGHT="70"
                          WIDTH="190"
                          VPOS="907"
                          HPOS="1236"
                          CONTENT="respectus"/>
                  <SP HEIGHT="70" WIDTH="15" VPOS="907" HPOS="1426"/>
                  <String HEIGHT="70"
                          WIDTH="175"
                          VPOS="907"
                          HPOS="1382"
                          CONTENT="respectu"/>
                  <SP HEIGHT="70" WIDTH="15" VPOS="907" HPOS="1557"/>
                  <String HEIGHT="70"
                          WIDTH="233"
                          VPOS="907"
                          HPOS="1514"
                          CONTENT="distinctorum"/>
                  <SP HEIGHT="70" WIDTH="15" VPOS="907" HPOS="1747"/>
                  <String HEIGHT="70"
                          WIDTH="131"
                          VPOS="907"
                          HPOS="1689"
                          CONTENT="calefa"
                          SUBS_TYPE="HypPart1"
                          SUBS_CONTENT="calefactibilium."/>
                  <HYP CONTENT="-"/>
               </TextLine>
               <TextLine ID="r2l19"
                         BASELINE="1019"
                         HEIGHT="61"
                         WIDTH="709"
                         VPOS="958"
                         HPOS="1102">
                  <String HEIGHT="61"
                          WIDTH="174"
                          VPOS="958"
                          HPOS="1090"
                          CONTENT="ctibilium."
                          SUBS_TYPE="HypPart2"
                          SUBS_CONTENT="calefactibilium."/>
                  <SP HEIGHT="61" WIDTH="12" VPOS="958" HPOS="1264"/>
                  <String HEIGHT="61" WIDTH="75" VPOS="958" HPOS="1226" CONTENT="et"/>
                  <SP HEIGHT="61" WIDTH="12" VPOS="958" HPOS="1301"/>
                  <String HEIGHT="61" WIDTH="87" VPOS="958" HPOS="1264" CONTENT="per"/>
                  <SP HEIGHT="61" WIDTH="12" VPOS="958" HPOS="1351"/>
                  <String HEIGHT="61"
                          WIDTH="174"
                          VPOS="958"
                          HPOS="1313"
                          CONTENT="consequens"/>
                  <SP HEIGHT="61" WIDTH="12" VPOS="958" HPOS="1488"/>
                  <String HEIGHT="61"
                          WIDTH="149"
                          VPOS="958"
                          HPOS="1450"
                          CONTENT="infiniti"/>
                  <SP HEIGHT="61" WIDTH="12" VPOS="958" HPOS="1600"/>
                  <String HEIGHT="61"
                          WIDTH="137"
                          VPOS="958"
                          HPOS="1562"
                          CONTENT="respetu"/>
                  <SP HEIGHT="61" WIDTH="12" VPOS="958" HPOS="1699"/>
                  <String HEIGHT="61"
                          WIDTH="162"
                          VPOS="958"
                          HPOS="1649"
                          CONTENT="infinitorum"/>
               </TextLine>
               <TextLine ID="r2l20"
                         BASELINE="1068"
                         HEIGHT="78"
                         WIDTH="716"
                         VPOS="990"
                         HPOS="1101">
                  <String HEIGHT="78" WIDTH="53" VPOS="990" HPOS="1090" CONTENT=""/>
                  <SP HEIGHT="78" WIDTH="11" VPOS="990" HPOS="1143"/>
                  <String HEIGHT="78" WIDTH="74" VPOS="990" HPOS="1112" CONTENT="Ite"/>
                  <SP HEIGHT="78" WIDTH="11" VPOS="990" HPOS="1185"/>
                  <String HEIGHT="78"
                          WIDTH="95"
                          VPOS="990"
                          HPOS="1154"
                          CONTENT="arguo"/>
                  <SP HEIGHT="78" WIDTH="11" VPOS="990" HPOS="1248"/>
                  <String HEIGHT="78" WIDTH="74" VPOS="990" HPOS="1217" CONTENT="per"/>
                  <SP HEIGHT="78" WIDTH="11" VPOS="990" HPOS="1291"/>
                  <String HEIGHT="78"
                          WIDTH="84"
                          VPOS="990"
                          HPOS="1259"
                          CONTENT="auc."/>
                  <SP HEIGHT="78" WIDTH="11" VPOS="990" HPOS="1343"/>
                  <String HEIGHT="78"
                          WIDTH="147"
                          VPOS="990"
                          HPOS="1312"
                          CONTENT="communiter"/>
                  <SP HEIGHT="78" WIDTH="11" VPOS="990" HPOS="1459"/>
                  <String HEIGHT="78"
                          WIDTH="147"
                          VPOS="990"
                          HPOS="1427"
                          CONTENT="allegatam."/>
                  <SP HEIGHT="78" WIDTH="11" VPOS="990" HPOS="1575"/>
                  <String HEIGHT="78"
                          WIDTH="84"
                          VPOS="990"
                          HPOS="1543"
                          CONTENT="quia"/>
                  <SP HEIGHT="78" WIDTH="11" VPOS="990" HPOS="1627"/>
                  <String HEIGHT="78"
                          WIDTH="126"
                          VPOS="990"
                          HPOS="1596"
                          CONTENT="secundum"/>
                  <SP HEIGHT="78" WIDTH="11" VPOS="990" HPOS="1722"/>
                  <String HEIGHT="78"
                          WIDTH="137"
                          VPOS="990"
                          HPOS="1680"
                          CONTENT="philosophum"/>
               </TextLine>
               <TextLine ID="r2l21"
                         BASELINE="1111"
                         HEIGHT="70"
                         WIDTH="723"
                         VPOS="1041"
                         HPOS="1101">
                  <String HEIGHT="70" WIDTH="76" VPOS="1041" HPOS="1088" CONTENT="v."/>
                  <SP HEIGHT="70" WIDTH="13" VPOS="1041" HPOS="1164"/>
                  <String HEIGHT="70"
                          WIDTH="101"
                          VPOS="1041"
                          HPOS="1126"
                          CONTENT="phi."/>
                  <SP HEIGHT="70" WIDTH="13" VPOS="1041" HPOS="1228"/>
                  <String HEIGHT="70" WIDTH="76" VPOS="1041" HPOS="1190" CONTENT="ad"/>
                  <SP HEIGHT="70" WIDTH="13" VPOS="1041" HPOS="1266"/>
                  <String HEIGHT="70"
                          WIDTH="178"
                          VPOS="1041"
                          HPOS="1228"
                          CONTENT="relationem"/>
                  <SP HEIGHT="70" WIDTH="13" VPOS="1041" HPOS="1405"/>
                  <String HEIGHT="70"
                          WIDTH="89"
                          VPOS="1041"
                          HPOS="1367"
                          CONTENT="non"/>
                  <SP HEIGHT="70" WIDTH="13" VPOS="1041" HPOS="1456"/>
                  <String HEIGHT="70"
                          WIDTH="89"
                          VPOS="1041"
                          HPOS="1418"
                          CONTENT="est"/>
                  <SP HEIGHT="70" WIDTH="13" VPOS="1041" HPOS="1507"/>
                  <String HEIGHT="70"
                          WIDTH="127"
                          VPOS="1041"
                          HPOS="1469"
                          CONTENT="motus."/>
                  <SP HEIGHT="70" WIDTH="13" VPOS="1041" HPOS="1596"/>
                  <String HEIGHT="70"
                          WIDTH="89"
                          VPOS="1041"
                          HPOS="1558"
                          CONTENT="sed"/>
                  <SP HEIGHT="70" WIDTH="13" VPOS="1041" HPOS="1646"/>
                  <String HEIGHT="70" WIDTH="76" VPOS="1041" HPOS="1608" CONTENT="si"/>
                  <SP HEIGHT="70" WIDTH="13" VPOS="1041" HPOS="1684"/>
                  <String HEIGHT="70"
                          WIDTH="140"
                          VPOS="1041"
                          HPOS="1646"
                          CONTENT="relatio"/>
                  <SP HEIGHT="70" WIDTH="13" VPOS="1041" HPOS="1786"/>
                  <String HEIGHT="70"
                          WIDTH="89"
                          VPOS="1041"
                          HPOS="1735"
                          CONTENT="esset"/>
               </TextLine>
               <TextLine ID="r2l22"
                         BASELINE="1153"
                         HEIGHT="71"
                         WIDTH="713"
                         VPOS="1082"
                         HPOS="1111">
                  <String HEIGHT="71"
                          WIDTH="149"
                          VPOS="1082"
                          HPOS="1096"
                          CONTENT="aliqua"/>
                  <SP HEIGHT="71" WIDTH="15" VPOS="1082" HPOS="1245"/>
                  <String HEIGHT="71"
                          WIDTH="119"
                          VPOS="1082"
                          HPOS="1200"
                          CONTENT="res."/>
                  <SP HEIGHT="71" WIDTH="15" VPOS="1082" HPOS="1319"/>
                  <String HEIGHT="71"
                          WIDTH="149"
                          VPOS="1082"
                          HPOS="1274"
                          CONTENT="posset"/>
                  <SP HEIGHT="71" WIDTH="15" VPOS="1082" HPOS="1423"/>
                  <String HEIGHT="71"
                          WIDTH="119"
                          VPOS="1082"
                          HPOS="1378"
                          CONTENT="vere"/>
                  <SP HEIGHT="71" WIDTH="15" VPOS="1082" HPOS="1497"/>
                  <String HEIGHT="71"
                          WIDTH="119"
                          VPOS="1082"
                          HPOS="1453"
                          CONTENT="esse"/>
                  <SP HEIGHT="71" WIDTH="15" VPOS="1082" HPOS="1571"/>
                  <String HEIGHT="71"
                          WIDTH="134"
                          VPOS="1082"
                          HPOS="1527"
                          CONTENT="motus"/>
                  <SP HEIGHT="71" WIDTH="15" VPOS="1082" HPOS="1661"/>
                  <String HEIGHT="71" WIDTH="89" VPOS="1082" HPOS="1616" CONTENT="ad"/>
                  <SP HEIGHT="71" WIDTH="15" VPOS="1082" HPOS="1705"/>
                  <String HEIGHT="71"
                          WIDTH="178"
                          VPOS="1082"
                          HPOS="1646"
                          CONTENT="relationem"/>
               </TextLine>
               <TextLine ID="r2l23"
                         BASELINE="1196"
                         HEIGHT="74"
                         WIDTH="698"
                         VPOS="1122"
                         HPOS="1108">
                  <String HEIGHT="74" WIDTH="57" VPOS="1122" HPOS="1097" CONTENT=""/>
                  <SP HEIGHT="74" WIDTH="11" VPOS="1122" HPOS="1154"/>
                  <String HEIGHT="74" WIDTH="69" VPOS="1122" HPOS="1119" CONTENT="Ad"/>
                  <SP HEIGHT="74" WIDTH="11" VPOS="1122" HPOS="1188"/>
                  <String HEIGHT="74"
                          WIDTH="103"
                          VPOS="1122"
                          HPOS="1154"
                          CONTENT="istud"/>
                  <SP HEIGHT="74" WIDTH="11" VPOS="1122" HPOS="1257"/>
                  <String HEIGHT="74"
                          WIDTH="126"
                          VPOS="1122"
                          HPOS="1222"
                          CONTENT="dicitur"/>
                  <SP HEIGHT="74" WIDTH="11" VPOS="1122" HPOS="1348"/>
                  <String HEIGHT="74"
                          WIDTH="92"
                          VPOS="1122"
                          HPOS="1314"
                          CONTENT="quod"/>
                  <SP HEIGHT="74" WIDTH="11" VPOS="1122" HPOS="1406"/>
                  <String HEIGHT="74"
                          WIDTH="137"
                          VPOS="1122"
                          HPOS="1371"
                          CONTENT="secundum"/>
                  <SP HEIGHT="74" WIDTH="11" VPOS="1122" HPOS="1508"/>
                  <String HEIGHT="74"
                          WIDTH="160"
                          VPOS="1122"
                          HPOS="1474"
                          CONTENT="Simplicium"/>
                  <SP HEIGHT="74" WIDTH="11" VPOS="1122" HPOS="1634"/>
                  <String HEIGHT="74"
                          WIDTH="103"
                          VPOS="1122"
                          HPOS="1600"
                          CONTENT="super"/>
                  <SP HEIGHT="74" WIDTH="11" VPOS="1122" HPOS="1703"/>
                  <String HEIGHT="74"
                          WIDTH="149"
                          VPOS="1122"
                          HPOS="1657"
                          CONTENT="praedicamen"/>
               </TextLine>
               <TextLine ID="r2l24"
                         BASELINE="1240"
                         HEIGHT="65"
                         WIDTH="700"
                         VPOS="1175"
                         HPOS="1105">
                  <String HEIGHT="65"
                          WIDTH="86"
                          VPOS="1175"
                          HPOS="1093"
                          CONTENT="ta."/>
                  <SP HEIGHT="65" WIDTH="12" VPOS="1175" HPOS="1179"/>
                  <String HEIGHT="65"
                          WIDTH="111"
                          VPOS="1175"
                          HPOS="1142"
                          CONTENT="sicut"/>
                  <SP HEIGHT="65" WIDTH="12" VPOS="1175" HPOS="1252"/>
                  <String HEIGHT="65"
                          WIDTH="135"
                          VPOS="1175"
                          HPOS="1216"
                          CONTENT="relatio"/>
                  <SP HEIGHT="65" WIDTH="12" VPOS="1175" HPOS="1351"/>
                  <String HEIGHT="65"
                          WIDTH="86"
                          VPOS="1175"
                          HPOS="1314"
                          CONTENT="non"/>
                  <SP HEIGHT="65" WIDTH="12" VPOS="1175" HPOS="1400"/>
                  <String HEIGHT="65"
                          WIDTH="86"
                          VPOS="1175"
                          HPOS="1363"
                          CONTENT="est"/>
                  <SP HEIGHT="65" WIDTH="12" VPOS="1175" HPOS="1449"/>
                  <String HEIGHT="65"
                          WIDTH="111"
                          VPOS="1175"
                          HPOS="1412"
                          CONTENT="forma"/>
                  <SP HEIGHT="65" WIDTH="12" VPOS="1175" HPOS="1523"/>
                  <String HEIGHT="65" WIDTH="74" VPOS="1175" HPOS="1486" CONTENT="ad"/>
                  <SP HEIGHT="65" WIDTH="12" VPOS="1175" HPOS="1559"/>
                  <String HEIGHT="65" WIDTH="74" VPOS="1175" HPOS="1523" CONTENT="se"/>
                  <SP HEIGHT="65" WIDTH="12" VPOS="1175" HPOS="1596"/>
                  <String HEIGHT="65"
                          WIDTH="86"
                          VPOS="1175"
                          HPOS="1559"
                          CONTENT="sed"/>
                  <SP HEIGHT="65" WIDTH="12" VPOS="1175" HPOS="1645"/>
                  <String HEIGHT="65" WIDTH="74" VPOS="1175" HPOS="1609" CONTENT="ad"/>
                  <SP HEIGHT="65" WIDTH="12" VPOS="1175" HPOS="1682"/>
                  <String HEIGHT="65"
                          WIDTH="147"
                          VPOS="1175"
                          HPOS="1645"
                          CONTENT="alterum."/>
                  <SP HEIGHT="65" WIDTH="12" VPOS="1175" HPOS="1793"/>
                  <String HEIGHT="65"
                          WIDTH="61"
                          VPOS="1175"
                          HPOS="1744"
                          CONTENT="ita"/>
               </TextLine>
               <TextLine ID="r2l25"
                         BASELINE="1287"
                         HEIGHT="70"
                         WIDTH="713"
                         VPOS="1217"
                         HPOS="1104">
                  <String HEIGHT="70"
                          WIDTH="128"
                          VPOS="1217"
                          HPOS="1090"
                          CONTENT="illud"/>
                  <SP HEIGHT="70" WIDTH="14" VPOS="1217" HPOS="1218"/>
                  <String HEIGHT="70"
                          WIDTH="100"
                          VPOS="1217"
                          HPOS="1175"
                          CONTENT="cui"/>
                  <SP HEIGHT="70" WIDTH="14" VPOS="1217" HPOS="1275"/>
                  <String HEIGHT="70"
                          WIDTH="214"
                          VPOS="1217"
                          HPOS="1232"
                          CONTENT="adueneritno"/>
                  <SP HEIGHT="70" WIDTH="14" VPOS="1217" HPOS="1446"/>
                  <String HEIGHT="70"
                          WIDTH="157"
                          VPOS="1217"
                          HPOS="1403"
                          CONTENT="mutatur"/>
                  <SP HEIGHT="70" WIDTH="14" VPOS="1217" HPOS="1560"/>
                  <String HEIGHT="70" WIDTH="86" VPOS="1217" HPOS="1518" CONTENT="ad"/>
                  <SP HEIGHT="70" WIDTH="14" VPOS="1217" HPOS="1603"/>
                  <String HEIGHT="70" WIDTH="86" VPOS="1217" HPOS="1560" CONTENT="se"/>
                  <SP HEIGHT="70" WIDTH="14" VPOS="1217" HPOS="1646"/>
                  <String HEIGHT="70"
                          WIDTH="100"
                          VPOS="1217"
                          HPOS="1603"
                          CONTENT="sed"/>
                  <SP HEIGHT="70" WIDTH="14" VPOS="1217" HPOS="1703"/>
                  <String HEIGHT="70" WIDTH="86" VPOS="1217" HPOS="1660" CONTENT="ad"/>
                  <SP HEIGHT="70" WIDTH="14" VPOS="1217" HPOS="1746"/>
                  <String HEIGHT="70"
                          WIDTH="128"
                          VPOS="1217"
                          HPOS="1689"
                          CONTENT="alterum"/>
               </TextLine>
               <TextLine ID="r2l26"
                         BASELINE="1329"
                         HEIGHT="70"
                         WIDTH="717"
                         VPOS="1259"
                         HPOS="1100">
                  <String HEIGHT="70" WIDTH="71" VPOS="1259" HPOS="1088" CONTENT="si"/>
                  <SP HEIGHT="70" WIDTH="12" VPOS="1259" HPOS="1159"/>
                  <String HEIGHT="70"
                          WIDTH="94"
                          VPOS="1259"
                          HPOS="1124"
                          CONTENT="tunc"/>
                  <SP HEIGHT="70" WIDTH="12" VPOS="1259" HPOS="1218"/>
                  <String HEIGHT="70"
                          WIDTH="118"
                          VPOS="1259"
                          HPOS="1182"
                          CONTENT="mutari"/>
                  <SP HEIGHT="70" WIDTH="12" VPOS="1259" HPOS="1300"/>
                  <String HEIGHT="70"
                          WIDTH="129"
                          VPOS="1259"
                          HPOS="1265"
                          CONTENT="dicatur"/>
                  <SP HEIGHT="70" WIDTH="12" VPOS="1259" HPOS="1394"/>
                  <String HEIGHT="70"
                          WIDTH="106"
                          VPOS="1259"
                          HPOS="1359"
                          CONTENT="solum"/>
                  <SP HEIGHT="70" WIDTH="12" VPOS="1259" HPOS="1464"/>
                  <String HEIGHT="70"
                          WIDTH="106"
                          VPOS="1259"
                          HPOS="1429"
                          CONTENT="illud"/>
                  <SP HEIGHT="70" WIDTH="12" VPOS="1259" HPOS="1535"/>
                  <String HEIGHT="70"
                          WIDTH="94"
                          VPOS="1259"
                          HPOS="1500"
                          CONTENT="quod"/>
                  <SP HEIGHT="70" WIDTH="12" VPOS="1259" HPOS="1594"/>
                  <String HEIGHT="70"
                          WIDTH="118"
                          VPOS="1259"
                          HPOS="1558"
                          CONTENT="aliter"/>
                  <SP HEIGHT="70" WIDTH="12" VPOS="1259" HPOS="1676"/>
                  <String HEIGHT="70" WIDTH="71" VPOS="1259" HPOS="1641" CONTENT="se"/>
                  <SP HEIGHT="70" WIDTH="12" VPOS="1259" HPOS="1711"/>
                  <String HEIGHT="70"
                          WIDTH="106"
                          VPOS="1259"
                          HPOS="1676"
                          CONTENT="habet"/>
                  <SP HEIGHT="70" WIDTH="12" VPOS="1259" HPOS="1782"/>
                  <String HEIGHT="70" WIDTH="71" VPOS="1259" HPOS="1746" CONTENT="ad"/>
                  <SP HEIGHT="70" WIDTH="12" VPOS="1259" HPOS="1817"/>
                  <String HEIGHT="70" WIDTH="47" VPOS="1259" HPOS="1770" CONTENT="se"/>
               </TextLine>
               <TextLine ID="r2l27"
                         BASELINE="1369"
                         HEIGHT="60"
                         WIDTH="713"
                         VPOS="1309"
                         HPOS="1098">
                  <String HEIGHT="60"
                          WIDTH="106"
                          VPOS="1309"
                          HPOS="1085"
                          CONTENT="quam"/>
                  <SP HEIGHT="60" WIDTH="13" VPOS="1309" HPOS="1190"/>
                  <String HEIGHT="60"
                          WIDTH="119"
                          VPOS="1309"
                          HPOS="1151"
                          CONTENT="prius"/>
                  <SP HEIGHT="60" WIDTH="13" VPOS="1309" HPOS="1270"/>
                  <String HEIGHT="60"
                          WIDTH="92"
                          VPOS="1309"
                          HPOS="1230"
                          CONTENT="non"/>
                  <SP HEIGHT="60" WIDTH="13" VPOS="1309" HPOS="1322"/>
                  <String HEIGHT="60"
                          WIDTH="92"
                          VPOS="1309"
                          HPOS="1283"
                          CONTENT="est"/>
                  <SP HEIGHT="60" WIDTH="13" VPOS="1309" HPOS="1375"/>
                  <String HEIGHT="60"
                          WIDTH="145"
                          VPOS="1309"
                          HPOS="1336"
                          CONTENT="mutatio"/>
                  <SP HEIGHT="60" WIDTH="13" VPOS="1309" HPOS="1481"/>
                  <String HEIGHT="60" WIDTH="79" VPOS="1309" HPOS="1441" CONTENT="in"/>
                  <SP HEIGHT="60" WIDTH="13" VPOS="1309" HPOS="1521"/>
                  <String HEIGHT="60"
                          WIDTH="185"
                          VPOS="1309"
                          HPOS="1481"
                          CONTENT="adaliquid."/>
                  <SP HEIGHT="60" WIDTH="13" VPOS="1309" HPOS="1666"/>
                  <String HEIGHT="60" WIDTH="79" VPOS="1309" HPOS="1626" CONTENT="si"/>
                  <SP HEIGHT="60" WIDTH="13" VPOS="1309" HPOS="1705"/>
                  <String HEIGHT="60"
                          WIDTH="106"
                          VPOS="1309"
                          HPOS="1666"
                          CONTENT="vero"/>
                  <SP HEIGHT="60" WIDTH="13" VPOS="1309" HPOS="1771"/>
                  <String HEIGHT="60"
                          WIDTH="92"
                          VPOS="1309"
                          HPOS="1719"
                          CONTENT="muta"
                          SUBS_TYPE="HypPart1"
                          SUBS_CONTENT="mutari"/>
                  <HYP CONTENT="-"/>
               </TextLine>
               <TextLine ID="r2l28"
                         BASELINE="1413"
                         HEIGHT="62"
                         WIDTH="716"
                         VPOS="1351"
                         HPOS="1095">
                  <String HEIGHT="62"
                          WIDTH="75"
                          VPOS="1351"
                          HPOS="1082"
                          CONTENT="ri"
                          SUBS_TYPE="HypPart2"
                          SUBS_CONTENT="mutari"/>
                  <SP HEIGHT="62" WIDTH="13" VPOS="1351" HPOS="1158"/>
                  <String HEIGHT="62"
                          WIDTH="88"
                          VPOS="1351"
                          HPOS="1120"
                          CONTENT="sit"/>
                  <SP HEIGHT="62" WIDTH="13" VPOS="1351" HPOS="1208"/>
                  <String HEIGHT="62"
                          WIDTH="138"
                          VPOS="1351"
                          HPOS="1170"
                          CONTENT="commune"/>
                  <SP HEIGHT="62" WIDTH="13" VPOS="1351" HPOS="1309"/>
                  <String HEIGHT="62" WIDTH="75" VPOS="1351" HPOS="1271" CONTENT="ad"/>
                  <SP HEIGHT="62" WIDTH="13" VPOS="1351" HPOS="1346"/>
                  <String HEIGHT="62"
                          WIDTH="126"
                          VPOS="1351"
                          HPOS="1309"
                          CONTENT="aliter"/>
                  <SP HEIGHT="62" WIDTH="13" VPOS="1351" HPOS="1434"/>
                  <String HEIGHT="62" WIDTH="75" VPOS="1351" HPOS="1396" CONTENT="se"/>
                  <SP HEIGHT="62" WIDTH="13" VPOS="1351" HPOS="1472"/>
                  <String HEIGHT="62"
                          WIDTH="126"
                          VPOS="1351"
                          HPOS="1434"
                          CONTENT="habere"/>
                  <SP HEIGHT="62" WIDTH="13" VPOS="1351" HPOS="1560"/>
                  <String HEIGHT="62" WIDTH="75" VPOS="1351" HPOS="1522" CONTENT="ad"/>
                  <SP HEIGHT="62" WIDTH="13" VPOS="1351" HPOS="1597"/>
                  <String HEIGHT="62" WIDTH="75" VPOS="1351" HPOS="1560" CONTENT="se"/>
                  <SP HEIGHT="62" WIDTH="13" VPOS="1351" HPOS="1635"/>
                  <String HEIGHT="62" WIDTH="75" VPOS="1351" HPOS="1597" CONTENT="et"/>
                  <SP HEIGHT="62" WIDTH="13" VPOS="1351" HPOS="1673"/>
                  <String HEIGHT="62" WIDTH="75" VPOS="1351" HPOS="1635" CONTENT="ad"/>
                  <SP HEIGHT="62" WIDTH="13" VPOS="1351" HPOS="1711"/>
                  <String HEIGHT="62"
                          WIDTH="138"
                          VPOS="1351"
                          HPOS="1673"
                          CONTENT="alterum"/>
                  <SP HEIGHT="62" WIDTH="13" VPOS="1351" HPOS="1811"/>
                  <String HEIGHT="62" WIDTH="50" VPOS="1351" HPOS="1761" CONTENT="mu"/>
               </TextLine>
               <TextLine ID="r2l29"
                         BASELINE="1461"
                         HEIGHT="68"
                         WIDTH="705"
                         VPOS="1393"
                         HPOS="1098">
                  <String HEIGHT="68"
                          WIDTH="101"
                          VPOS="1393"
                          HPOS="1087"
                          CONTENT="tatio"/>
                  <SP HEIGHT="68" WIDTH="11" VPOS="1393" HPOS="1188"/>
                  <String HEIGHT="68"
                          WIDTH="78"
                          VPOS="1393"
                          HPOS="1154"
                          CONTENT="est"/>
                  <SP HEIGHT="68" WIDTH="11" VPOS="1393" HPOS="1232"/>
                  <String HEIGHT="68" WIDTH="67" VPOS="1393" HPOS="1199" CONTENT="in"/>
                  <SP HEIGHT="68" WIDTH="11" VPOS="1393" HPOS="1266"/>
                  <String HEIGHT="68"
                          WIDTH="157"
                          VPOS="1393"
                          HPOS="1232"
                          CONTENT="adaliquid."/>
                  <SP HEIGHT="68" WIDTH="11" VPOS="1393" HPOS="1389"/>
                  <String HEIGHT="68"
                          WIDTH="101"
                          VPOS="1393"
                          HPOS="1355"
                          CONTENT="sicut"/>
                  <SP HEIGHT="68" WIDTH="11" VPOS="1393" HPOS="1456"/>
                  <String HEIGHT="68"
                          WIDTH="90"
                          VPOS="1393"
                          HPOS="1423"
                          CONTENT="vult"/>
                  <SP HEIGHT="68" WIDTH="11" VPOS="1393" HPOS="1512"/>
                  <String HEIGHT="68"
                          WIDTH="168"
                          VPOS="1393"
                          HPOS="1478"
                          CONTENT="Simplicius."/>
                  <SP HEIGHT="68" WIDTH="11" VPOS="1393" HPOS="1646"/>
                  <String HEIGHT="68"
                          WIDTH="90"
                          VPOS="1393"
                          HPOS="1613"
                          CONTENT="quia"/>
                  <SP HEIGHT="68" WIDTH="11" VPOS="1393" HPOS="1702"/>
                  <String HEIGHT="68"
                          WIDTH="134"
                          VPOS="1393"
                          HPOS="1669"
                          CONTENT="secundum"/>
                  <SP HEIGHT="68" WIDTH="11" VPOS="1393" HPOS="1803"/>
                  <String HEIGHT="68" WIDTH="45" VPOS="1393" HPOS="1758" CONTENT="re"/>
               </TextLine>
               <TextLine ID="r2l30"
                         BASELINE="1502"
                         HEIGHT="70"
                         WIDTH="716"
                         VPOS="1432"
                         HPOS="1101">
                  <String HEIGHT="70"
                          WIDTH="118"
                          VPOS="1432"
                          HPOS="1091"
                          CONTENT="lationem"/>
                  <SP HEIGHT="70" WIDTH="10" VPOS="1432" HPOS="1209"/>
                  <String HEIGHT="70"
                          WIDTH="88"
                          VPOS="1432"
                          HPOS="1179"
                          CONTENT="habet"/>
                  <SP HEIGHT="70" WIDTH="10" VPOS="1432" HPOS="1268"/>
                  <String HEIGHT="70" WIDTH="59" VPOS="1432" HPOS="1238" CONTENT="se"/>
                  <SP HEIGHT="70" WIDTH="10" VPOS="1432" HPOS="1297"/>
                  <String HEIGHT="70"
                          WIDTH="108"
                          VPOS="1432"
                          HPOS="1268"
                          CONTENT="aliquid"/>
                  <SP HEIGHT="70" WIDTH="10" VPOS="1432" HPOS="1376"/>
                  <String HEIGHT="70" WIDTH="59" VPOS="1432" HPOS="1346" CONTENT="ad"/>
                  <SP HEIGHT="70" WIDTH="10" VPOS="1432" HPOS="1405"/>
                  <String HEIGHT="70"
                          WIDTH="108"
                          VPOS="1432"
                          HPOS="1376"
                          CONTENT="alterum"/>
                  <SP HEIGHT="70" WIDTH="10" VPOS="1432" HPOS="1484"/>
                  <String HEIGHT="70"
                          WIDTH="98"
                          VPOS="1432"
                          HPOS="1454"
                          CONTENT="aliter"/>
                  <SP HEIGHT="70" WIDTH="10" VPOS="1432" HPOS="1552"/>
                  <String HEIGHT="70"
                          WIDTH="78"
                          VPOS="1432"
                          HPOS="1523"
                          CONTENT="quam"/>
                  <SP HEIGHT="70" WIDTH="10" VPOS="1432" HPOS="1601"/>
                  <String HEIGHT="70"
                          WIDTH="98"
                          VPOS="1432"
                          HPOS="1572"
                          CONTENT="prius."/>
                  <SP HEIGHT="70" WIDTH="10" VPOS="1432" HPOS="1670"/>
                  <String HEIGHT="70"
                          WIDTH="147"
                          VPOS="1432"
                          HPOS="1640"
                          CONTENT="philosophus"/>
                  <SP HEIGHT="70" WIDTH="10" VPOS="1432" HPOS="1788"/>
                  <String HEIGHT="70"
                          WIDTH="69"
                          VPOS="1432"
                          HPOS="1748"
                          CONTENT="tamen"/>
               </TextLine>
               <TextLine ID="r2l31"
                         BASELINE="1545"
                         HEIGHT="63"
                         WIDTH="708"
                         VPOS="1482"
                         HPOS="1095">
                  <String HEIGHT="63"
                          WIDTH="83"
                          VPOS="1482"
                          HPOS="1083"
                          CONTENT="qui"/>
                  <SP HEIGHT="63" WIDTH="12" VPOS="1482" HPOS="1166"/>
                  <String HEIGHT="63"
                          WIDTH="106"
                          VPOS="1482"
                          HPOS="1130"
                          CONTENT="ponit"/>
                  <SP HEIGHT="63" WIDTH="12" VPOS="1482" HPOS="1237"/>
                  <String HEIGHT="63"
                          WIDTH="94"
                          VPOS="1482"
                          HPOS="1201"
                          CONTENT="quod"/>
                  <SP HEIGHT="63" WIDTH="12" VPOS="1482" HPOS="1296"/>
                  <String HEIGHT="63"
                          WIDTH="83"
                          VPOS="1482"
                          HPOS="1260"
                          CONTENT="non"/>
                  <SP HEIGHT="63" WIDTH="12" VPOS="1482" HPOS="1343"/>
                  <String HEIGHT="63"
                          WIDTH="83"
                          VPOS="1482"
                          HPOS="1307"
                          CONTENT="est"/>
                  <SP HEIGHT="63" WIDTH="12" VPOS="1482" HPOS="1390"/>
                  <String HEIGHT="63"
                          WIDTH="153"
                          VPOS="1482"
                          HPOS="1355"
                          CONTENT="possibile"/>
                  <SP HEIGHT="63" WIDTH="12" VPOS="1482" HPOS="1508"/>
                  <String HEIGHT="63"
                          WIDTH="118"
                          VPOS="1482"
                          HPOS="1473"
                          CONTENT="aliter"/>
                  <SP HEIGHT="63" WIDTH="12" VPOS="1482" HPOS="1591"/>
                  <String HEIGHT="63" WIDTH="71" VPOS="1482" HPOS="1555" CONTENT="se"/>
                  <SP HEIGHT="63" WIDTH="12" VPOS="1482" HPOS="1626"/>
                  <String HEIGHT="63"
                          WIDTH="118"
                          VPOS="1482"
                          HPOS="1591"
                          CONTENT="habere"/>
                  <SP HEIGHT="63" WIDTH="12" VPOS="1482" HPOS="1709"/>
                  <String HEIGHT="63" WIDTH="71" VPOS="1482" HPOS="1673" CONTENT="ad"/>
                  <SP HEIGHT="63" WIDTH="12" VPOS="1482" HPOS="1744"/>
                  <String HEIGHT="63"
                          WIDTH="106"
                          VPOS="1482"
                          HPOS="1697"
                          CONTENT="alterum"/>
               </TextLine>
               <TextLine ID="r2l32"
                         BASELINE="1594"
                         HEIGHT="67"
                         WIDTH="709"
                         VPOS="1527"
                         HPOS="1097">
                  <String HEIGHT="67"
                          WIDTH="100"
                          VPOS="1527"
                          HPOS="1085"
                          CONTENT="nisi"/>
                  <SP HEIGHT="67" WIDTH="12" VPOS="1527" HPOS="1184"/>
                  <String HEIGHT="67"
                          WIDTH="137"
                          VPOS="1527"
                          HPOS="1147"
                          CONTENT="aliquid"/>
                  <SP HEIGHT="67" WIDTH="12" VPOS="1527" HPOS="1284"/>
                  <String HEIGHT="67"
                          WIDTH="124"
                          VPOS="1527"
                          HPOS="1246"
                          CONTENT="aliter"/>
                  <SP HEIGHT="67" WIDTH="12" VPOS="1527" HPOS="1371"/>
                  <String HEIGHT="67" WIDTH="75" VPOS="1527" HPOS="1333" CONTENT="se"/>
                  <SP HEIGHT="67" WIDTH="12" VPOS="1527" HPOS="1408"/>
                  <String HEIGHT="67"
                          WIDTH="124"
                          VPOS="1527"
                          HPOS="1371"
                          CONTENT="habeat"/>
                  <SP HEIGHT="67" WIDTH="12" VPOS="1527" HPOS="1495"/>
                  <String HEIGHT="67" WIDTH="75" VPOS="1527" HPOS="1458" CONTENT="ad"/>
                  <SP HEIGHT="67" WIDTH="12" VPOS="1527" HPOS="1532"/>
                  <String HEIGHT="67"
                          WIDTH="87"
                          VPOS="1527"
                          HPOS="1495"
                          CONTENT="se."/>
                  <SP HEIGHT="67" WIDTH="12" VPOS="1527" HPOS="1582"/>
                  <String HEIGHT="67"
                          WIDTH="100"
                          VPOS="1527"
                          HPOS="1545"
                          CONTENT="ideo"/>
                  <SP HEIGHT="67" WIDTH="12" VPOS="1527" HPOS="1644"/>
                  <String HEIGHT="67"
                          WIDTH="112"
                          VPOS="1527"
                          HPOS="1607"
                          CONTENT="dicit"/>
                  <SP HEIGHT="67" WIDTH="12" VPOS="1527" HPOS="1719"/>
                  <String HEIGHT="67" WIDTH="75" VPOS="1527" HPOS="1682" CONTENT="in"/>
                  <SP HEIGHT="67" WIDTH="12" VPOS="1527" HPOS="1756"/>
                  <String HEIGHT="67"
                          WIDTH="100"
                          VPOS="1527"
                          HPOS="1706"
                          CONTENT="adali"
                          SUBS_TYPE="HypPart1"
                          SUBS_CONTENT="adaliquid"/>
                  <HYP CONTENT="-"/>
               </TextLine>
               <TextLine ID="r2l33"
                         BASELINE="1638"
                         HEIGHT="69"
                         WIDTH="710"
                         VPOS="1569"
                         HPOS="1094">
                  <String HEIGHT="69"
                          WIDTH="93"
                          VPOS="1569"
                          HPOS="1082"
                          CONTENT="quid"
                          SUBS_TYPE="HypPart2"
                          SUBS_CONTENT="adaliquid"/>
                  <SP HEIGHT="69" WIDTH="12" VPOS="1569" HPOS="1175"/>
                  <String HEIGHT="69"
                          WIDTH="81"
                          VPOS="1569"
                          HPOS="1141"
                          CONTENT="non"/>
                  <SP HEIGHT="69" WIDTH="12" VPOS="1569" HPOS="1222"/>
                  <String HEIGHT="69"
                          WIDTH="81"
                          VPOS="1569"
                          HPOS="1187"
                          CONTENT="est"/>
                  <SP HEIGHT="69" WIDTH="12" VPOS="1569" HPOS="1269"/>
                  <String HEIGHT="69"
                          WIDTH="116"
                          VPOS="1569"
                          HPOS="1234"
                          CONTENT="motus."/>
                  <SP HEIGHT="69" WIDTH="12" VPOS="1569" HPOS="1350"/>
                  <String HEIGHT="69"
                          WIDTH="93"
                          VPOS="1569"
                          HPOS="1315"
                          CONTENT="Unde"/>
                  <SP HEIGHT="69" WIDTH="12" VPOS="1569" HPOS="1408"/>
                  <String HEIGHT="69"
                          WIDTH="105"
                          VPOS="1569"
                          HPOS="1373"
                          CONTENT="solum"/>
                  <SP HEIGHT="69" WIDTH="12" VPOS="1569" HPOS="1478"/>
                  <String HEIGHT="69"
                          WIDTH="105"
                          VPOS="1569"
                          HPOS="1443"
                          CONTENT="dicit"/>
                  <SP HEIGHT="69" WIDTH="12" VPOS="1569" HPOS="1548"/>
                  <String HEIGHT="69" WIDTH="70" VPOS="1569" HPOS="1513" CONTENT="in"/>
                  <SP HEIGHT="69" WIDTH="12" VPOS="1569" HPOS="1583"/>
                  <String HEIGHT="69"
                          WIDTH="116"
                          VPOS="1569"
                          HPOS="1548"
                          CONTENT="quibus"/>
                  <SP HEIGHT="69" WIDTH="12" VPOS="1569" HPOS="1664"/>
                  <String HEIGHT="69"
                          WIDTH="186"
                          VPOS="1569"
                          HPOS="1618"
                          CONTENT="praedicamentis"/>
               </TextLine>
               <TextLine ID="r2l34"
                         BASELINE="1681"
                         HEIGHT="65"
                         WIDTH="711"
                         VPOS="1616"
                         HPOS="1089">
                  <String HEIGHT="65"
                          WIDTH="73"
                          VPOS="1616"
                          HPOS="1079"
                          CONTENT="est"/>
                  <SP HEIGHT="65" WIDTH="10" VPOS="1616" HPOS="1152"/>
                  <String HEIGHT="65"
                          WIDTH="94"
                          VPOS="1616"
                          HPOS="1120"
                          CONTENT="primo"/>
                  <SP HEIGHT="65" WIDTH="10" VPOS="1616" HPOS="1214"/>
                  <String HEIGHT="65"
                          WIDTH="94"
                          VPOS="1616"
                          HPOS="1183"
                          CONTENT="motus"/>
                  <SP HEIGHT="65" WIDTH="10" VPOS="1616" HPOS="1277"/>
                  <String HEIGHT="65" WIDTH="63" VPOS="1616" HPOS="1246" CONTENT="et"/>
                  <SP HEIGHT="65" WIDTH="10" VPOS="1616" HPOS="1309"/>
                  <String HEIGHT="65" WIDTH="63" VPOS="1616" HPOS="1277" CONTENT="in"/>
                  <SP HEIGHT="65" WIDTH="10" VPOS="1616" HPOS="1340"/>
                  <String HEIGHT="65"
                          WIDTH="105"
                          VPOS="1616"
                          HPOS="1309"
                          CONTENT="quibus"/>
                  <SP HEIGHT="65" WIDTH="10" VPOS="1616" HPOS="1413"/>
                  <String HEIGHT="65"
                          WIDTH="84"
                          VPOS="1616"
                          HPOS="1382"
                          CONTENT="non."/>
                  <SP HEIGHT="65" WIDTH="10" VPOS="1616" HPOS="1465"/>
                  <String HEIGHT="65"
                          WIDTH="84"
                          VPOS="1616"
                          HPOS="1434"
                          CONTENT="Item"/>
                  <SP HEIGHT="65" WIDTH="10" VPOS="1616" HPOS="1518"/>
                  <String HEIGHT="65"
                          WIDTH="157"
                          VPOS="1616"
                          HPOS="1486"
                          CONTENT="philosophus"/>
                  <SP HEIGHT="65" WIDTH="10" VPOS="1616" HPOS="1643"/>
                  <String HEIGHT="65"
                          WIDTH="125"
                          VPOS="1616"
                          HPOS="1612"
                          CONTENT="ostendit"/>
                  <SP HEIGHT="65" WIDTH="10" VPOS="1616" HPOS="1737"/>
                  <String HEIGHT="65"
                          WIDTH="73"
                          VPOS="1616"
                          HPOS="1706"
                          CONTENT="ibi"/>
                  <SP HEIGHT="65" WIDTH="10" VPOS="1616" HPOS="1779"/>
                  <String HEIGHT="65"
                          WIDTH="63"
                          VPOS="1616"
                          HPOS="1737"
                          CONTENT="quod"/>
               </TextLine>
               <TextLine ID="r2l35"
                         BASELINE="1730"
                         HEIGHT="77"
                         WIDTH="719"
                         VPOS="1653"
                         HPOS="1090">
                  <String HEIGHT="77" WIDTH="70" VPOS="1653" HPOS="1078" CONTENT="in"/>
                  <SP HEIGHT="77" WIDTH="12" VPOS="1653" HPOS="1148"/>
                  <String HEIGHT="77"
                          WIDTH="162"
                          VPOS="1653"
                          HPOS="1113"
                          CONTENT="substantia"/>
                  <SP HEIGHT="77" WIDTH="12" VPOS="1653" HPOS="1276"/>
                  <String HEIGHT="77"
                          WIDTH="81"
                          VPOS="1653"
                          HPOS="1241"
                          CONTENT="non"/>
                  <SP HEIGHT="77" WIDTH="12" VPOS="1653" HPOS="1322"/>
                  <String HEIGHT="77"
                          WIDTH="81"
                          VPOS="1653"
                          HPOS="1287"
                          CONTENT="est"/>
                  <SP HEIGHT="77" WIDTH="12" VPOS="1653" HPOS="1368"/>
                  <String HEIGHT="77"
                          WIDTH="116"
                          VPOS="1653"
                          HPOS="1334"
                          CONTENT="motus."/>
                  <SP HEIGHT="77" WIDTH="12" VPOS="1653" HPOS="1450"/>
                  <String HEIGHT="77" WIDTH="70" VPOS="1653" HPOS="1415" CONTENT="et"/>
                  <SP HEIGHT="77" WIDTH="12" VPOS="1653" HPOS="1484"/>
                  <String HEIGHT="77"
                          WIDTH="104"
                          VPOS="1653"
                          HPOS="1450"
                          CONTENT="tamen"/>
                  <SP HEIGHT="77" WIDTH="12" VPOS="1653" HPOS="1554"/>
                  <String HEIGHT="77"
                          WIDTH="81"
                          VPOS="1653"
                          HPOS="1519"
                          CONTENT="est"/>
                  <SP HEIGHT="77" WIDTH="12" VPOS="1653" HPOS="1600"/>
                  <String HEIGHT="77"
                          WIDTH="81"
                          VPOS="1653"
                          HPOS="1565"
                          CONTENT="ibi"/>
                  <SP HEIGHT="77" WIDTH="12" VPOS="1653" HPOS="1647"/>
                  <String HEIGHT="77"
                          WIDTH="139"
                          VPOS="1653"
                          HPOS="1612"
                          CONTENT="mutatio."/>
                  <SP HEIGHT="77" WIDTH="12" VPOS="1653" HPOS="1751"/>
                  <String HEIGHT="77"
                          WIDTH="93"
                          VPOS="1653"
                          HPOS="1716"
                          CONTENT="ergo"/>
                  <SP HEIGHT="77" WIDTH="12" VPOS="1653" HPOS="1809"/>
                  <String HEIGHT="77" WIDTH="46" VPOS="1653" HPOS="1763" CONTENT="ex"/>
               </TextLine>
               <TextLine ID="r2l36"
                         BASELINE="1768"
                         HEIGHT="71"
                         WIDTH="716"
                         VPOS="1697"
                         HPOS="1092">
                  <String HEIGHT="71"
                          WIDTH="143"
                          VPOS="1697"
                          HPOS="1082"
                          CONTENT="intentione"/>
                  <SP HEIGHT="71" WIDTH="10" VPOS="1697" HPOS="1225"/>
                  <String HEIGHT="71"
                          WIDTH="143"
                          VPOS="1697"
                          HPOS="1194"
                          CONTENT="philosophi"/>
                  <SP HEIGHT="71" WIDTH="10" VPOS="1697" HPOS="1337"/>
                  <String HEIGHT="71"
                          WIDTH="72"
                          VPOS="1697"
                          HPOS="1307"
                          CONTENT="non"/>
                  <SP HEIGHT="71" WIDTH="10" VPOS="1697" HPOS="1378"/>
                  <String HEIGHT="71"
                          WIDTH="102"
                          VPOS="1697"
                          HPOS="1348"
                          CONTENT="potest"/>
                  <SP HEIGHT="71" WIDTH="10" VPOS="1697" HPOS="1450"/>
                  <String HEIGHT="71"
                          WIDTH="102"
                          VPOS="1697"
                          HPOS="1419"
                          CONTENT="haberi"/>
                  <SP HEIGHT="71" WIDTH="10" VPOS="1697" HPOS="1522"/>
                  <String HEIGHT="71"
                          WIDTH="82"
                          VPOS="1697"
                          HPOS="1491"
                          CONTENT="nisi"/>
                  <SP HEIGHT="71" WIDTH="10" VPOS="1697" HPOS="1573"/>
                  <String HEIGHT="71"
                          WIDTH="82"
                          VPOS="1697"
                          HPOS="1542"
                          CONTENT="quod"/>
                  <SP HEIGHT="71" WIDTH="10" VPOS="1697" HPOS="1624"/>
                  <String HEIGHT="71" WIDTH="61" VPOS="1697" HPOS="1593" CONTENT="in"/>
                  <SP HEIGHT="71" WIDTH="10" VPOS="1697" HPOS="1655"/>
                  <String HEIGHT="71"
                          WIDTH="133"
                          VPOS="1697"
                          HPOS="1624"
                          CONTENT="adaliquid"/>
                  <SP HEIGHT="71" WIDTH="10" VPOS="1697" HPOS="1757"/>
                  <String HEIGHT="71"
                          WIDTH="72"
                          VPOS="1697"
                          HPOS="1726"
                          CONTENT="non"/>
                  <SP HEIGHT="71" WIDTH="10" VPOS="1697" HPOS="1798"/>
                  <String HEIGHT="71"
                          WIDTH="51"
                          VPOS="1697"
                          HPOS="1757"
                          CONTENT="est"/>
               </TextLine>
               <TextLine ID="r2l37"
                         BASELINE="1816"
                         HEIGHT="70"
                         WIDTH="695"
                         VPOS="1746"
                         HPOS="1096">
                  <String HEIGHT="70"
                          WIDTH="131"
                          VPOS="1746"
                          HPOS="1083"
                          CONTENT="motus:"/>
                  <SP HEIGHT="70" WIDTH="13" VPOS="1746" HPOS="1214"/>
                  <String HEIGHT="70"
                          WIDTH="92"
                          VPOS="1746"
                          HPOS="1175"
                          CONTENT="cum"/>
                  <SP HEIGHT="70" WIDTH="13" VPOS="1746" HPOS="1266"/>
                  <String HEIGHT="70"
                          WIDTH="92"
                          VPOS="1746"
                          HPOS="1227"
                          CONTENT="hoc"/>
                  <SP HEIGHT="70" WIDTH="13" VPOS="1746" HPOS="1319"/>
                  <String HEIGHT="70"
                          WIDTH="118"
                          VPOS="1746"
                          HPOS="1280"
                          CONTENT="tamen"/>
                  <SP HEIGHT="70" WIDTH="13" VPOS="1746" HPOS="1398"/>
                  <String HEIGHT="70"
                          WIDTH="105"
                          VPOS="1746"
                          HPOS="1358"
                          CONTENT="stat"/>
                  <SP HEIGHT="70" WIDTH="13" VPOS="1746" HPOS="1463"/>
                  <String HEIGHT="70"
                          WIDTH="105"
                          VPOS="1746"
                          HPOS="1424"
                          CONTENT="quod"/>
                  <SP HEIGHT="70" WIDTH="13" VPOS="1746" HPOS="1529"/>
                  <String HEIGHT="70"
                          WIDTH="92"
                          VPOS="1746"
                          HPOS="1489"
                          CONTENT="ibi"/>
                  <SP HEIGHT="70" WIDTH="13" VPOS="1746" HPOS="1581"/>
                  <String HEIGHT="70"
                          WIDTH="92"
                          VPOS="1746"
                          HPOS="1542"
                          CONTENT="sit"/>
                  <SP HEIGHT="70" WIDTH="13" VPOS="1746" HPOS="1634"/>
                  <String HEIGHT="70"
                          WIDTH="157"
                          VPOS="1746"
                          HPOS="1594"
                          CONTENT="mutatio."/>
                  <SP HEIGHT="70" WIDTH="13" VPOS="1746" HPOS="1752"/>
                  <String HEIGHT="70" WIDTH="66" VPOS="1746" HPOS="1712" CONTENT=""/>
                  <SP HEIGHT="70" WIDTH="13" VPOS="1746" HPOS="1778"/>
                  <String HEIGHT="70"
                          WIDTH="66"
                          VPOS="1746"
                          HPOS="1725"
                          CONTENT="Sed"/>
               </TextLine>
               <TextLine ID="r2l38"
                         BASELINE="1858"
                         HEIGHT="71"
                         WIDTH="710"
                         VPOS="1787"
                         HPOS="1089">
                  <String HEIGHT="71"
                          WIDTH="93"
                          VPOS="1787"
                          HPOS="1077"
                          CONTENT="ista"/>
                  <SP HEIGHT="71" WIDTH="12" VPOS="1787" HPOS="1170"/>
                  <String HEIGHT="71"
                          WIDTH="151"
                          VPOS="1787"
                          HPOS="1136"
                          CONTENT="responsio"/>
                  <SP HEIGHT="71" WIDTH="12" VPOS="1787" HPOS="1287"/>
                  <String HEIGHT="71"
                          WIDTH="81"
                          VPOS="1787"
                          HPOS="1252"
                          CONTENT="non"/>
                  <SP HEIGHT="71" WIDTH="12" VPOS="1787" HPOS="1333"/>
                  <String HEIGHT="71"
                          WIDTH="175"
                          VPOS="1787"
                          HPOS="1299"
                          CONTENT="satiffacit."/>
                  <SP HEIGHT="71" WIDTH="12" VPOS="1787" HPOS="1473"/>
                  <String HEIGHT="71"
                          WIDTH="93"
                          VPOS="1787"
                          HPOS="1438"
                          CONTENT="quia"/>
                  <SP HEIGHT="71" WIDTH="12" VPOS="1787" HPOS="1531"/>
                  <String HEIGHT="71"
                          WIDTH="116"
                          VPOS="1787"
                          HPOS="1496"
                          CONTENT="quaero"/>
                  <SP HEIGHT="71" WIDTH="12" VPOS="1787" HPOS="1613"/>
                  <String HEIGHT="71"
                          WIDTH="140"
                          VPOS="1787"
                          HPOS="1578"
                          CONTENT="secundum"/>
                  <SP HEIGHT="71" WIDTH="12" VPOS="1787" HPOS="1718"/>
                  <String HEIGHT="71"
                          WIDTH="128"
                          VPOS="1787"
                          HPOS="1671"
                          CONTENT="principia"/>
               </TextLine>
               <TextLine ID="r2l39"
                         BASELINE="1900"
                         HEIGHT="67"
                         WIDTH="712"
                         VPOS="1833"
                         HPOS="1099">
                  <String HEIGHT="67"
                          WIDTH="153"
                          VPOS="1833"
                          HPOS="1088"
                          CONTENT="philosophi"/>
                  <SP HEIGHT="67" WIDTH="11" VPOS="1833" HPOS="1241"/>
                  <String HEIGHT="67"
                          WIDTH="88"
                          VPOS="1833"
                          HPOS="1209"
                          CONTENT="quid"/>
                  <SP HEIGHT="67" WIDTH="11" VPOS="1833" HPOS="1296"/>
                  <String HEIGHT="67"
                          WIDTH="77"
                          VPOS="1833"
                          HPOS="1263"
                          CONTENT="est"/>
                  <SP HEIGHT="67" WIDTH="11" VPOS="1833" HPOS="1340"/>
                  <String HEIGHT="67"
                          WIDTH="120"
                          VPOS="1833"
                          HPOS="1307"
                          CONTENT="aliquam"/>
                  <SP HEIGHT="67" WIDTH="11" VPOS="1833" HPOS="1428"/>
                  <String HEIGHT="67"
                          WIDTH="110"
                          VPOS="1833"
                          HPOS="1395"
                          CONTENT="formam"/>
                  <SP HEIGHT="67" WIDTH="11" VPOS="1833" HPOS="1504"/>
                  <String HEIGHT="67"
                          WIDTH="88"
                          VPOS="1833"
                          HPOS="1471"
                          CONTENT="esse"/>
                  <SP HEIGHT="67" WIDTH="11" VPOS="1833" HPOS="1559"/>
                  <String HEIGHT="67" WIDTH="66" VPOS="1833" HPOS="1526" CONTENT="ad"/>
                  <SP HEIGHT="67" WIDTH="11" VPOS="1833" HPOS="1592"/>
                  <String HEIGHT="67"
                          WIDTH="77"
                          VPOS="1833"
                          HPOS="1559"
                          CONTENT="se."/>
                  <SP HEIGHT="67" WIDTH="11" VPOS="1833" HPOS="1636"/>
                  <String HEIGHT="67"
                          WIDTH="77"
                          VPOS="1833"
                          HPOS="1603"
                          CONTENT="aut"/>
                  <SP HEIGHT="67" WIDTH="11" VPOS="1833" HPOS="1680"/>
                  <String HEIGHT="67"
                          WIDTH="77"
                          VPOS="1833"
                          HPOS="1647"
                          CONTENT="hoc"/>
                  <SP HEIGHT="67" WIDTH="11" VPOS="1833" HPOS="1723"/>
                  <String HEIGHT="67"
                          WIDTH="77"
                          VPOS="1833"
                          HPOS="1691"
                          CONTENT="est"/>
                  <SP HEIGHT="67" WIDTH="11" VPOS="1833" HPOS="1767"/>
                  <String HEIGHT="67"
                          WIDTH="88"
                          VPOS="1833"
                          HPOS="1723"
                          CONTENT="refer"
                          SUBS_TYPE="HypPart1"
                          SUBS_CONTENT="referri"/>
                  <HYP CONTENT="-"/>
               </TextLine>
               <TextLine ID="r2l40"
                         BASELINE="1947"
                         HEIGHT="68"
                         WIDTH="715"
                         VPOS="1879"
                         HPOS="1093">
                  <String HEIGHT="68"
                          WIDTH="81"
                          VPOS="1879"
                          HPOS="1080"
                          CONTENT="ri"
                          SUBS_TYPE="HypPart2"
                          SUBS_CONTENT="referri"/>
                  <SP HEIGHT="68" WIDTH="13" VPOS="1879" HPOS="1160"/>
                  <String HEIGHT="68" WIDTH="81" VPOS="1879" HPOS="1120" CONTENT="ad"/>
                  <SP HEIGHT="68" WIDTH="13" VPOS="1879" HPOS="1201"/>
                  <String HEIGHT="68"
                          WIDTH="94"
                          VPOS="1879"
                          HPOS="1160"
                          CONTENT="se."/>
                  <SP HEIGHT="68" WIDTH="13" VPOS="1879" HPOS="1255"/>
                  <String HEIGHT="68"
                          WIDTH="94"
                          VPOS="1879"
                          HPOS="1214"
                          CONTENT="aut"/>
                  <SP HEIGHT="68" WIDTH="13" VPOS="1879" HPOS="1309"/>
                  <String HEIGHT="68"
                          WIDTH="162"
                          VPOS="1879"
                          HPOS="1268"
                          CONTENT="distigui"/>
                  <SP HEIGHT="68" WIDTH="13" VPOS="1879" HPOS="1430"/>
                  <String HEIGHT="68"
                          WIDTH="162"
                          VPOS="1879"
                          HPOS="1390"
                          CONTENT="realiter"/>
                  <SP HEIGHT="68" WIDTH="13" VPOS="1879" HPOS="1552"/>
                  <String HEIGHT="68" WIDTH="67" VPOS="1879" HPOS="1511" CONTENT="a"/>
                  <SP HEIGHT="68" WIDTH="13" VPOS="1879" HPOS="1579"/>
                  <String HEIGHT="68"
                          WIDTH="175"
                          VPOS="1879"
                          HPOS="1538"
                          CONTENT="quocumque"/>
                  <SP HEIGHT="68" WIDTH="13" VPOS="1879" HPOS="1714"/>
                  <String HEIGHT="68"
                          WIDTH="121"
                          VPOS="1879"
                          HPOS="1673"
                          CONTENT="alio."/>
                  <SP HEIGHT="68" WIDTH="13" VPOS="1879" HPOS="1795"/>
                  <String HEIGHT="68"
                          WIDTH="67"
                          VPOS="1879"
                          HPOS="1741"
                          CONTENT="aut"/>
               </TextLine>
               <TextLine ID="r2l41"
                         BASELINE="1982"
                         HEIGHT="68"
                         WIDTH="702"
                         VPOS="1914"
                         HPOS="1089">
                  <String HEIGHT="68"
                          WIDTH="105"
                          VPOS="1914"
                          HPOS="1074"
                          CONTENT="non"/>
                  <SP HEIGHT="68" WIDTH="15" VPOS="1914" HPOS="1179"/>
                  <String HEIGHT="68"
                          WIDTH="209"
                          VPOS="1914"
                          HPOS="1134"
                          CONTENT="conexigere"/>
                  <SP HEIGHT="68" WIDTH="15" VPOS="1914" HPOS="1343"/>
                  <String HEIGHT="68"
                          WIDTH="164"
                          VPOS="1914"
                          HPOS="1298"
                          CONTENT="aliquid"/>
                  <SP HEIGHT="68" WIDTH="15" VPOS="1914" HPOS="1462"/>
                  <String HEIGHT="68"
                          WIDTH="149"
                          VPOS="1914"
                          HPOS="1418"
                          CONTENT="aliud."/>
                  <SP HEIGHT="68" WIDTH="15" VPOS="1914" HPOS="1567"/>
                  <String HEIGHT="68"
                          WIDTH="105"
                          VPOS="1914"
                          HPOS="1522"
                          CONTENT="aut"/>
                  <SP HEIGHT="68" WIDTH="15" VPOS="1914" HPOS="1627"/>
                  <String HEIGHT="68"
                          WIDTH="105"
                          VPOS="1914"
                          HPOS="1582"
                          CONTENT="non"/>
                  <SP HEIGHT="68" WIDTH="15" VPOS="1914" HPOS="1686"/>
                  <String HEIGHT="68"
                          WIDTH="164"
                          VPOS="1914"
                          HPOS="1627"
                          CONTENT="dependere"/>
               </TextLine>
               <TextLine ID="r2l42"
                         BASELINE="2023"
                         HEIGHT="62"
                         WIDTH="722"
                         VPOS="1961"
                         HPOS="1082">
                  <String HEIGHT="62" WIDTH="79" VPOS="1961" HPOS="1069" CONTENT="ad"/>
                  <SP HEIGHT="62" WIDTH="13" VPOS="1961" HPOS="1148"/>
                  <String HEIGHT="62"
                          WIDTH="144"
                          VPOS="1961"
                          HPOS="1108"
                          CONTENT="aliquid"/>
                  <SP HEIGHT="62" WIDTH="13" VPOS="1961" HPOS="1253"/>
                  <String HEIGHT="62"
                          WIDTH="131"
                          VPOS="1961"
                          HPOS="1213"
                          CONTENT="aliud."/>
                  <SP HEIGHT="62" WIDTH="13" VPOS="1961" HPOS="1345"/>
                  <String HEIGHT="62" WIDTH="79" VPOS="1961" HPOS="1305" CONTENT="Si"/>
                  <SP HEIGHT="62" WIDTH="13" VPOS="1961" HPOS="1384"/>
                  <String HEIGHT="62"
                          WIDTH="131"
                          VPOS="1961"
                          HPOS="1345"
                          CONTENT="primum"/>
                  <SP HEIGHT="62" WIDTH="13" VPOS="1961" HPOS="1476"/>
                  <String HEIGHT="62"
                          WIDTH="92"
                          VPOS="1961"
                          HPOS="1436"
                          CONTENT="vel"/>
                  <SP HEIGHT="62" WIDTH="13" VPOS="1961" HPOS="1528"/>
                  <String HEIGHT="62"
                          WIDTH="158"
                          VPOS="1961"
                          HPOS="1489"
                          CONTENT="secundum"/>
                  <SP HEIGHT="62" WIDTH="13" VPOS="1961" HPOS="1646"/>
                  <String HEIGHT="62"
                          WIDTH="131"
                          VPOS="1961"
                          HPOS="1607"
                          CONTENT="detur."/>
                  <SP HEIGHT="62" WIDTH="13" VPOS="1961" HPOS="1738"/>
                  <String HEIGHT="62"
                          WIDTH="92"
                          VPOS="1961"
                          HPOS="1699"
                          CONTENT="ita"/>
                  <SP HEIGHT="62" WIDTH="13" VPOS="1961" HPOS="1791"/>
                  <String HEIGHT="62"
                          WIDTH="66"
                          VPOS="1961"
                          HPOS="1738"
                          CONTENT="es"
                          SUBS_TYPE="HypPart1"
                          SUBS_CONTENT="esset"/>
                  <HYP CONTENT="-"/>
               </TextLine>
               <TextLine ID="r2l43"
                         BASELINE="2075"
                         HEIGHT="75"
                         WIDTH="707"
                         VPOS="2000"
                         HPOS="1087">
                  <String HEIGHT="75"
                          WIDTH="88"
                          VPOS="2000"
                          HPOS="1074"
                          CONTENT="set"
                          SUBS_TYPE="HypPart2"
                          SUBS_CONTENT="esset"/>
                  <SP HEIGHT="75" WIDTH="13" VPOS="2000" HPOS="1163"/>
                  <String HEIGHT="75"
                          WIDTH="101"
                          VPOS="2000"
                          HPOS="1125"
                          CONTENT="illa"/>
                  <SP HEIGHT="75" WIDTH="13" VPOS="2000" HPOS="1226"/>
                  <String HEIGHT="75"
                          WIDTH="139"
                          VPOS="2000"
                          HPOS="1188"
                          CONTENT="relatio"/>
                  <SP HEIGHT="75" WIDTH="13" VPOS="2000" HPOS="1327"/>
                  <String HEIGHT="75" WIDTH="76" VPOS="2000" HPOS="1289" CONTENT="ad"/>
                  <SP HEIGHT="75" WIDTH="13" VPOS="2000" HPOS="1365"/>
                  <String HEIGHT="75" WIDTH="76" VPOS="2000" HPOS="1327" CONTENT="se"/>
                  <SP HEIGHT="75" WIDTH="13" VPOS="2000" HPOS="1403"/>
                  <String HEIGHT="75"
                          WIDTH="114"
                          VPOS="2000"
                          HPOS="1365"
                          CONTENT="sicut"/>
                  <SP HEIGHT="75" WIDTH="13" VPOS="2000" HPOS="1478"/>
                  <String HEIGHT="75"
                          WIDTH="101"
                          VPOS="2000"
                          HPOS="1441"
                          CONTENT="alia"/>
                  <SP HEIGHT="75" WIDTH="13" VPOS="2000" HPOS="1542"/>
                  <String HEIGHT="75"
                          WIDTH="126"
                          VPOS="2000"
                          HPOS="1504"
                          CONTENT="forma."/>
                  <SP HEIGHT="75" WIDTH="13" VPOS="2000" HPOS="1630"/>
                  <String HEIGHT="75"
                          WIDTH="101"
                          VPOS="2000"
                          HPOS="1592"
                          CONTENT="quia"/>
                  <SP HEIGHT="75" WIDTH="13" VPOS="2000" HPOS="1693"/>
                  <String HEIGHT="75"
                          WIDTH="101"
                          VPOS="2000"
                          HPOS="1655"
                          CONTENT="ista"/>
                  <SP HEIGHT="75" WIDTH="13" VPOS="2000" HPOS="1756"/>
                  <String HEIGHT="75"
                          WIDTH="88"
                          VPOS="2000"
                          HPOS="1706"
                          CONTENT="esset"/>
               </TextLine>
               <TextLine ID="r2l44"
                         BASELINE="2125"
                         HEIGHT="71"
                         WIDTH="707"
                         VPOS="2054"
                         HPOS="1089">
                  <String HEIGHT="71"
                          WIDTH="108"
                          VPOS="2054"
                          HPOS="1077"
                          CONTENT="eadem"/>
                  <SP HEIGHT="71" WIDTH="12" VPOS="2054" HPOS="1185"/>
                  <String HEIGHT="71"
                          WIDTH="108"
                          VPOS="2054"
                          HPOS="1149"
                          CONTENT="sibi."/>
                  <SP HEIGHT="71" WIDTH="12" VPOS="2054" HPOS="1257"/>
                  <String HEIGHT="71" WIDTH="72" VPOS="2054" HPOS="1221" CONTENT="et"/>
                  <SP HEIGHT="71" WIDTH="12" VPOS="2054" HPOS="1293"/>
                  <String HEIGHT="71"
                          WIDTH="84"
                          VPOS="2054"
                          HPOS="1257"
                          CONTENT="ita"/>
                  <SP HEIGHT="71" WIDTH="12" VPOS="2054" HPOS="1341"/>
                  <String HEIGHT="71"
                          WIDTH="192"
                          VPOS="2054"
                          HPOS="1305"
                          CONTENT="distinguitur"/>
                  <SP HEIGHT="71" WIDTH="12" VPOS="2054" HPOS="1496"/>
                  <String HEIGHT="71" WIDTH="72" VPOS="2054" HPOS="1460" CONTENT="ab"/>
                  <SP HEIGHT="71" WIDTH="12" VPOS="2054" HPOS="1532"/>
                  <String HEIGHT="71"
                          WIDTH="96"
                          VPOS="2054"
                          HPOS="1496"
                          CONTENT="omni"/>
                  <SP HEIGHT="71" WIDTH="12" VPOS="2054" HPOS="1592"/>
                  <String HEIGHT="71"
                          WIDTH="96"
                          VPOS="2054"
                          HPOS="1556"
                          CONTENT="alio"/>
                  <SP HEIGHT="71" WIDTH="12" VPOS="2054" HPOS="1652"/>
                  <String HEIGHT="71"
                          WIDTH="144"
                          VPOS="2054"
                          HPOS="1616"
                          CONTENT="secundum"/>
                  <SP HEIGHT="71" WIDTH="12" VPOS="2054" HPOS="1760"/>
                  <String HEIGHT="71"
                          WIDTH="84"
                          VPOS="2054"
                          HPOS="1712"
                          CONTENT="istos"/>
               </TextLine>
               <TextLine ID="r2l45"
                         BASELINE="2157"
                         HEIGHT="69"
                         WIDTH="715"
                         VPOS="2088"
                         HPOS="1089">
                  <String HEIGHT="69"
                          WIDTH="124"
                          VPOS="2088"
                          HPOS="1075"
                          CONTENT="sicut"/>
                  <SP HEIGHT="69" WIDTH="14" VPOS="2088" HPOS="1199"/>
                  <String HEIGHT="69"
                          WIDTH="138"
                          VPOS="2088"
                          HPOS="1158"
                          CONTENT="albedo"/>
                  <SP HEIGHT="69" WIDTH="14" VPOS="2088" HPOS="1295"/>
                  <String HEIGHT="69"
                          WIDTH="151"
                          VPOS="2088"
                          HPOS="1254"
                          CONTENT="quamuis"/>
                  <SP HEIGHT="69" WIDTH="14" VPOS="2088" HPOS="1405"/>
                  <String HEIGHT="69"
                          WIDTH="138"
                          VPOS="2088"
                          HPOS="1364"
                          CONTENT="albedo"/>
                  <SP HEIGHT="69" WIDTH="14" VPOS="2088" HPOS="1502"/>
                  <String HEIGHT="69"
                          WIDTH="124"
                          VPOS="2088"
                          HPOS="1460"
                          CONTENT="esset"/>
                  <SP HEIGHT="69" WIDTH="14" VPOS="2088" HPOS="1584"/>
                  <String HEIGHT="69"
                          WIDTH="206"
                          VPOS="2088"
                          HPOS="1543"
                          CONTENT="perfectior."/>
                  <SP HEIGHT="69" WIDTH="14" VPOS="2088" HPOS="1749"/>
                  <String HEIGHT="69" WIDTH="83" VPOS="2088" HPOS="1708" CONTENT="Si"/>
                  <SP HEIGHT="69" WIDTH="14" VPOS="2088" HPOS="1790"/>
                  <String HEIGHT="69"
                          WIDTH="69"
                          VPOS="2088"
                          HPOS="1735"
                          CONTENT="de"
                          SUBS_TYPE="HypPart1"
                          SUBS_CONTENT="detur"/>
                  <HYP CONTENT="-"/>
               </TextLine>
               <TextLine ID="r2l46"
                         BASELINE="2206"
                         HEIGHT="67"
                         WIDTH="712"
                         VPOS="2139"
                         HPOS="1087">
                  <String HEIGHT="67"
                          WIDTH="92"
                          VPOS="2139"
                          HPOS="1074"
                          CONTENT="tur"
                          SUBS_TYPE="HypPart2"
                          SUBS_CONTENT="detur"/>
                  <SP HEIGHT="67" WIDTH="13" VPOS="2139" HPOS="1166"/>
                  <String HEIGHT="67"
                          WIDTH="145"
                          VPOS="2139"
                          HPOS="1127"
                          CONTENT="tertium"/>
                  <SP HEIGHT="67" WIDTH="13" VPOS="2139" HPOS="1272"/>
                  <String HEIGHT="67"
                          WIDTH="92"
                          VPOS="2139"
                          HPOS="1232"
                          CONTENT="vel"/>
                  <SP HEIGHT="67" WIDTH="13" VPOS="2139" HPOS="1324"/>
                  <String HEIGHT="67"
                          WIDTH="158"
                          VPOS="2139"
                          HPOS="1285"
                          CONTENT="quartum."/>
                  <SP HEIGHT="67" WIDTH="13" VPOS="2139" HPOS="1443"/>
                  <String HEIGHT="67"
                          WIDTH="158"
                          VPOS="2139"
                          HPOS="1403"
                          CONTENT="sequitur"/>
                  <SP HEIGHT="67" WIDTH="13" VPOS="2139" HPOS="1562"/>
                  <String HEIGHT="67"
                          WIDTH="105"
                          VPOS="2139"
                          HPOS="1522"
                          CONTENT="quod"/>
                  <SP HEIGHT="67" WIDTH="13" VPOS="2139" HPOS="1628"/>
                  <String HEIGHT="67"
                          WIDTH="132"
                          VPOS="2139"
                          HPOS="1588"
                          CONTENT="nullum"/>
                  <SP HEIGHT="67" WIDTH="13" VPOS="2139" HPOS="1720"/>
                  <String HEIGHT="67"
                          WIDTH="132"
                          VPOS="2139"
                          HPOS="1667"
                          CONTENT="accidens"/>
               </TextLine>
               <TextLine ID="r2l47"
                         BASELINE="2249"
                         HEIGHT="66"
                         WIDTH="717"
                         VPOS="2183"
                         HPOS="1077">
                  <String HEIGHT="66"
                          WIDTH="70"
                          VPOS="2183"
                          HPOS="1067"
                          CONTENT="est"/>
                  <SP HEIGHT="66" WIDTH="10" VPOS="2183" HPOS="1137"/>
                  <String HEIGHT="66" WIDTH="60" VPOS="2183" HPOS="1107" CONTENT="ad"/>
                  <SP HEIGHT="66" WIDTH="10" VPOS="2183" HPOS="1167"/>
                  <String HEIGHT="66" WIDTH="60" VPOS="2183" HPOS="1137" CONTENT="se"/>
                  <SP HEIGHT="66" WIDTH="10" VPOS="2183" HPOS="1197"/>
                  <String HEIGHT="66"
                          WIDTH="120"
                          VPOS="2183"
                          HPOS="1167"
                          CONTENT="secundum"/>
                  <SP HEIGHT="66" WIDTH="10" VPOS="2183" HPOS="1286"/>
                  <String HEIGHT="66"
                          WIDTH="129"
                          VPOS="2183"
                          HPOS="1256"
                          CONTENT="principia"/>
                  <SP HEIGHT="66" WIDTH="10" VPOS="2183" HPOS="1386"/>
                  <String HEIGHT="66"
                          WIDTH="149"
                          VPOS="2183"
                          HPOS="1356"
                          CONTENT="philosophi."/>
                  <SP HEIGHT="66" WIDTH="10" VPOS="2183" HPOS="1505"/>
                  <String HEIGHT="66"
                          WIDTH="80"
                          VPOS="2183"
                          HPOS="1475"
                          CONTENT="quia"/>
                  <SP HEIGHT="66" WIDTH="10" VPOS="2183" HPOS="1555"/>
                  <String HEIGHT="66"
                          WIDTH="120"
                          VPOS="2183"
                          HPOS="1525"
                          CONTENT="secundum"/>
                  <SP HEIGHT="66" WIDTH="10" VPOS="2183" HPOS="1645"/>
                  <String HEIGHT="66"
                          WIDTH="70"
                          VPOS="2183"
                          HPOS="1615"
                          CONTENT="eum"/>
                  <SP HEIGHT="66" WIDTH="10" VPOS="2183" HPOS="1684"/>
                  <String HEIGHT="66"
                          WIDTH="129"
                          VPOS="2183"
                          HPOS="1655"
                          CONTENT="quodlibet"/>
                  <SP HEIGHT="66" WIDTH="10" VPOS="2183" HPOS="1784"/>
                  <String HEIGHT="66"
                          WIDTH="50"
                          VPOS="2183"
                          HPOS="1744"
                          CONTENT="ac"
                          SUBS_TYPE="HypPart1"
                          SUBS_CONTENT="accidens"/>
                  <HYP CONTENT="-"/>
               </TextLine>
               <TextLine ID="r2l48"
                         BASELINE="2296"
                         HEIGHT="69"
                         WIDTH="709"
                         VPOS="2227"
                         HPOS="1087">
                  <String HEIGHT="69"
                          WIDTH="148"
                          VPOS="2227"
                          HPOS="1072"
                          CONTENT="cidens"
                          SUBS_TYPE="HypPart2"
                          SUBS_CONTENT="accidens"/>
                  <SP HEIGHT="69" WIDTH="15" VPOS="2227" HPOS="1220"/>
                  <String HEIGHT="69"
                          WIDTH="207"
                          VPOS="2227"
                          HPOS="1176"
                          CONTENT="necessario"/>
                  <SP HEIGHT="69" WIDTH="15" VPOS="2227" HPOS="1382"/>
                  <String HEIGHT="69"
                          WIDTH="177"
                          VPOS="2227"
                          HPOS="1338"
                          CONTENT="coexigit"/>
                  <SP HEIGHT="69" WIDTH="15" VPOS="2227" HPOS="1515"/>
                  <String HEIGHT="69"
                          WIDTH="192"
                          VPOS="2227"
                          HPOS="1471"
                          CONTENT="subiectum"/>
                  <SP HEIGHT="69" WIDTH="15" VPOS="2227" HPOS="1663"/>
                  <String HEIGHT="69" WIDTH="89" VPOS="2227" HPOS="1619" CONTENT="et"/>
                  <SP HEIGHT="69" WIDTH="15" VPOS="2227" HPOS="1707"/>
                  <String HEIGHT="69"
                          WIDTH="148"
                          VPOS="2227"
                          HPOS="1648"
                          CONTENT="dependet"/>
               </TextLine>
               <TextLine ID="r2l49"
                         BASELINE="2332"
                         HEIGHT="62"
                         WIDTH="714"
                         VPOS="2270"
                         HPOS="1079">
                  <String HEIGHT="62" WIDTH="82" VPOS="2270" HPOS="1065" CONTENT="ab"/>
                  <SP HEIGHT="62" WIDTH="14" VPOS="2270" HPOS="1148"/>
                  <String HEIGHT="62"
                          WIDTH="96"
                          VPOS="2270"
                          HPOS="1106"
                          CONTENT="eo."/>
                  <SP HEIGHT="62" WIDTH="14" VPOS="2270" HPOS="1203"/>
                  <String HEIGHT="62" WIDTH="69" VPOS="2270" HPOS="1161" CONTENT=""/>
                  <SP HEIGHT="62" WIDTH="14" VPOS="2270" HPOS="1230"/>
                  <String HEIGHT="62"
                          WIDTH="165"
                          VPOS="2270"
                          HPOS="1189"
                          CONTENT="Preterea"/>
                  <SP HEIGHT="62" WIDTH="14" VPOS="2270" HPOS="1354"/>
                  <String HEIGHT="62"
                          WIDTH="110"
                          VPOS="2270"
                          HPOS="1312"
                          CONTENT="quod"/>
                  <SP HEIGHT="62" WIDTH="14" VPOS="2270" HPOS="1422"/>
                  <String HEIGHT="62"
                          WIDTH="124"
                          VPOS="2270"
                          HPOS="1381"
                          CONTENT="dicit"/>
                  <SP HEIGHT="62" WIDTH="14" VPOS="2270" HPOS="1505"/>
                  <String HEIGHT="62"
                          WIDTH="110"
                          VPOS="2270"
                          HPOS="1463"
                          CONTENT="quod"/>
                  <SP HEIGHT="62" WIDTH="14" VPOS="2270" HPOS="1573"/>
                  <String HEIGHT="62"
                          WIDTH="151"
                          VPOS="2270"
                          HPOS="1532"
                          CONTENT="mutatio"/>
                  <SP HEIGHT="62" WIDTH="14" VPOS="2270" HPOS="1683"/>
                  <String HEIGHT="62"
                          WIDTH="96"
                          VPOS="2270"
                          HPOS="1642"
                          CONTENT="est"/>
                  <SP HEIGHT="62" WIDTH="14" VPOS="2270" HPOS="1738"/>
                  <String HEIGHT="62" WIDTH="82" VPOS="2270" HPOS="1697" CONTENT="in"/>
                  <SP HEIGHT="62" WIDTH="14" VPOS="2270" HPOS="1779"/>
                  <String HEIGHT="62" WIDTH="82" VPOS="2270" HPOS="1738" CONTENT="ad"/>
                  <SP HEIGHT="62" WIDTH="14" VPOS="2270" HPOS="1820"/>
                  <String HEIGHT="62" WIDTH="27" VPOS="2270" HPOS="1766" CONTENT=""/>
               </TextLine>
               <TextLine ID="r2l50"
                         BASELINE="2380"
                         HEIGHT="64"
                         WIDTH="718"
                         VPOS="2316"
                         HPOS="1081">
                  <String HEIGHT="64"
                          WIDTH="108"
                          VPOS="2316"
                          HPOS="1071"
                          CONTENT="aliquid"/>
                  <SP HEIGHT="64" WIDTH="10" VPOS="2316" HPOS="1179"/>
                  <String HEIGHT="64"
                          WIDTH="69"
                          VPOS="2316"
                          HPOS="1150"
                          CONTENT="non"/>
                  <SP HEIGHT="64" WIDTH="10" VPOS="2316" HPOS="1219"/>
                  <String HEIGHT="64"
                          WIDTH="108"
                          VPOS="2316"
                          HPOS="1189"
                          CONTENT="videtur"/>
                  <SP HEIGHT="64" WIDTH="10" VPOS="2316" HPOS="1297"/>
                  <String HEIGHT="64"
                          WIDTH="118"
                          VPOS="2316"
                          HPOS="1268"
                          CONTENT="secundum"/>
                  <SP HEIGHT="64" WIDTH="10" VPOS="2316" HPOS="1386"/>
                  <String HEIGHT="64"
                          WIDTH="128"
                          VPOS="2316"
                          HPOS="1356"
                          CONTENT="principia"/>
                  <SP HEIGHT="64" WIDTH="10" VPOS="2316" HPOS="1484"/>
                  <String HEIGHT="64"
                          WIDTH="148"
                          VPOS="2316"
                          HPOS="1455"
                          CONTENT="philosophi."/>
                  <SP HEIGHT="64" WIDTH="10" VPOS="2316" HPOS="1602"/>
                  <String HEIGHT="64"
                          WIDTH="79"
                          VPOS="2316"
                          HPOS="1573"
                          CONTENT="quia"/>
                  <SP HEIGHT="64" WIDTH="10" VPOS="2316" HPOS="1651"/>
                  <String HEIGHT="64"
                          WIDTH="89"
                          VPOS="2316"
                          HPOS="1622"
                          CONTENT="dicit"/>
                  <SP HEIGHT="64" WIDTH="10" VPOS="2316" HPOS="1710"/>
                  <String HEIGHT="64"
                          WIDTH="128"
                          VPOS="2316"
                          HPOS="1671"
                          CONTENT="philosophus"/>
               </TextLine>
               <TextLine ID="r2l51"
                         BASELINE="2424"
                         HEIGHT="69"
                         WIDTH="703"
                         VPOS="2355"
                         HPOS="1080">
                  <String HEIGHT="69" WIDTH="90" VPOS="2355" HPOS="1065" CONTENT="v."/>
                  <SP HEIGHT="69" WIDTH="15" VPOS="2355" HPOS="1155"/>
                  <String HEIGHT="69"
                          WIDTH="120"
                          VPOS="2355"
                          HPOS="1110"
                          CONTENT="phi."/>
                  <SP HEIGHT="69" WIDTH="15" VPOS="2355" HPOS="1230"/>
                  <String HEIGHT="69" WIDTH="90" VPOS="2355" HPOS="1185" CONTENT="Si"/>
                  <SP HEIGHT="69" WIDTH="15" VPOS="2355" HPOS="1274"/>
                  <String HEIGHT="69"
                          WIDTH="165"
                          VPOS="2355"
                          HPOS="1230"
                          CONTENT="couenit"/>
                  <SP HEIGHT="69" WIDTH="15" VPOS="2355" HPOS="1394"/>
                  <String HEIGHT="69"
                          WIDTH="150"
                          VPOS="2355"
                          HPOS="1349"
                          CONTENT="altero"/>
                  <SP HEIGHT="69" WIDTH="15" VPOS="2355" HPOS="1499"/>
                  <String HEIGHT="69"
                          WIDTH="150"
                          VPOS="2355"
                          HPOS="1454"
                          CONTENT="mutato"/>
                  <SP HEIGHT="69" WIDTH="15" VPOS="2355" HPOS="1604"/>
                  <String HEIGHT="69"
                          WIDTH="135"
                          VPOS="2355"
                          HPOS="1559"
                          CONTENT="verum"/>
                  <SP HEIGHT="69" WIDTH="15" VPOS="2355" HPOS="1693"/>
                  <String HEIGHT="69"
                          WIDTH="120"
                          VPOS="2355"
                          HPOS="1648"
                          CONTENT="esse"/>
                  <SP HEIGHT="69" WIDTH="15" VPOS="2355" HPOS="1768"/>
                  <String HEIGHT="69"
                          WIDTH="75"
                          VPOS="2355"
                          HPOS="1708"
                          CONTENT="ali"/>
               </TextLine>
               <TextLine ID="r2l52"
                         BASELINE="2475"
                         HEIGHT="70"
                         WIDTH="711"
                         VPOS="2405"
                         HPOS="1075">
                  <String HEIGHT="70"
                          WIDTH="131"
                          VPOS="2405"
                          HPOS="1060"
                          CONTENT="terum"/>
                  <SP HEIGHT="70" WIDTH="15" VPOS="2405" HPOS="1191"/>
                  <String HEIGHT="70"
                          WIDTH="131"
                          VPOS="2405"
                          HPOS="1148"
                          CONTENT="nihil"/>
                  <SP HEIGHT="70" WIDTH="15" VPOS="2405" HPOS="1278"/>
                  <String HEIGHT="70"
                          WIDTH="160"
                          VPOS="2405"
                          HPOS="1235"
                          CONTENT="mutans."/>
                  <SP HEIGHT="70" WIDTH="15" VPOS="2405" HPOS="1394"/>
                  <String HEIGHT="70"
                          WIDTH="102"
                          VPOS="2405"
                          HPOS="1351"
                          CONTENT="hoc"/>
                  <SP HEIGHT="70" WIDTH="15" VPOS="2405" HPOS="1452"/>
                  <String HEIGHT="70"
                          WIDTH="102"
                          VPOS="2405"
                          HPOS="1409"
                          CONTENT="est"/>
                  <SP HEIGHT="70" WIDTH="15" VPOS="2405" HPOS="1510"/>
                  <String HEIGHT="70"
                          WIDTH="145"
                          VPOS="2405"
                          HPOS="1467"
                          CONTENT="dictum"/>
                  <SP HEIGHT="70" WIDTH="15" VPOS="2405" HPOS="1612"/>
                  <String HEIGHT="70"
                          WIDTH="102"
                          VPOS="2405"
                          HPOS="1568"
                          CONTENT="per"/>
                  <SP HEIGHT="70" WIDTH="15" VPOS="2405" HPOS="1670"/>
                  <String HEIGHT="70"
                          WIDTH="174"
                          VPOS="2405"
                          HPOS="1612"
                          CONTENT="mutationem"/>
               </TextLine>
               <TextLine ID="r2l53"
                         BASELINE="2518"
                         HEIGHT="77"
                         WIDTH="706"
                         VPOS="2441"
                         HPOS="1075">
                  <String HEIGHT="77"
                          WIDTH="184"
                          VPOS="2441"
                          HPOS="1060"
                          CONTENT="alterius"/>
                  <SP HEIGHT="77" WIDTH="15" VPOS="2441" HPOS="1244"/>
                  <String HEIGHT="77"
                          WIDTH="169"
                          VPOS="2441"
                          HPOS="1198"
                          CONTENT="extremi"/>
                  <SP HEIGHT="77" WIDTH="15" VPOS="2441" HPOS="1367"/>
                  <String HEIGHT="77"
                          WIDTH="169"
                          VPOS="2441"
                          HPOS="1321"
                          CONTENT="dicitur"/>
                  <SP HEIGHT="77" WIDTH="15" VPOS="2441" HPOS="1489"/>
                  <String HEIGHT="77"
                          WIDTH="123"
                          VPOS="2441"
                          HPOS="1443"
                          CONTENT="vere"/>
                  <SP HEIGHT="77" WIDTH="15" VPOS="2441" HPOS="1566"/>
                  <String HEIGHT="77"
                          WIDTH="169"
                          VPOS="2441"
                          HPOS="1520"
                          CONTENT="alterum"/>
                  <SP HEIGHT="77" WIDTH="15" VPOS="2441" HPOS="1689"/>
                  <String HEIGHT="77"
                          WIDTH="153"
                          VPOS="2441"
                          HPOS="1628"
                          CONTENT="extremum"/>
               </TextLine>
               <TextLine ID="r2l54"
                         BASELINE="2557"
                         HEIGHT="67"
                         WIDTH="714"
                         VPOS="2490"
                         HPOS="1083">
                  <String HEIGHT="67"
                          WIDTH="202"
                          VPOS="2490"
                          HPOS="1067"
                          CONTENT="adaliquid"/>
                  <SP HEIGHT="67" WIDTH="16" VPOS="2490" HPOS="1269"/>
                  <String HEIGHT="67"
                          WIDTH="124"
                          VPOS="2490"
                          HPOS="1223"
                          CONTENT="sine"/>
                  <SP HEIGHT="67" WIDTH="16" VPOS="2490" HPOS="1347"/>
                  <String HEIGHT="67"
                          WIDTH="124"
                          VPOS="2490"
                          HPOS="1300"
                          CONTENT="omni"/>
                  <SP HEIGHT="67" WIDTH="16" VPOS="2490" HPOS="1424"/>
                  <String HEIGHT="67"
                          WIDTH="202"
                          VPOS="2490"
                          HPOS="1378"
                          CONTENT="mutatione"/>
                  <SP HEIGHT="67" WIDTH="16" VPOS="2490" HPOS="1580"/>
                  <String HEIGHT="67"
                          WIDTH="217"
                          VPOS="2490"
                          HPOS="1533"
                          CONTENT="suiipsius."/>
                  <SP HEIGHT="67" WIDTH="16" VPOS="2490" HPOS="1750"/>
                  <String HEIGHT="67"
                          WIDTH="109"
                          VPOS="2490"
                          HPOS="1688"
                          CONTENT="sicut"/>
               </TextLine>
               <TextLine ID="r2l55"
                         BASELINE="2601"
                         HEIGHT="69"
                         WIDTH="710"
                         VPOS="2532"
                         HPOS="1077">
                  <String HEIGHT="69" WIDTH="80" VPOS="2532" HPOS="1064" CONTENT="si"/>
                  <SP HEIGHT="69" WIDTH="13" VPOS="2532" HPOS="1144"/>
                  <String HEIGHT="69"
                          WIDTH="134"
                          VPOS="2532"
                          HPOS="1104"
                          CONTENT="sortes"/>
                  <SP HEIGHT="69" WIDTH="13" VPOS="2532" HPOS="1238"/>
                  <String HEIGHT="69"
                          WIDTH="94"
                          VPOS="2532"
                          HPOS="1198"
                          CONTENT="sit"/>
                  <SP HEIGHT="69" WIDTH="13" VPOS="2532" HPOS="1291"/>
                  <String HEIGHT="69"
                          WIDTH="121"
                          VPOS="2532"
                          HPOS="1251"
                          CONTENT="primo"/>
                  <SP HEIGHT="69" WIDTH="13" VPOS="2532" HPOS="1372"/>
                  <String HEIGHT="69"
                          WIDTH="134"
                          VPOS="2532"
                          HPOS="1332"
                          CONTENT="albus."/>
                  <SP HEIGHT="69" WIDTH="13" VPOS="2532" HPOS="1465"/>
                  <String HEIGHT="69" WIDTH="80" VPOS="2532" HPOS="1425" CONTENT="si"/>
                  <SP HEIGHT="69" WIDTH="13" VPOS="2532" HPOS="1506"/>
                  <String HEIGHT="69"
                          WIDTH="134"
                          VPOS="2532"
                          HPOS="1465"
                          CONTENT="postea"/>
                  <SP HEIGHT="69" WIDTH="13" VPOS="2532" HPOS="1599"/>
                  <String HEIGHT="69"
                          WIDTH="107"
                          VPOS="2532"
                          HPOS="1559"
                          CONTENT="fiat"/>
                  <SP HEIGHT="69" WIDTH="13" VPOS="2532" HPOS="1666"/>
                  <String HEIGHT="69"
                          WIDTH="121"
                          VPOS="2532"
                          HPOS="1626"
                          CONTENT="plato"/>
                  <SP HEIGHT="69" WIDTH="13" VPOS="2532" HPOS="1747"/>
                  <String HEIGHT="69"
                          WIDTH="94"
                          VPOS="2532"
                          HPOS="1693"
                          CONTENT="albus"/>
               </TextLine>
               <TextLine ID="r2l56"
                         BASELINE="2644"
                         HEIGHT="66"
                         WIDTH="710"
                         VPOS="2578"
                         HPOS="1071">
                  <String HEIGHT="66"
                          WIDTH="129"
                          VPOS="2578"
                          HPOS="1058"
                          CONTENT="sortes"/>
                  <SP HEIGHT="66" WIDTH="13" VPOS="2578" HPOS="1187"/>
                  <String HEIGHT="66"
                          WIDTH="90"
                          VPOS="2578"
                          HPOS="1148"
                          CONTENT="est"/>
                  <SP HEIGHT="66" WIDTH="13" VPOS="2578" HPOS="1239"/>
                  <String HEIGHT="66"
                          WIDTH="142"
                          VPOS="2578"
                          HPOS="1200"
                          CONTENT="similis"/>
                  <SP HEIGHT="66" WIDTH="13" VPOS="2578" HPOS="1342"/>
                  <String HEIGHT="66"
                          WIDTH="155"
                          VPOS="2578"
                          HPOS="1303"
                          CONTENT="plationi"/>
                  <SP HEIGHT="66" WIDTH="13" VPOS="2578" HPOS="1458"/>
                  <String HEIGHT="66" WIDTH="77" VPOS="2578" HPOS="1420" CONTENT="de"/>
                  <SP HEIGHT="66" WIDTH="13" VPOS="2578" HPOS="1497"/>
                  <String HEIGHT="66"
                          WIDTH="103"
                          VPOS="2578"
                          HPOS="1458"
                          CONTENT="nouo"/>
                  <SP HEIGHT="66" WIDTH="13" VPOS="2578" HPOS="1562"/>
                  <String HEIGHT="66"
                          WIDTH="103"
                          VPOS="2578"
                          HPOS="1523"
                          CONTENT="sine"/>
                  <SP HEIGHT="66" WIDTH="13" VPOS="2578" HPOS="1626"/>
                  <String HEIGHT="66"
                          WIDTH="103"
                          VPOS="2578"
                          HPOS="1587"
                          CONTENT="omni"/>
                  <SP HEIGHT="66" WIDTH="13" VPOS="2578" HPOS="1691"/>
                  <String HEIGHT="66"
                          WIDTH="142"
                          VPOS="2578"
                          HPOS="1639"
                          CONTENT="mutatione"/>
               </TextLine>
               <TextLine ID="r2l57"
                         BASELINE="2701"
                         HEIGHT="83"
                         WIDTH="717"
                         VPOS="2618"
                         HPOS="1078">
                  <String HEIGHT="83"
                          WIDTH="166"
                          VPOS="2618"
                          HPOS="1065"
                          CONTENT="suiipius."/>
                  <SP HEIGHT="83" WIDTH="13" VPOS="2618" HPOS="1232"/>
                  <String HEIGHT="83" WIDTH="64" VPOS="2618" HPOS="1193" CONTENT=""/>
                  <SP HEIGHT="83" WIDTH="13" VPOS="2618" HPOS="1257"/>
                  <String HEIGHT="83"
                          WIDTH="154"
                          VPOS="2618"
                          HPOS="1219"
                          CONTENT="Preterea"/>
                  <SP HEIGHT="83" WIDTH="13" VPOS="2618" HPOS="1372"/>
                  <String HEIGHT="83" WIDTH="77" VPOS="2618" HPOS="1334" CONTENT="si"/>
                  <SP HEIGHT="83" WIDTH="13" VPOS="2618" HPOS="1411"/>
                  <String HEIGHT="83" WIDTH="77" VPOS="2618" HPOS="1372" CONTENT="ad"/>
                  <SP HEIGHT="83" WIDTH="13" VPOS="2618" HPOS="1449"/>
                  <String HEIGHT="83"
                          WIDTH="179"
                          VPOS="2618"
                          HPOS="1411"
                          CONTENT="relationem"/>
                  <SP HEIGHT="83" WIDTH="13" VPOS="2618" HPOS="1590"/>
                  <String HEIGHT="83"
                          WIDTH="90"
                          VPOS="2618"
                          HPOS="1552"
                          CONTENT="non"/>
                  <SP HEIGHT="83" WIDTH="13" VPOS="2618" HPOS="1641"/>
                  <String HEIGHT="83"
                          WIDTH="115"
                          VPOS="2618"
                          HPOS="1603"
                          CONTENT="esset"/>
                  <SP HEIGHT="83" WIDTH="13" VPOS="2618" HPOS="1718"/>
                  <String HEIGHT="83"
                          WIDTH="128"
                          VPOS="2618"
                          HPOS="1667"
                          CONTENT="relatio."/>
               </TextLine>
            </TextBlock>
         </PrintSpace>
      </Page>
   </Layout>
</alto>
