2279 3076
308 185 89 75 vel
359 185 153 75 intentio
474 185 76 75 in
512 185 127 75 anima.
601 185 102 75 siue
665 185 140 75 dicatur
766 185 102 75 quod
830 185 115 75 talis
894 185 127 75 intentio

297 238 86 57 sit
346 238 160 57 conceptus
469 238 74 57 in
506 238 123 57 anima.
592 238 86 57 aut
641 238 135 57 aliquid
739 238 172 57 subiectiue
874 238 148 57 existens
973 238 49 57 in

302 293 120 45 anima
382 293 107 45 siue
448 293 133 45 tantum
541 293 186 45 obiectiue.
688 293 67 45 ⁋
715 293 80 45 Ad
755 293 120 45 aliud
835 293 107 45 quod
888 293 133 45 accipien

296 326 79 59 do
335 326 185 59 relationem
481 326 92 59 pro
534 326 132 59 aliquo
626 326 106 59 quod
692 326 92 59 non
745 326 92 59 est
798 326 158 59 realiter
917 326 92 59 nec
956 326 53 59 ab

283 367 151 72 solutum
393 367 96 72 nec
448 367 165 72 absoluta
572 367 151 72 relatio
683 367 96 72 non
738 367 96 72 est
793 367 193 72 principium
930 367 83 72 oper

295 415 131 59 rationis
393 415 120 59 realis.
480 415 87 59 quia
534 415 131 59 secundum
632 415 163 59 philosophum
763 415 120 59 relatio
850 415 76 59 non
893 415 76 59 est
926 415 87 59 princi

285 471 100 47 pium
347 471 87 47 nec
397 471 150 47 terminus
509 471 200 47 operationis.
671 471 75 47 et
709 471 100 47 ideo
771 471 100 47 dico
833 471 100 47 quod
883 471 125 47 relatio.

290 511 97 52 non
346 511 139 52 causat
443 511 125 52 illam
527 511 251 52 delectationem.
736 511 97 52 sed
791 511 153 52 extrema
889 511 125 52 causant

294 539 84 65 eam
342 539 84 65 sed
390 539 84 65 non
438 539 132 65 possunt
533 539 84 65 sic
581 539 132 65 causare
677 539 96 65 nisi
737 539 96 65 sint
797 539 96 65 tali
856 539 96 65 modo
904 539 108 65 situata

286 600 86 48 nisi
340 600 129 48 scilicet
437 600 86 48 vnum
491 600 108 48 tantum
567 600 108 48 distet
642 600 65 48 ab
675 600 86 48 alio
729 600 65 48 et
761 600 108 48 tantum
836 600 65 48 ab
869 600 97 48 alio.
933 600 65 48 et
955 600 54 48 sic

284 643 80 60 de
324 643 133 60 aliis.
417 643 80 60 et
457 643 107 60 ideo
524 643 120 60 sicut
604 643 120 60 cause
684 643 133 60 quando
777 643 107 60 sunt
831 643 173 60 approximate

298 684 143 54 possunt
402 684 143 54 causare
506 684 78 54 et
545 684 91 54 non
597 684 143 54 propter
701 684 169 54 additione
831 684 156 54 alicuius
935 684 65 54 rei

289 730 90 53 sic
341 730 90 53 est
392 730 77 53 in
431 730 181 53 proposito.
573 730 65 53 ⁋
599 730 77 53 Ad
638 730 116 53 aliud
715 730 103 53 dico
780 730 103 53 quod
831 730 168 53 praedicamen

287 774 78 58 ta
326 774 91 58 non
378 774 104 58 sunt
443 774 91 58 res
495 774 117 58 extra
573 774 91 58 sed
625 774 104 58 sunt
689 774 143 58 termini
793 774 195 58 importantes
936 774 65 58 res

297 818 117 51 extra.
379 818 70 51 et
414 818 93 51 quia
472 818 140 51 diuersis
577 818 105 51 rebus
647 818 70 51 et
682 818 105 51 etiam
752 818 117 51 eisdem
834 818 128 51 possunt
916 818 93 51 corre-

275 863 197 55 spondere
423 863 181 55 diuersi
554 863 181 55 termini
686 863 115 55 eas
751 863 247 55 diuersimode
932 863 66 55 im

279 909 167 47 portantes.
410 909 95 47 ideo
470 909 83 47 non
517 909 131 47 oportet
613 909 95 47 quod
672 909 83 47 sit
720 909 107 47 tanta
791 909 167 47 distinctio
911 909 83 47 inter

286 952 99 43 res
342 952 198 43 importatas
498 952 141 43 quanta
597 952 99 43 est
653 952 127 43 inter
738 952 169 43 terminos
851 952 155 43 importam-

282 992 88 49 tes
332 992 75 49 et
369 992 100 49 ideo
432 992 138 49 quamuis
532 992 100 49 sint
594 992 88 49 tot
644 992 213 49 praedicamenta
819 992 163 49 distincta
932 992 63 49 non

285 1039 107 53 tamen
357 1039 131 53 oportet
452 1039 95 53 quod
511 1039 83 53 tot
559 1039 155 53 distincte
678 1039 83 53 res
726 1039 214 53 correspondeant
905 1039 95 53 eis.
952 1039 48 53 et

288 1074 96 53 ideo
348 1074 108 53 ista.
420 1074 144 53 opinione
528 1074 84 53 non
576 1074 108 53 negat
649 1074 204 53 distinctionem
805 1074 192 53 praedicamento-

288 1120 100 56 rum.
350 1120 87 56 sed
400 1120 112 56 negat
474 1120 199 56 diuersitatem
636 1120 124 56 talium
723 1120 112 56 rerum
798 1120 124 56 quales
885 1120 100 56 alii
935 1120 62 56 po-

290 1170 94 56 nunt.
352 1170 52 56 ⁋
373 1170 63 56 Et
405 1170 63 56 si
436 1170 115 56 dicatur
520 1170 84 56 quod
573 1170 126 56 secundum
667 1170 84 56 ista
720 1170 84 56 idem
772 1170 126 56 realiter
867 1170 94 56 esset
930 1170 63 56 in
951 1170 52 56 di-

279 1211 124 66 uersis
365 1211 236 66 praedicamentis.
564 1211 99 66 quod
626 1211 87 66 est
676 1211 124 66 contra
762 1211 161 66 principia
886 1211 99 66 ari.
936 1211 62 66 tum

278 1253 86 52 qui
327 1253 148 52 secundum
438 1253 185 52 eummegatiua
586 1253 74 52 in
623 1253 86 52 qua
673 1253 136 52 negatur
772 1253 99 52 vnum
821 1253 173 52 praedicamen-

280 1304 83 55 tum
327 1304 71 55 ab
363 1304 94 55 alio
422 1304 83 55 est
469 1304 165 55 immediata.
599 1304 94 55 quod
658 1304 83 55 non
705 1304 106 55 esset
776 1304 106 55 verum
846 1304 71 55 si
882 1304 94 55 idem
929 1304 59 55 pos

289 1338 76 66 set
332 1338 87 66 esse
387 1338 65 66 in
419 1338 130 66 diuersis
516 1338 205 66 praedicamentis.
689 1338 54 66 ⁋
711 1338 76 66 Tum
754 1338 87 66 quia
808 1338 130 66 secundum
906 1338 76 66 eum
938 1338 54 66 pen

290 1383 249 54 praedicamentis.
499 1383 183 54 Diuersorum
643 1383 144 54 generum
748 1383 79 54 et
787 1383 92 54 non
827 1383 170 54 subalterna-

276 1430 89 57 tim
327 1430 165 57 positorum
454 1430 140 57 diuerse
556 1430 102 57 sunt
620 1430 140 57 species
722 1430 76 57 et
760 1430 140 57 dicere.
862 1430 64 57 ⁋
874 1430 115 57 Respon-

279 1471 81 63 deo
326 1471 92 63 quod
383 1471 127 63 aliquid
475 1471 92 63 esse
533 1471 69 63 in
567 1471 138 63 diuersis
671 1471 207 63 praedicamentis
843 1471 115 63 potest
912 1471 81 63 intel

280 1517 91 63 ligi
337 1517 171 63 duplicitur.
473 1517 80 63 vel
519 1517 125 63 tamquam
610 1517 103 63 illud
679 1517 91 63 quod
736 1517 125 63 recipit
827 1517 80 63 per
873 1517 68 63 se
895 1517 103 63 praedi-

273 1567 145 47 catione
378 1567 185 47 diuersorum
523 1567 277 47 praedicamentorum.
761 1567 119 47 sicut
840 1567 79 47 si
866 1567 132 47 dicerem:

286 1612 92 52 quod
343 1612 103 52 eadem
412 1612 80 52 res
458 1612 80 52 est
504 1612 161 52 substantia
630 1612 69 52 et
665 1612 149 52 qualitas.
780 1612 80 52 Uel
826 1612 126 52 tamquam
906 1612 92 52 impor-

270 1656 112 49 tatum
344 1656 162 49 quocumque
469 1656 100 49 modo
531 1656 87 49 per
581 1656 137 49 diuersa
681 1656 224 49 praedicamenta.
868 1656 87 49 ita
905 1656 75 49 quod

271 1696 98 56 ipsum
336 1696 76 56 vel
380 1696 120 56 aliquid
467 1696 87 56 quod
522 1696 65 56 de
554 1696 87 56 ipso
609 1696 163 56 praedicatur
739 1696 76 56 per
783 1696 65 56 se
816 1696 120 56 ponitur
903 1696 65 56 in
925 1696 65 56 dif-

273 1735 152 64 finitione
390 1735 163 64 exprimente
518 1735 93 64 quid
577 1735 128 64 nominis
670 1735 117 64 ipsius
752 1735 210 64 praedicamenti.
915 1735 70 64 quia

262 1770 116 66 talem
339 1770 219 66 diffinitionem
520 1770 90 66 non
571 1770 90 66 est
623 1770 206 66 inconueniens
777 1770 206 66 praedicamentum

266 1822 131 61 habere.
362 1822 107 61 Primo
433 1822 95 61 modo
493 1822 179 61 impossibile
636 1822 84 61 est
684 1822 131 61 aliquod
779 1822 95 61 esse
839 1822 72 61 in
863 1822 119 61 diuersis

270 1867 238 55 praedicamentis.
470 1867 75 55 et
507 1867 100 55 ideo
570 1867 150 55 negatiua
682 1867 88 55 est
732 1867 163 55 immediata
857 1867 75 55 in
895 1867 88 55 qua
932 1867 50 55 ne

280 1909 109 60 gatur
353 1909 97 60 vnum
413 1909 219 60 praedicamentum
596 1909 73 60 ab
632 1909 97 60 alio
693 1909 134 60 Secundo
790 1909 97 60 modo
850 1909 85 60 est
887 1909 97 60 incoue

265 1957 99 56 niens
331 1957 88 56 idem
386 1957 88 56 esse
441 1957 66 56 in
474 1957 132 56 diuersis
573 1957 198 56 praedicamentur
739 1957 66 56 et
772 1957 99 56 tamen
838 1957 77 56 cum
882 1957 77 56 hoc
915 1957 66 56 stat

266 2005 101 60 quod
330 2005 114 60 talis
405 2005 152 60 negativa
519 2005 88 60 sit
570 2005 164 60 immediata
696 2005 101 60 quia
759 2005 139 60 neutrum
848 2005 126 60 extremum

279 2038 147 65 praedicatur
397 2038 49 65 d
417 2038 79 65 illo
466 2038 79 65 quod
515 2038 108 65 dicitur
594 2038 98 65 falnli
662 2038 79 65 modo
712 2038 79 65 esse
761 2038 59 65 in
790 2038 108 65 talibus
859 2038 118 65 praedicame

274 2092 87 55 tis.
328 2092 65 55 et
361 2092 76 55 hoc
404 2092 152 55 aliquando.
524 2092 141 55 Aliquando
633 2092 98 55 tamen
698 2092 87 55 vnum
752 2092 130 55 extremum
850 2092 65 55 et
882 2092 98 55 aliud
937 2092 43 55 ex

263 2134 122 56 tremum
348 2134 184 56 praedicatur
495 2134 135 56 quamuis
593 2134 159 56 concretum
716 2134 147 56 alterius
826 2134 135 56 extremi
912 2134 73 56 pri-

267 2172 118 55 dicetur.
355 2172 88 55 sicut
414 2172 69 55 hoc
454 2172 69 55 est
493 2172 88 55 vera.
552 2172 88 55 nulla
610 2172 137 55 substantia
718 2172 69 55 est
757 2172 118 55 qualitas
846 2172 59 55 et
875 2172 88 55 tamen
924 2172 59 55 haec

266 2214 75 68 est
309 2214 86 68 vera
363 2214 108 68 aliqua
439 2214 151 68 substantia
557 2214 75 68 est
601 2214 119 68 qualis.
687 2214 54 68 ⁋
708 2214 65 68 Ad
741 2214 97 68 aliud
805 2214 119 68 dicitur
892 2214 86 68 quod
935 2214 43 68 ge

255 2262 117 65 nerum
333 2262 169 65 habentium
464 2262 143 65 species
568 2262 78 65 et
607 2262 209 65 differentias
776 2262 91 65 non
816 2262 156 65 subalterna

261 2308 90 61 tim
313 2308 167 61 positorum
441 2308 141 61 diuerse
544 2308 103 61 sunt
608 2308 141 61 species
710 2308 77 61 et
749 2308 205 61 differentie.
903 2308 77 61 gene

258 2351 84 60 rum
306 2351 108 60 autem
378 2351 84 60 non
426 2351 156 60 habentium
547 2351 193 60 differentias
703 2351 181 60 essentiales
848 2351 84 60 sed
884 2351 96 60 tantum

261 2397 117 53 species
346 2397 117 53 diuerse
431 2397 85 53 sunt
484 2397 127 53 species.
580 2397 64 53 et
612 2397 85 53 ideo
665 2397 96 53 sicut
728 2397 85 53 idem
781 2397 106 53 potest
856 2397 85 53 esse
909 2397 64 53 in
930 2397 53 53 di-

267 2444 121 51 uersis
352 2444 218 51 praedicamentis
534 2444 133 51 secundo
631 2444 97 51 modo
691 2444 73 51 et
728 2444 85 51 non
776 2444 109 51 primo
849 2444 109 51 modo.
909 2444 61 51 ita

259 2485 87 62 idem
313 2485 108 62 potest
389 2485 87 62 esse
443 2485 65 62 in
476 2485 130 62 diuersis
573 2485 141 62 speciebus
682 2485 119 62 secundo
768 2485 87 62 modo
822 2485 76 62 sed
866 2485 76 62 non
898 2485 76 62 primo

256 2525 120 67 modo.
336 2525 80 67 et
376 2525 107 67 ideo
442 2525 200 67 vniformiter
602 2525 160 67 dicendum
723 2525 93 67 est
776 2525 147 67 quantum
883 2525 80 67 ad
909 2525 67 67 hoc

257 2571 77 83 de
296 2571 167 83 speciebus
424 2571 77 83 et
463 2571 77 83 de
501 2571 244 83 praedicamentis.
707 2571 77 83 Et
746 2571 103 83 ista
810 2571 90 83 est
848 2571 129 83 intentio

1108 195 163 84 philosophi.
1238 195 108 84 quando
1314 195 98 84 dicit
1379 195 87 84 quod
1434 195 98 84 actio
1499 195 65 84 et
1531 195 108 84 passio
1607 195 87 84 sunt
1661 195 87 84 vnus
1716 195 108 84 motus.
1781 195 54 84 hoc

1112 260 93 60 est.
1171 260 105 60 nihil
1241 260 163 60 importatur
1369 260 82 60 per
1415 260 140 60 actionem
1520 260 93 60 quae
1578 260 58 60 n
1602 260 163 60 importetur
1730 260 82 60 per
1765 260 58 60 pas

1107 296 105 63 sionem
1181 296 63 63 et
1213 296 147 63 econuerso:
1328 296 116 63 quamuis
1413 296 105 63 aliter
1486 296 63 63 et
1518 296 116 63 aliter.
1602 296 84 63 quia
1655 296 84 63 illa
1707 296 74 63 est
1739 296 84 63 diffi-

1100 341 123 66 nitio
1182 341 177 66 exprimens
1318 341 109 66 quid
1386 341 150 66 nominis
1495 341 123 66 vnius
1577 341 82 66 et
1618 341 109 66 alia
1672 341 150 66 alterius.

1111 378 120 78 Utrum
1191 378 120 78 tamen
1271 378 80 78 de
1311 378 147 78 virtute
1417 378 160 78 sermonis
1537 378 133 78 debeat
1630 378 160 78 concedi:
1737 378 80 78 quod

1107 432 120 66 actio
1187 432 80 66 et
1227 432 133 66 passio
1320 432 107 66 sunt
1387 432 107 66 idem
1453 432 120 66 motus
1533 432 93 66 vel
1586 432 107 66 non.
1653 432 120 66 vsque
1720 432 93 66 alias

1111 477 172 69 differatur
1246 477 61 69 ⁋
1270 477 74 69 Ad
1307 477 111 69 aliud
1381 477 98 69 dico
1442 477 98 69 quod
1504 477 86 69 non
1553 477 123 69 semper
1639 477 172 69 diuersorum
1762 477 49 69 ge

1097 521 118 60 nerum
1176 521 105 60 sunt
1241 521 145 60 diuersa
1347 521 158 60 contenta
1465 521 145 60 realia.
1570 521 145 60 quamuis
1675 521 92 60 hoc
1728 521 92 60 sit
1767 521 53 60 ve

1095 553 85 75 rum
1143 553 73 75 de
1180 553 157 75 generibus
1300 553 121 75 quorum
1385 553 157 75 quodlibet
1506 553 181 75 praedicatur
1651 553 85 75 per
1699 553 73 75 se
1735 553 73 75 et
1760 553 48 75 in

1107 595 94 71 quid
1166 595 71 71 de
1202 595 118 71 aliqua
1284 595 83 71 vna
1332 595 83 71 re.
1379 595 94 71 quod
1438 595 83 71 non
1485 595 83 71 est
1532 595 106 71 verum
1603 595 83 71 de.
1650 595 94 71 vii.
1698 595 106 71 generib

1090 655 79 61 in
1129 655 172 61 abstracto
1262 655 172 61 acceptis.
1394 655 66 61 ⁋
1421 655 79 61 Et
1461 655 79 61 si
1500 655 159 61 dicatur:
1619 655 106 61 quod
1672 655 146 61 quaelibet

1092 696 135 73 species
1190 696 110 73 habet
1263 696 135 73 aliquod
1362 696 172 73 indiuiduum
1497 696 98 73 quod
1558 696 86 73 est
1607 696 98 73 vnum
1668 696 135 73 numero.
1766 696 61 73 ⁋
1779 696 61 73 Di-

1093 742 60 62 co
1123 742 81 62 quod
1174 742 121 62 secundum
1264 742 151 62 intentionem
1385 742 141 62 philosophi
1496 742 71 62 hoc
1536 742 71 62 non
1576 742 71 62 est
1617 742 101 62 verum.
1687 742 111 62 quamuis
1758 742 50 62 hoc

1089 784 85 64 sit
1137 784 109 64 verum
1210 784 73 64 de
1247 784 97 64 omni
1307 784 121 64 specie
1392 784 194 64 praedicabili
1550 784 73 64 de
1586 784 73 64 re
1623 784 97 64 vna.
1684 784 85 64 sed
1732 784 73 64 de
1756 784 61 64 re-

1096 822 128 76 latiuis
1190 822 93 76 siue
1248 822 187 76 connotatiuis
1400 822 82 76 non
1446 822 82 76 est
1493 822 198 76 vniversaliter
1656 822 117 76 verum.
1738 822 58 76 ⁋
1761 822 70 76 Ad

1087 872 122 61 aliud
1169 872 108 61 dico
1236 872 108 61 quod
1304 872 122 61 modus
1385 872 217 61 significandi
1561 872 149 61 illorum
1656 872 149 61 similitum

1089 918 89 54 do
1134 918 89 54 et
1178 918 192 54 equalitas
1326 918 133 54 magis
1415 918 178 54 conuenit
1548 918 118 54 quam
1622 918 133 54 modus
1696 918 118 54 signi-

1093 955 153 64 ficandi
1205 955 237 64 similitudinis
1400 955 84 64 et
1442 955 209 64 relationis.
1609 955 112 64 modo
1665 955 139 64 potentie

1087 995 91 72 non
1139 995 117 72 tamen
1217 995 91 72 res
1269 995 169 72 importate
1399 995 104 72 plus
1463 995 182 72 conueniunt
1606 995 143 72 semper.
1710 995 78 72 Et
1736 995 78 72 ideo

1092 1054 139 58 propter
1193 1054 88 58 hoc
1244 1054 114 58 ponit
1320 1054 189 58 philosophus
1471 1054 114 58 illas
1547 1054 177 58 relationes
1673 1054 126 58 alterius

1090 1099 123 55 modi.
1172 1099 68 55 ⁋
1200 1099 82 55 Ad
1240 1099 150 55 vltimum
1350 1099 109 55 dico
1418 1099 109 55 quod
1486 1099 96 55 per
1541 1099 82 55 se
1582 1099 164 55 contenta
1704 1099 96 55 sub
1745 1099 55 55 di

1089 1138 149 56 uisione
1198 1138 122 56 prima
1280 1138 136 56 quando
1375 1138 109 56 sunt
1442 1138 95 56 res
1497 1138 109 56 plus
1565 1138 244 56 distinguuntur.
1755 1138 54 56 et

1092 1180 112 71 etiam
1166 1180 75 71 si
1204 1180 87 71 non
1253 1180 100 71 sunt
1316 1180 87 71 res
1366 1180 149 71 sufficit
1478 1180 100 71 quod
1540 1180 87 71 ita
1590 1180 100 71 vere
1652 1180 137 71 negetur
1739 1180 75 71 vnum

1091 1226 171 61 extremum
1219 1226 85 61 ab
1261 1226 114 61 alio
1333 1226 128 61 sicut
1418 1226 85 61 in
1461 1226 114 61 vera
1532 1226 199 61 diuisione.
1688 1226 100 61 vel
1731 1226 71 61 ma-

1085 1260 109 76 gis.
1153 1260 81 76 et
1194 1260 95 76 ita
1248 1260 95 76 est
1303 1260 81 76 in
1343 1260 177 76 proposito
1479 1260 217 76 concedendum.
1656 1260 68 76 ⁋
1683 1260 81 76 Ad
1710 1260 95 76 argu-

1088 1311 129 65 mentum
1179 1311 181 65 principale
1321 1311 104 65 dico
1386 1311 117 65 sicut
1463 1311 117 65 patet
1541 1311 91 65 per
1593 1311 129 65 comme.
1684 1311 78 65 v.
1709 1311 104 65 metha.

1085 1362 98 56 ari.
1146 1362 86 56 non
1195 1362 123 56 tantum
1281 1362 135 56 tractat
1379 1362 74 56 de
1416 1362 123 56 rebus.
1502 1362 86 56 sed
1551 1362 110 56 etiam
1625 1362 135 56 tractat
1723 1362 74 56 de
1748 1362 61 56 di-

1080 1399 195 66 stinctione
1233 1399 153 66 nominum
1345 1399 84 66 et
1387 1399 112 66 ideo
1456 1399 139 66 potest
1554 1399 112 66 bene
1624 1399 181 66 tractrare
1749 1399 56 66 de

1086 1449 191 76 relatione
1233 1449 161 76 ponendo
1350 1449 176 76 diuersos
1482 1449 132 76 modos
1570 1449 147 76 ipsius
1658 1449 147 76 relatio.

1064 1483 194 65 nis.
1185 1483 267 65 Questio
1355 1483 219 65 quarta.

1293 1533 348 110 iarto
1487 1533 270 110 quero

1308 1619 103 69 Utrum
1376 1619 137 69 secundum
1479 1619 80 69 rei
1524 1619 137 69 veritate
1627 1619 160 69 quiecumque
1741 1619 57 69 fue

1301 1663 84 67 rit
1349 1663 143 67 intentio
1456 1663 167 67 philosophi
1588 1663 155 67 respectus
1695 1663 96 67 debeat

1300 1709 113 66 poni
1370 1709 184 66 distingui
1512 1709 71 66 a
1540 1709 127 66 parte
1625 1709 99 66 rei
1681 1709 85 66 ab
1709 1709 85 66 abso

1065 1731 57 80 ⁋
1087 1731 102 80 futis
1155 1731 57 80 ⁋
1178 1731 91 80 Quod
1235 1731 91 80 non.
1292 1731 91 80 quia
1348 1731 125 80 frustra
1439 1731 79 80 fit
1484 1731 79 80 per
1530 1731 102 80 plura
1598 1731 91 80 quod
1655 1731 113 80 potest
1723 1731 79 80 fieri

1072 1806 93 57 per
1125 1806 173 57 pauciora.
1258 1806 93 57 sed
1311 1806 120 57 omnia
1391 1806 160 57 possumus
1511 1806 146 57 saluare
1617 1806 106 57 sine
1670 1806 120 57 talibus

1074 1844 134 64 rebus
1164 1844 104 64 que
1223 1844 179 64 possumus
1357 1844 164 64 saluare
1477 1844 104 64 per
1536 1844 119 64 eas.
1611 1844 134 64 sicut
1686 1844 104 64 patet

1069 1874 83 65 in
1111 1874 263 65 praecedentibus.
1333 1874 83 65 q.
1374 1874 111 65 ergo
1443 1874 152 65 frustra
1554 1874 208 65 ponerentur.
1721 1874 69 65 ⁋
1735 1874 55 65 Ad

1083 1924 203 63 oppositum.
1243 1924 203 63 paternitas
1403 1924 102 63 est
1461 1924 87 63 in
1505 1924 102 63 deo
1563 1924 73 63 a
1592 1924 102 63 non
1650 1924 102 63 est
1693 1924 102 63 forma

1085 1973 111 61 iter
1154 1973 180 61 essentia.
1292 1973 83 61 et
1334 1973 193 61 manifestum
1486 1973 97 61 est
1541 1973 221 61 paternitatem
1707 1973 83 61 esse

1076 2015 193 67 relationem.
1231 2015 103 67 ergo
1295 2015 103 67 etc.
1359 2015 64 67 ⁋
1385 2015 77 67 Ad
1424 2015 116 67 istam
1501 2015 180 67 questionem
1642 2015 116 67 teneo
1707 2015 77 67 pro-

1076 2061 106 62 pter
1142 2061 119 62 dicta
1221 2061 172 62 sanctorum
1353 2061 106 62 quod
1419 2061 185 62 paternitas
1564 2061 106 62 vere
1631 2061 79 62 et
1657 2061 132 62 realiter

1072 2098 92 64 est
1124 2098 79 64 in
1164 2098 105 64 deo.
1229 2098 79 64 et
1269 2098 105 64 quod
1334 2098 184 64 paternitas
1478 2098 92 64 non
1531 2098 92 64 est
1583 2098 184 64 formaliter
1714 2098 79 64 diui

1079 2148 85 67 na
1121 2148 184 67 essentia.
1262 2148 127 67 sicut
1347 2148 198 67 declaratum
1503 2148 99 67 est
1559 2148 226 67 distinctione
1729 2148 56 67 se

1074 2193 118 61 cunda.
1157 2193 94 61 quia
1215 2193 141 61 secundum
1321 2193 118 61 beatum
1404 2193 176 61 augustinum.
1545 2193 106 61 pater
1615 2193 82 61 non
1662 2193 82 61 est
1709 2193 71 61 eo
1733 2193 47 61 pa

1072 2232 93 69 ter
1125 2232 93 69 quo
1178 2232 119 69 deus.
1257 2232 80 69 et
1297 2232 186 69 manifestum
1443 2232 93 69 est
1496 2232 106 69 quod
1563 2232 159 69 loquitur
1682 2232 80 69 de
1708 2232 80 69 illo

1075 2282 68 61 a
1103 2282 123 61 parte
1185 2282 96 61 rei
1239 2282 96 61 quo
1294 2282 164 61 realiter
1417 2282 123 61 pater
1498 2282 96 61 est
1553 2282 123 61 deus.
1635 2282 82 61 et
1676 2282 96 61 quo
1717 2282 68 61 re-

1065 2314 116 67 aliter
1147 2314 105 67 pater
1216 2314 81 67 est
1263 2314 116 67 pater.
1344 2314 70 67 et
1379 2314 81 67 ita
1426 2314 81 67 non
1472 2314 116 67 potest
1554 2314 81 67 hoc
1600 2314 128 67 saluari
1681 2314 105 67 propter

1071 2361 237 68 distinctionem
1266 2361 209 68 terminorum.
1434 2361 139 68 maxime
1531 2361 112 68 quia
1601 2361 125 68 talis
1670 2361 112 68 disti-

1064 2415 105 65 ctio
1129 2415 183 65 terminorum
1273 2415 144 65 numquam
1378 2415 157 65 sufficit
1496 2415 92 65 vbi
1548 2415 92 65 est
1601 2415 144 65 omimoda
1692 2415 92 65 idem-

1063 2462 103 62 titas
1131 2462 57 62 a
1154 2462 103 62 parte
1223 2462 92 62 rei.
1280 2462 103 62 sicut
1349 2462 80 62 est
1395 2462 103 62 prius
1463 2462 172 62 declaratum.
1601 2462 69 62 et
1635 2462 92 62 ideo
1692 2462 69 62 in
1715 2462 69 62 crea

1058 2497 119 63 turis
1137 2497 145 63 numquam
1242 2497 132 63 posset
1335 2497 105 63 poni
1401 2497 145 63 relatio
1506 2497 185 63 distinctum
1638 2497 145 63 praedica-

1070 2546 132 58 mentum
1162 2546 79 58 ab
1202 2546 172 58 absolutis
1334 2546 106 58 nisi
1400 2546 66 58 a
1427 2546 119 58 parte
1506 2546 93 58 rei
1559 2546 132 58 essent
1652 2546 119 58 plura
1718 2546 66 58 di-

1068 2585 123 73 stincta
1157 2585 145 73 realiter.
1269 2585 90 73 ergo
1325 2585 123 73 oportet
1415 2585 90 73 quod
1471 2585 56 73 a
1493 2585 101 73 parte
1560 2585 78 73 rei
1605 2585 67 73 in
1639 2585 123 73 diuinis
1717 2585 67 73 sint
