2302 3094
307 215 129 58 sona.
393 215 72 58 ⁋
421 215 158 58 Quantum
536 215 86 58 ad
579 215 172 58 secundam
708 215 244 58 difficultatem
909 215 86 58 de
938 215 86 58 vni-

300 269 108 55 one
361 269 154 55 nature
469 269 154 55 humane
577 269 92 55 ad
623 269 154 55 verbum
731 269 185 55 dicerent
869 269 139 55 forte
946 269 77 55 ali

311 313 91 52 qui.
368 313 91 52 quod
424 313 102 52 sicut
493 313 137 52 secundum
595 313 102 52 alios
663 313 125 52 propter
754 313 102 52 solum
823 313 148 52 respectum
925 313 91 52 infor-

307 357 109 51 mante
379 357 133 51 naturam
476 357 133 51 humanam
572 357 121 51 potest
657 357 97 51 dici
717 357 97 51 quod
778 357 97 51 deus
838 357 84 51 est
886 357 109 51 homo.
947 357 60 51 ita

293 396 122 64 forte
375 396 163 64 dicerent
497 396 109 64 quod
565 396 150 64 propter
674 396 150 64 aliquam
783 396 136 64 formam
864 396 150 64 absolutam

290 446 120 45 multo
370 446 201 45 perfectiore
530 446 107 45 quam
597 446 120 45 foret
678 446 120 45 talis
758 446 174 45 respectus
892 446 80 45 et
918 446 94 45 multo

288 485 135 43 magis
378 485 224 43 conueniente
557 485 105 43 cum
617 485 150 43 diuina
722 485 150 43 natura
812 485 194 43 informantem

296 532 153 46 naturam
407 532 153 46 humanam
519 532 139 46 posset
616 532 111 46 deus
686 532 111 46 dici
755 532 111 46 esse
825 532 111 46 homo
881 532 125 46 veracit

285 570 75 60 et
323 570 88 60 hoc
373 570 88 60 non
423 570 113 60 esset
499 570 113 60 aliud
574 570 100 60 quam
637 570 125 60 dicere
724 570 100 60 quod
787 570 125 60 humana
875 570 125 60 natura
950 570 63 60 est

285 620 134 56 vnita
374 620 134 56 verbo
463 620 104 56 vel
523 620 104 56 deo
582 620 74 56 ⁋
612 620 104 56 Sed
671 620 89 56 de
716 620 149 56 duabus
820 620 134 56 aliis
894 620 119 56 diffi-

293 660 187 60 cultatibus
440 660 120 60 esset
520 660 120 60 forte
600 660 120 60 magis
681 660 187 60 difficile.
828 660 107 60 nisi
895 660 107 60 quis
948 660 67 60 di-

297 709 107 54 ceret
368 709 95 54 quod
427 709 95 54 deus
487 709 83 54 non
534 709 119 54 posset
617 709 119 54 facere
700 709 119 54 formam
783 709 95 54 esse
842 709 166 54 praesentem
961 709 59 54 in-

287 753 124 57 time
364 753 185 57 inaterie
503 753 124 57 nisi
580 753 216 57 informaret
750 753 108 57 eam
812 753 108 57 nec
858 753 155 57 accidens

296 798 103 47 esse
361 798 168 47 totaliter
490 798 78 47 in
529 798 116 47 eodem
606 798 103 47 loco
671 798 90 47 cum
723 798 155 47 subiecto
839 798 103 47 nisi
891 798 116 47 informa

289 842 75 47 ret
332 842 107 47 ipsum.
407 842 54 47 ⁋
429 842 75 47 Sed
471 842 161 47 conrodictam
600 842 129 47 opinione
696 842 129 47 probatur
793 842 86 47 quod
846 842 96 47 etiam
911 842 96 47 omnes
964 842 43 47 re

283 879 175 62 lationes
415 879 146 62 dicunt
517 879 204 62 accidentia
677 879 131 62 talia
765 879 219 62 informantia
925 879 88 62 vni-

282 930 81 44 ta
322 930 135 44 quibus
416 930 175 44 competunt
551 930 94 44 per
605 930 135 44 beatum
699 930 202 44 augustinum.
861 930 81 44 v.
901 930 81 44 de
928 930 81 44 tri.

289 976 81 53 ca.
336 976 69 53 v.
370 976 69 53 In
405 976 104 53 rebus
474 976 127 53 creatis
566 976 92 53 quod
624 976 81 53 non
670 976 138 53 secundum
774 976 173 53 substantiam
901 976 104 53 dicitur

292 1018 112 57 restat
370 1018 67 57 vt
404 1018 134 57 secundum
504 1018 134 57 accidens
605 1018 134 57 dicatur.
706 1018 90 57 ergo
762 1018 123 57 relatio
851 1018 78 57 est
885 1018 112 57 accidens

286 1053 70 62 in
321 1053 151 62 creatura.
437 1053 70 62 et
472 1053 81 62 hoc
519 1053 81 62 est
565 1053 116 62 certum
647 1053 70 62 de
681 1053 151 62 relatione
798 1053 93 62 quae
856 1053 116 62 potest
925 1053 70 62 amit

264 1096 89 64 ti
309 1096 163 64 manente
427 1096 208 64 fundamento
591 1096 74 64 ⁋
620 1096 119 64 Item
694 1096 148 64 ambro.
798 1096 89 64 i.
843 1096 119 64 tri.
917 1096 89 64 c.
947 1096 59 64 v.

273 1140 76 56 si
311 1140 114 56 prius
388 1140 102 56 erat
451 1140 102 56 deus
515 1140 76 56 et
553 1140 127 56 postea
642 1140 89 56 pri
693 1140 203 56 generationis
845 1140 153 56 accessione

287 1192 142 54 mutatus
390 1192 103 54 est.
454 1192 142 54 Auertat
557 1192 103 54 deus
622 1192 103 54 hanc
686 1192 167 54 amentiam.
815 1192 103 54 ergo
879 1192 90 54 per
918 1192 90 54 solum

276 1235 205 57 accessionem
441 1235 205 57 relationis.
605 1235 137 57 realis
701 1235 137 57 fieret
797 1235 151 57 mutatio
906 1235 82 57 in
934 1235 68 57 per

281 1271 98 65 sona
342 1271 123 65 diuina
428 1271 147 65 secundum
538 1271 98 65 eum.
599 1271 86 65 hoc
649 1271 86 65 non
698 1271 110 65 esset
771 1271 98 65 nisi
832 1271 98 65 illa
881 1271 123 65 relatio.

279 1322 130 58 esset
365 1322 145 58 aliqua
467 1322 101 58 res
525 1322 116 58 alia
597 1322 72 58 a
626 1322 217 58 fundamento.
799 1322 116 58 quia
857 1322 145 58 fundamen

279 1356 88 68 tum
330 1356 188 68 praexistit.
480 1356 63 68 ⁋
505 1356 88 68 Ite
555 1356 125 68 hilis:
642 1356 113 68 patet
717 1356 75 68 de
755 1356 100 68 tri.
817 1356 113 68 Nasci
892 1356 100 68 quod
942 1356 63 68 non

277 1412 109 47 erat.
349 1412 85 47 iam
398 1412 85 47 non
446 1412 121 47 tantum
531 1412 109 47 nasci
603 1412 85 47 est
652 1412 85 47 sed
700 1412 133 47 seipsum
797 1412 145 47 demutare
893 1412 109 47 nascen-

284 1447 75 66 do
322 1447 75 66 et
360 1447 151 66 loquitur
473 1447 75 66 de
510 1447 176 66 natiuitate
649 1447 113 66 filii
724 1447 100 66 dei.
787 1447 100 66 ergo
849 1447 113 66 nasci
912 1447 88 66 dicit

273 1502 185 52 relationem
418 1502 132 52 nouam.
510 1502 66 52 ⁋
537 1502 79 52 Ad
576 1502 132 52 primum
669 1502 145 52 istorum
775 1502 79 52 et
814 1502 79 52 ad
854 1502 119 52 omnia
920 1502 79 52 ista

273 1542 104 58 dico
338 1542 104 58 quod
403 1542 129 58 quando
493 1542 142 58 relatio
597 1542 129 58 potest
687 1542 155 58 aduenire
804 1542 129 58 alicui
881 1542 117 58 propter

269 1587 180 45 mutationem
410 1587 77 45 in
449 1587 141 45 altero.
552 1587 116 45 sicut
629 1587 128 45 creans
718 1587 128 45 potest
808 1587 180 45 praedicari
937 1587 51 45 de

259 1624 97 54 deo
314 1624 83 54 de
356 1624 111 54 nouo
425 1624 152 54 propter
536 1624 124 54 solam
619 1624 180 54 mutatione
757 1624 83 54 in
798 1624 166 54 creatura
909 1624 83 54 tunc

279 1667 90 68 emper
339 1667 90 68 talis
399 1667 110 68 relatio
479 1667 110 68 dicitur
559 1667 110 68 secundu
639 1667 130 68 accidens.
738 1667 70 68 hoc
778 1667 70 68 est
818 1667 120 68 competit
908 1667 80 68 illi
948 1667 50 68 cui

269 1719 159 42 competit
388 1719 146 42 propter
494 1719 225 42 mutabilitatem
679 1719 132 42 illius
772 1719 93 42 cui
825 1719 172 42 competit.
944 1719 53 42 et

271 1755 97 59 hoc
327 1755 153 59 proptet
438 1755 237 59 mutabilitatem
633 1755 125 59 large
717 1755 97 59 vel
772 1755 153 59 stricte
870 1755 125 59 sumptam

272 1803 79 56 et
311 1803 106 56 illo
377 1803 106 56 modo
443 1803 185 56 intelligit
588 1803 198 56 augustinus.
747 1803 92 56 ve.
799 1803 79 56 de
839 1803 106 56 tri.
905 1803 66 56 ⁋
918 1803 66 56 Per

260 1845 97 61 idem
321 1845 73 61 ad
357 1845 109 61 aliud
430 1845 97 61 quod
491 1845 85 61 cum
539 1845 85 61 sed
588 1845 109 61 amub.
661 1845 109 61 pater
734 1845 85 61 non
783 1845 122 61 possit
855 1845 122 61 incipere

265 1886 92 64 esse
322 1886 103 64 pater
391 1886 126 64 propter
482 1886 160 64 mutationem
608 1886 137 64 alicuius
711 1886 172 64 extrinseci.
849 1886 115 64 portet
917 1886 69 64 quod

258 1927 161 65 incipinat
382 1927 99 65 esse
444 1927 112 65 pater
518 1927 136 65 propter
617 1927 174 65 mutationem
753 1927 149 65 alicuius
853 1927 136 65 intrinse-

261 1983 89 47 ci.
312 1983 64 47 ⁋
338 1983 76 47 Ad
376 1983 127 47 hilis.
465 1983 102 47 quod
529 1983 115 47 nasci
605 1983 102 47 quod
669 1983 89 47 non
719 1983 102 47 erat
783 1983 178 47 necessario
910 1983 64 47 di-

270 2018 85 61 cit
318 2018 157 61 nouitatem
439 2018 97 61 nati
500 2018 133 61 quantum
596 2018 73 61 ad
633 2018 193 61 substantiam.
790 2018 97 61 quia
850 2018 109 61 illud
910 2018 73 61 quod

260 2056 95 59 prius
324 2056 127 59 secundum
419 2056 158 59 substantiam
546 2056 84 59 suam
598 2056 84 59 erat
651 2056 74 59 non
693 2056 116 59 dicitur
778 2056 106 59 nasci.
852 2056 63 59 et
883 2056 74 59 ita
915 2056 74 59 talis

260 2113 104 46 noua
325 2113 196 46 denominatio
482 2113 91 46 non
534 2113 131 46 potest
625 2113 104 46 esse
691 2113 104 46 sine
756 2113 157 46 nouitate
860 2113 131 46 substam-

255 2155 95 46 tie.
314 2155 71 46 et
350 2155 107 46 tamen
421 2155 71 46 ex
457 2155 83 46 hoc
504 2155 83 46 non
552 2155 142 46 sequitur
659 2155 95 46 quod
718 2155 95 46 illa
777 2155 95 46 noua
825 2155 154 46 denominatio

260 2194 94 55 sit
313 2194 135 55 aliqua
408 2194 94 55 res
462 2194 108 55 noua
529 2194 81 55 in
570 2194 108 55 ista
637 2194 189 55 substantia
785 2194 81 55 et
826 2194 121 55 eodem
893 2194 81 55 modo

262 2243 97 53 est
318 2243 84 53 de
360 2243 195 53 relatione.
513 2243 70 53 ⁋
540 2243 84 53 Ad
582 2243 195 53 argumentum
735 2243 195 53 principale
875 2243 97 53 patet

273 2275 99 69 quod
334 2275 87 69 non
384 2275 148 69 possumus
495 2275 136 69 saluare
594 2275 111 69 omnia
668 2275 99 69 sine
730 2275 136 69 omnibus
816 2275 161 69 respectibus

261 2336 111 48 tamen
335 2336 99 48 sine
396 2336 99 48 omni
458 2336 160 48 relatione
581 2336 99 48 quae
642 2336 135 48 ponitur
741 2336 74 48 de
778 2336 123 48 genere
852 2336 123 48 relatio.

259 2373 97 61 nis.
319 2373 73 61 et
356 2373 97 61 sine
416 2373 97 61 omni
477 2373 133 61 actione
574 2373 73 61 et
610 2373 145 61 passione
719 2373 109 61 tali.
792 2373 73 61 et
828 2373 97 61 sine
877 2373 109 61 quando.

269 2417 103 49 vbi.
333 2417 180 49 positione.
475 2417 77 49 et
513 2417 141 49 habitu:
616 2417 154 49 possumus
732 2417 141 49 saluare
835 2417 129 49 omnia.
912 2417 64 49 non

255 2452 121 60 tamen
335 2452 107 60 sine
402 2452 201 60 paternitate
563 2452 80 60 in
603 2452 107 60 deo.
670 2452 94 60 nec
723 2452 107 60 sine
790 2452 161 60 respectu
898 2452 80 60 vni-

255 2508 132 49 onis.
344 2508 74 49 ⁋
373 2508 88 49 Ad
417 2508 206 49 argumentum
579 2508 88 49 in
623 2508 191 49 oppositum
770 2508 118 49 dico
844 2508 118 49 quod
902 2508 74 49 non

262 2549 144 62 sequitur.
373 2549 78 62 ita
417 2549 78 62 est
461 2549 133 62 ponendum
561 2549 66 62 in
594 2549 89 62 deo.
650 2549 89 62 ergo
705 2549 78 62 ita
749 2549 78 62 est
794 2549 133 62 ponendum
893 2549 66 62 in
916 2549 66 62 cre-

251 2598 149 67 atura.
356 2598 105 67 Nec
415 2598 164 67 debemus
535 2598 134 67 omnia
625 2598 149 67 ponere
729 2598 90 67 in
774 2598 179 67 creatura
893 2598 90 67 quae

1099 218 156 61 ponimus
1212 218 85 61 in
1255 218 114 61 deo.
1326 218 99 61 sic
1383 218 114 61 enim
1454 218 185 61 deberemus
1596 218 142 61 ponere
1695 218 114 61 quod
1752 218 71 61 re-

1103 270 118 52 latio
1182 270 92 52 est
1234 270 105 52 vera
1300 270 92 52 res
1353 270 79 52 in
1392 270 158 52 creatura
1510 270 79 52 et
1550 270 131 52 tantum
1642 270 171 52 distincta
1760 270 66 52 for

1099 314 157 49 maliter
1213 314 128 49 sicut
1298 314 157 49 ponimus
1412 314 86 49 in
1455 314 114 49 deo.
1527 314 86 49 et
1569 314 128 49 eodem
1655 314 114 49 modo
1712 314 114 49 debere

1097 363 130 43 remus
1183 363 145 43 ponere
1285 363 116 43 quod
1357 363 130 43 sicut
1444 363 87 43 in
1487 363 101 43 deo
1545 363 116 43 tres
1618 363 203 43 relationes
1763 363 72 43 rea

1096 404 132 55 liter
1184 404 191 55 distincte
1331 404 117 55 sunt
1404 404 103 55 vna
1463 404 191 55 essentia:
1610 404 103 55 ita
1669 404 88 55 in
1698 404 132 55 creatu-

1099 451 98 45 ris
1155 451 126 45 omnes
1239 451 196 45 relationes
1393 451 84 45 in
1435 451 126 45 eodem
1518 451 210 45 fundammento
1686 451 112 45 sunt
1742 451 84 45 rea-

1104 490 113 53 liter
1180 490 176 53 distincte:
1319 490 76 53 et
1356 490 113 53 tamen
1432 490 151 53 realiter
1545 490 113 53 ipsum
1621 490 202 53 fundamentum.
1772 490 63 53 que

1094 533 153 68 tamen
1196 533 136 68 sunt
1281 533 204 68 absurda.
1433 533 187 68 Questio
1552 533 153 68 quinta.

1250 584 338 97 Uinto
1437 584 300 97 quero.

1230 637 72 93 ⁋
1258 637 129 93 Utrum
1344 637 158 93 relatio
1459 637 201 93 temporalis
1617 637 100 93 dei
1674 637 86 93 ad
1703 637 129 93 creatu-

1263 707 88 60 ram
1314 707 88 60 sit
1364 707 139 60 relatio
1466 707 139 60 realis.
1567 707 63 60 ⁋
1592 707 101 60 Quod
1655 707 101 60 non.
1718 707 101 60 quia
1769 707 63 60 ni-

1083 749 88 66 hil
1134 749 151 66 refertur
1247 749 151 66 realiter
1360 749 76 66 ad
1398 749 138 66 aliquid
1499 749 101 66 quod
1562 749 88 66 non
1612 749 164 66 conexigit
1725 749 101 66 aliud.

1091 799 91 49 sed
1143 799 104 49 deus
1208 799 91 49 non
1261 799 170 49 conexigit
1391 799 183 49 creaturam.
1535 799 104 49 ergo
1600 799 91 49 non
1652 799 157 49 refertur
1757 799 65 49 re-

1090 842 146 49 aliter
1193 842 88 49 ad
1237 842 205 49 creaturam.
1398 842 73 49 ⁋
1427 842 88 49 Ad
1471 842 205 49 oppositum.
1632 842 117 49 deus
1705 842 102 49 est
1749 842 73 49 rea

1089 883 118 49 liter
1167 883 157 49 creator.
1285 883 105 49 ergo
1350 883 157 49 realiter
1468 883 170 49 refertur.
1599 883 105 49 ergo
1664 883 144 49 relatio
1756 883 52 49 de

1097 932 80 66 ad
1137 932 173 66 creaturam
1270 932 93 66 est
1323 932 147 66 realis.
1430 932 67 66 ⁋
1457 932 80 66 Ad
1497 932 187 66 questionem
1643 932 160 66 dicitur.
1750 932 80 66 quod

1082 976 156 50 relatio
1195 976 99 50 dei
1252 976 85 50 ad
1295 976 185 50 creaturam
1437 976 199 50 temporalis
1593 976 99 50 non
1650 976 99 50 est
1692 976 128 50 realis.

1094 1020 106 51 quia
1160 1020 80 51 in
1200 1020 93 51 deo
1253 1020 120 51 nulla
1333 1020 93 51 est
1386 1020 146 51 relatio
1492 1020 133 51 nonua.
1585 1020 146 51 quamuis
1678 1020 133 51 relatio.

1085 1067 97 53 nes
1141 1067 83 53 in
1182 1067 167 53 creatura
1308 1067 111 53 sint
1377 1067 125 53 noue.
1460 1067 83 53 et
1502 1067 111 53 ideo
1572 1067 111 53 deus
1641 1067 97 53 non
1683 1067 125 53 referi-

1081 1110 82 55 ad
1122 1110 177 55 creaturam
1258 1110 109 55 nisi
1326 1110 109 55 quia
1394 1110 109 55 ipsa
1462 1110 163 55 refertur
1585 1110 82 55 ad
1626 1110 122 55 ipsum
1707 1110 68 55 ⁋
1721 1110 95 55 Istud

1093 1152 137 56 probatur
1195 1152 206 56 multiplicitur.
1367 1152 103 56 Primo
1435 1152 91 56 sic.
1492 1152 137 56 secundum
1595 1152 171 56 philosophum
1732 1152 69 56 v.
1755 1152 57 56 me-

1078 1197 110 53 tha.
1147 1197 138 53 causa.
1243 1197 83 53 de
1285 1197 193 53 adaliquid.
1436 1197 138 53 Tertio
1532 1197 110 53 modo
1601 1197 165 53 dicuntur
1711 1197 96 53 rela-

1082 1238 114 52 tiua:
1158 1238 89 52 que
1209 1238 127 52 dicunt
1298 1238 165 52 adaliquid
1424 1238 101 52 quia
1488 1238 101 52 alia
1551 1238 101 52 sunt
1614 1238 127 52 eorum.
1703 1238 89 52 ita
1741 1238 76 52 quod

1088 1282 94 54 hec
1141 1282 94 54 est
1195 1282 94 54 per
1249 1282 81 54 se
1289 1282 202 54 differentia
1451 1282 135 54 duorum
1545 1282 161 54 primorum
1666 1282 161 54 modorum.
1774 1282 40 54 a

1081 1329 153 45 tertio.
1192 1329 111 45 quia
1262 1329 84 45 in
1304 1329 153 45 praemis
1415 1329 139 45 duobus
1513 1329 97 45 est
1568 1329 139 45 relato
1666 1329 139 45 mutua.
1749 1329 56 45 in

1083 1371 128 45 tertio
1173 1371 115 45 autem
1249 1371 89 45 non
1300 1371 89 45 est
1351 1371 140 45 relatio
1454 1371 128 45 mutua.
1543 1371 89 45 sed
1594 1371 140 45 alterum
1683 1371 128 45 praecise

1085 1416 135 51 refertur
1186 1416 67 51 ad
1220 1416 146 51 reliquum.
1332 1416 79 51 sed
1377 1416 135 51 reliquum
1478 1416 79 51 non
1523 1416 146 51 refertur.
1635 1416 79 51 sed
1680 1416 79 51 est
1714 1416 90 51 tantum

1080 1458 180 49 terminus
1215 1458 165 49 aliquis
1334 1458 105 49 vel
1394 1458 135 49 aliud
1484 1458 105 49 est
1544 1458 135 49 eius.
1634 1458 135 49 omnes
1708 1458 105 49 autem

1075 1502 193 47 relationes
1227 1502 165 47 creature
1351 1502 83 47 ad
1392 1502 110 47 deum
1461 1502 179 47 pertinent
1598 1502 83 47 ad
1640 1502 151 47 tertium
1736 1502 69 47 mo-

1083 1546 91 43 dum
1135 1546 208 43 relatiuorum.
1304 1546 104 43 ergo
1369 1546 208 43 qualescumque
1538 1546 104 43 sunt
1603 1546 104 43 ille
1668 1546 104 43 quae
1720 1546 78 43 sunt

1077 1588 80 53 in
1117 1588 94 53 vno
1170 1588 161 53 extremo:
1291 1588 94 53 non
1345 1588 147 53 oportet
1452 1588 147 53 alterum
1559 1588 161 53 extremum
1666 1588 134 53 secundum

1066 1636 164 45 aliquam
1185 1636 209 45 relationem
1349 1636 89 45 in
1394 1636 89 45 eo
1439 1636 194 45 terminare
1588 1636 134 45 illas
1662 1636 149 45 relatio-

1086 1677 102 52 nes.
1150 1677 89 52 sed
1201 1677 127 52 potest
1289 1677 165 52 terminare
1416 1677 152 52 praecise
1530 1677 89 52 sub
1581 1677 140 52 ratione
1670 1677 127 52 absoluti

1079 1716 54 54 ⁋
1101 1716 141 54 Preterea.
1209 1716 76 54 ix.
1252 1716 108 54 metha.
1328 1716 65 54 c.
1361 1716 87 54 vii.
1415 1716 108 54 probat
1491 1716 173 54 philosophus.
1632 1716 87 54 quod
1686 1716 97 54 actus
1740 1716 54 54 est

1077 1763 112 58 prior
1151 1763 149 58 potentia
1263 1763 211 58 diffinitione.
1437 1763 100 58 quia
1499 1763 149 58 potentia
1611 1763 174 58 diffinitur
1736 1763 62 58 per

1070 1814 131 47 actum.
1161 1814 78 47 si
1201 1814 118 47 autem
1279 1814 118 47 actus
1358 1814 157 47 refertur
1475 1814 78 47 ad
1514 1814 183 47 potentiam.
1658 1814 105 47 tunc
1710 1814 92 47 etiam

1071 1847 162 59 econuerso
1195 1847 112 59 actus
1270 1847 199 59 diffiniretur
1432 1847 87 59 per
1482 1847 174 59 potentiam.
1619 1847 112 59 sicut
1681 1847 112 59 dicitur

1073 1896 141 51 porphi.
1176 1896 128 51 causa.
1265 1896 77 51 de
1303 1896 141 51 specie.
1406 1896 102 51 quod
1470 1896 77 51 in
1508 1896 166 51 relatiuis
1636 1896 128 51 mutuis
1725 1896 77 51 ne
1751 1896 51 51 es

1073 1944 119 50 cesse
1152 1944 93 50 est
1205 1944 80 50 in
1245 1944 159 50 vtrisque
1365 1944 186 50 vtrorumque
1510 1944 186 50 rationibus
1656 1944 106 50 vti.
1709 1944 80 50 Tunc

1070 1985 155 54 arguitur
1186 1985 103 54 sic.
1251 1985 116 54 actus
1328 1985 155 54 diffinit
1444 1985 168 54 potentiam
1573 1985 77 54 vt
1612 1985 155 54 terminat
1715 1985 77 54 rela

1064 2034 126 40 tionem
1153 2034 113 40 eius.
1228 2034 88 40 aut
1279 2034 101 40 ergo
1342 2034 151 40 terminat
1455 2034 176 40 relationem
1593 2034 101 40 eius
1656 2034 76 40 vt
1682 2034 113 40 absolu-

1065 2073 105 47 tum.
1130 2073 79 47 et
1170 2073 144 47 habetur
1274 2073 196 47 propositum.
1431 2073 92 47 aut
1484 2073 79 47 vt
1523 2073 223 47 correlatiuum.
1706 2073 79 47 et
1733 2073 65 47 sic

1065 2113 147 49 diffinit
1175 2113 110 49 actu.
1248 2113 98 49 ergo
1309 2113 73 49 vt
1346 2113 110 49 actus
1419 2113 86 49 est
1468 2113 110 49 prior
1542 2113 196 49 diffinitione
1700 2113 86 49 est
1737 2113 49 49 po

1058 2162 143 52 sterior
1162 2162 208 52 diffinitiue.
1331 2162 104 52 ergo
1396 2162 91 52 ita
1449 2162 156 52 diffinit
1566 2162 156 52 potentia
1683 2162 104 52 actu
1735 2162 52 52 si

1071 2202 73 60 cut
1112 2202 136 60 ecouerso.
1217 2202 73 60 vel
1259 2202 73 60 non
1300 2202 146 60 diffinitur
1415 2202 73 60 per
1457 2202 104 60 ipsum.
1530 2202 63 60 et
1562 2202 73 60 per
1603 2202 146 60 consequens
1708 2202 73 60 actus

1067 2242 88 53 non
1118 2242 150 53 refertur
1230 2242 75 53 ad
1268 2242 175 53 potentiam.
1405 2242 88 53 sed
1455 2242 88 53 est
1505 2242 100 53 mere
1568 2242 175 53 absolutum.
1705 2242 75 53 et
1730 2242 63 53 hoc

1064 2289 91 48 sub
1116 2289 117 48 eadem
1194 2289 143 48 ratione
1298 2289 91 48 sub
1350 2289 91 48 qua
1402 2289 156 48 diffinit
1520 2289 182 48 potentiam.
1650 2289 143 48 diffinit.

1058 2332 117 49 autem
1136 2332 170 49 potentiam
1267 2332 170 49 inquantum
1397 2332 157 49 potentia
1515 2332 91 49 est
1567 2332 78 49 ad
1606 2332 117 49 ipsum
1685 2332 78 49 vt
1711 2332 78 49 rela

1069 2379 83 59 tio
1117 2379 71 59 ad
1152 2379 154 59 terminum.
1271 2379 95 59 ergo
1330 2379 107 59 actus
1401 2379 142 59 secundum
1508 2379 95 59 quod
1568 2379 95 59 mere
1627 2379 154 59 absolutus
1734 2379 59 59 est

1068 2417 141 58 terminus
1174 2417 106 58 huius
1245 2417 165 58 relationis
1374 2417 188 58 qualiscumque
1528 2417 82 58 sit
1575 2417 94 58 ista
1634 2417 130 58 relatio
1716 2417 59 58 sin

1060 2466 70 61 ue
1095 2466 174 61 simpliciter
1235 2466 93 61 siue
1293 2466 140 61 secundum
1398 2466 105 61 quid.
1467 2466 58 61 ⁋
1491 2466 81 61 hoc
1537 2466 105 61 etiam
1607 2466 140 61 probatur
1700 2466 93 61 genera

1063 2509 96 47 lius
1123 2509 84 47 per
1171 2509 108 47 omnia
1243 2509 156 47 relatiua.
1363 2509 96 47 quia
1423 2509 120 47 nullum
1507 2509 156 47 relatiuum
1627 2509 144 47 refertur
1723 2509 60 47 pri

1068 2560 90 42 mo
1113 2560 90 42 ad
1158 2560 240 42 correlatiuum
1353 2560 90 42 vt
1398 2560 90 42 ad
1444 2560 180 42 terminum
1579 2560 90 42 in
1609 2560 165 42 creaturis

1049 2597 70 59 ⁋
1077 2597 182 59 Probatio.
1217 2597 182 59 relatiuum
1357 2597 182 59 inquantum
1496 2597 182 59 relatiuum
1622 2597 182 59 diffinitur.
