2198 3073
387 190 112 72 primo
461 190 87 72 per
511 190 149 72 terminum
623 190 75 72 ad
660 190 100 72 quem
722 190 162 72 refertur.
847 190 100 72 ergo
909 190 149 72 terminus
1008 190 100 72 vtiter

397 251 99 48 minus
463 251 77 48 est
507 251 99 48 prior
573 251 176 48 diffinitione
716 251 132 48 relatiuo
814 251 66 48 vt
847 251 154 48 relatiuum.
957 251 154 48 consequentia

382 295 139 53 patet.
480 295 111 53 vii.
549 295 139 53 metha.
647 295 97 53 vbi
702 295 167 53 comperat
828 295 167 53 accidens
953 295 84 53 ad
981 295 139 53 substan-

393 340 111 47 tiam.
467 340 74 47 et
504 340 86 47 per
553 340 124 47 ipsum.
640 340 86 47 ix.
689 340 124 47 metha.
776 340 86 47 vbi
825 340 148 47 comperat
936 340 161 47 potentiam
1060 340 74 47 ad

394 383 125 45 actum.
481 383 75 45 si
519 383 100 45 ergo
581 383 150 45 terminus
694 383 163 45 inquantum
819 383 150 45 terminus
931 383 163 45 referatur
1056 383 75 45 ad

390 429 132 44 relatum
486 429 156 44 inquantum
606 429 144 44 relatum.
714 429 96 44 ergo
775 429 144 44 terminus
883 429 156 44 inquantum
991 429 120 44 terminus

384 471 76 49 id
422 471 102 49 quod
486 471 89 49 est
537 471 140 49 relatum
639 471 76 49 ad
677 471 114 49 ipsum
753 471 89 49 pro
804 471 165 49 diffinito
931 471 178 49 respiciet.
1058 471 51 49 et

396 513 65 56 per
433 513 130 56 consequens
535 513 65 56 pro
572 513 93 56 priore
637 513 111 56 secundum
721 513 167 56 diffinitionem.
860 513 74 56 ergo
907 513 65 56 per
944 513 84 56 esset
1000 513 84 56 prior
1046 513 65 56 filio

384 559 141 51 secundum
490 559 212 51 diffinitionem.
667 559 71 51 et
702 559 153 51 econuerso
820 559 59 51 ⁋
844 559 177 51 Impossibile
985 559 82 51 est
1021 559 82 51 autem

384 601 138 55 circulum
488 601 92 55 esse
546 601 69 55 in
580 601 161 55 prioritate
707 601 161 55 essentiali
833 601 173 55 quaecumque.
971 601 92 55 ergo
1017 601 104 55 impossi

391 644 95 52 bile
451 644 83 52 est
498 644 119 52 patrem
582 644 131 52 referri
677 644 107 52 primo
749 644 72 52 ad
784 644 119 52 filium
868 644 155 52 inquantum
987 644 119 52 filius
1058 644 60 52 re-

377 692 127 47 fertur
466 692 76 47 ad
504 692 139 47 patrem.
606 692 101 47 ergo
669 692 152 47 refertur
783 692 114 47 primo
859 692 76 47 ad
897 692 114 47 illud
961 692 139 47 absolutum

386 734 105 46 quod
452 734 92 46 est
504 734 158 46 proximum
622 734 197 46 fundamentum
780 734 184 46 relationis
924 734 79 46 et
964 734 118 46 illud
1029 734 79 46 abso

381 776 110 50 lutum
454 776 86 50 est
503 776 110 50 prius
577 776 110 50 patre
651 776 74 50 vt
688 776 98 50 pri.
749 776 74 50 et
786 776 160 50 econuerso
908 776 123 50 filius
994 776 74 50 vt
1019 776 98 50 filius

378 814 151 67 refertur
492 814 75 67 ad
529 814 164 67 absolutum
655 814 101 67 quod
718 814 88 67 est
768 814 151 67 proximum
882 814 189 67 fundamentum
1020 814 88 67 pter-

387 862 134 48 nitatis
484 862 73 48 et
521 862 110 48 illud
594 862 158 48 absolutum
715 862 110 48 prius
788 862 85 48 est
837 862 183 48 filiatione.
983 862 73 48 et
1020 862 97 48 ideo
1068 862 49 48 a-

381 904 76 52 bo
419 904 152 52 absoluta
534 904 101 52 sunt
597 904 127 52 priora
686 904 140 52 vtraque
787 904 178 52 relatione.
927 904 101 52 quia
977 904 140 52 quaelibet

384 954 140 48 relatio
486 954 89 48 non
537 954 127 48 tantum
626 954 165 48 praexigit
753 954 191 48 fundamentum
906 954 89 48 sed
956 954 76 48 et
982 954 127 48 terminum

388 997 160 54 inquantum
510 997 147 54 terminus
621 997 98 54 est.
682 997 61 54 ⁋
707 997 160 54 Preterea.
830 997 74 54 in
866 997 123 54 tertio
952 997 98 54 modo
1014 997 86 54 non
1051 997 61 54 est

394 1040 72 52 in
430 1040 84 52 vno
478 1040 132 52 extremo
574 1040 96 52 nisi
633 1040 132 52 relatio
729 1040 144 52 rationis
837 1040 96 52 quae
897 1040 84 52 non
945 1040 84 52 est
992 1040 108 52 ratio
1052 1040 72 52 ter-

387 1081 155 50 minandi.
503 1081 103 50 quia
568 1081 116 50 aliud
645 1081 155 50 extremum
761 1081 155 50 realiter
877 1081 155 50 refertur
993 1081 77 50 ad
1019 1081 90 50 ipsum

391 1126 66 54 et
424 1126 76 54 non
468 1126 109 54 tantum
544 1126 76 54 per
588 1126 98 54 actum
653 1126 175 54 intellectus.
795 1126 87 54 ergo
850 1126 76 54 ibi
894 1126 98 54 ratio
959 1126 153 54 terminandi
1068 1126 55 54 est

391 1170 170 46 simpliciter
527 1170 159 46 absolutum.
652 1170 57 46 ⁋
675 1170 91 46 Ideo
732 1170 125 46 dicitur
823 1170 136 46 absolute
925 1170 91 46 quod
982 1170 125 46 propter
1061 1170 57 46 ter

384 1214 188 55 minationem
531 1214 188 55 relationum
679 1214 80 55 in
719 1214 174 55 creaturis
853 1214 80 55 ex
893 1214 148 55 tempore
1001 1214 80 55 ad
1028 1214 80 55 deum

387 1264 104 47 non
447 1264 164 47 oportem
566 1264 149 47 ponere
670 1264 164 47 aliquam
789 1264 209 47 relationem
953 1264 89 47 in
998 1264 104 47 deo
1043 1264 74 47 nec

387 1303 114 51 nouam
464 1303 89 51 nec
514 1303 165 51 antiquam.
642 1303 102 51 quae
705 1303 89 51 sit
756 1303 114 51 ratio
832 1303 178 51 terminandi
959 1303 153 51 relationem

398 1349 163 51 creature.
524 1349 125 51 potest
611 1349 113 51 tamen
686 1349 100 51 poni
749 1349 75 51 in
787 1349 88 51 deo
837 1349 125 51 aliqua
924 1349 138 51 relatio
1012 1349 100 51 ratio-

395 1390 100 52 nis
452 1390 114 52 noua
523 1390 157 52 causata
638 1390 100 52 per
695 1390 129 52 actum
781 1390 215 52 intellectus
952 1390 157 52 nostri.
1053 1390 72 52 non

390 1436 82 56 per
437 1436 106 56 actum
508 1436 177 56 intellectus
649 1436 94 56 sui.
708 1436 129 56 Uidetur
802 1436 94 56 ergo
861 1436 94 56 quod
920 1436 129 56 relatio
1014 1436 82 56 dei
1061 1436 71 56 ad

394 1476 149 56 creaturam
508 1476 80 56 non
554 1476 80 56 est
600 1476 126 56 relatio
691 1476 126 56 realis.
783 1476 80 56 sed
829 1476 115 56 tantum
909 1476 126 56 relatio
989 1476 126 56 rationis.

411 1522 63 49 ⁋
437 1522 100 49 Ista
499 1522 150 49 opinione
612 1522 150 49 continet
724 1522 100 49 tria
787 1522 100 49 quae
849 1522 150 49 videntur
962 1522 100 49 mihi
1012 1522 100 49 falsa.

413 1568 117 53 Primo
491 1568 104 53 quod
556 1568 130 53 aliqua
647 1568 182 53 relationes
789 1568 104 53 sunt
854 1568 117 53 mutue
932 1568 78 53 et
971 1568 130 53 aliqua
1049 1568 65 53 non

395 1608 79 58 et
434 1608 105 58 quod
500 1608 144 58 propter
605 1608 92 58 hoc
657 1608 210 58 distinguitur
828 1608 144 58 tertius
933 1608 118 58 modus
998 1608 105 58 relati

388 1655 122 47 uorum
470 1655 68 47 a
497 1655 149 47 praemis
605 1655 149 47 duobus.
714 1655 163 47 Secundum
836 1655 108 47 quod
903 1655 108 47 omns
957 1655 163 47 relationes

384 1697 87 47 dei
433 1697 74 47 ad
470 1697 161 47 creaturam
594 1697 99 47 sunt
656 1697 173 47 relationes
792 1697 161 47 communes.
916 1697 136 47 Tertium
1015 1697 99 47 quod
1064 1697 50 47 re

398 1742 117 46 latio
476 1742 91 46 dei
528 1742 78 46 ad
567 1742 169 46 creaturam
698 1742 91 46 non
750 1742 130 46 potest
841 1742 104 46 dici
906 1742 130 46 realis
998 1742 104 46 illo
1050 1742 65 46 mo-

386 1787 88 48 do
430 1787 102 48 quo
489 1787 161 48 relatio
606 1787 132 48 solis
693 1787 88 48 ad
737 1787 161 48 corpora
854 1787 190 48 patientia
985 1787 132 48 inferio

394 1823 69 51 ra
429 1823 127 51 dicitur
521 1823 127 51 realis.
613 1823 58 51 ⁋
636 1823 115 51 Contra
717 1823 115 51 primum
798 1823 81 51 est
844 1823 138 51 intentio
948 1823 161 51 philosophi
1063 1823 46 51 in

393 1873 223 53 praedicamentis
578 1873 87 53 vbi
628 1873 111 53 dicit
702 1873 74 53 ex
739 1873 185 53 intentione.
887 1873 99 53 quod
949 1873 111 53 omnia
1011 1873 111 53 relati-

392 1921 75 44 ua
430 1921 151 44 dicuntur
543 1921 75 44 ad
581 1921 226 44 conuertentiam.
769 1921 100 44 Unde
831 1921 113 44 dicit
907 1921 100 44 sic.
969 1921 113 44 omnia
1032 1921 88 44 autem

395 1962 153 47 relatiua
510 1962 76 47 ad
548 1962 217 47 conuertentiam
727 1962 166 47 dicuntur.
854 1962 76 47 vt
892 1962 127 47 seruus
982 1962 115 47 domin
1045 1962 64 47 ser

395 2005 102 48 uus.
459 2005 64 48 ⁋
484 2005 76 48 Et
523 2005 76 48 si
561 2005 140 48 dicatur
663 2005 102 48 quod
726 2005 89 48 non
777 2005 178 48 intelligit
917 2005 76 48 de
955 2005 127 48 tertio
1032 2005 76 48 modo

399 2047 141 50 Contra.
502 2047 77 50 de
540 2047 103 50 isto
605 2047 103 50 modo
669 2047 205 50 exemplificat
836 2047 205 50 specialiter.
1002 2047 103 50 Unde
1054 2047 64 50 sub

402 2090 85 52 dit
450 2090 109 52 post.
523 2090 157 52 Similiter
644 2090 73 52 et
680 2090 73 52 in
716 2090 121 52 aliis.
801 2090 85 52 sed
849 2090 181 52 aliquotiens
982 2090 133 52 differunt

392 2136 137 48 secundum
494 2136 172 48 locutionem.
632 2136 69 48 vt
666 2136 137 48 scientia
769 2136 137 48 scibilis
872 2136 137 48 scientia
975 2136 137 48 dicitur.
1066 2136 46 48 et

394 2181 146 50 sensus
497 2181 161 50 sensati
614 2181 161 50 sensus.
730 2181 88 50 et
774 2181 175 50 sensatum
906 2181 132 50 sensu
979 2181 146 50 sensatum

394 2225 110 53 Uult
463 2225 138 53 dicere
559 2225 110 53 quod
628 2225 110 53 omne
697 2225 179 53 relatiuum
835 2225 83 53 si
876 2225 220 53 conuenienter
1041 2225 83 53 assi

404 2268 117 62 gnetur.
489 2268 170 62 assignabitur
627 2268 64 62 ad
659 2268 85 62 vnum
712 2268 85 62 quod
766 2268 138 62 similiter
872 2268 127 62 refertur
967 2268 64 62 ad
999 2268 96 62 ipsum
1052 2268 64 62 quam

395 2313 95 57 uis
450 2313 95 57 non
504 2313 177 57 referatur
641 2313 82 57 ad
682 2313 123 57 ipsum
763 2313 95 57 sub
818 2313 123 57 eodem
900 2313 109 57 casu
968 2313 95 57 quo
1009 2313 109 57 ipstut

395 2355 158 52 refertur
513 2355 79 52 ad
553 2355 132 52 illud.
645 2355 119 52 sicut
724 2355 119 52 patet
804 2355 79 52 in
843 2355 158 52 exemplis
949 2355 171 52 propositis.

413 2398 65 48 ⁋
439 2398 103 48 Item
504 2398 129 48 ibidem
594 2398 207 48 philosophus.
762 2398 78 48 At
801 2398 103 48 vero
865 2398 194 48 aliqualiter
1021 2398 90 48 non
1059 2398 65 48 vi-

402 2441 140 58 debitur
504 2441 153 58 conuerti
619 2441 102 58 nisi
683 2441 204 58 conuenienter
849 2441 115 58 illud
925 2441 77 58 ad
963 2441 102 58 quod
1014 2441 115 58 dicitur

409 2486 206 61 assignetur.
574 2486 110 61 ergo
642 2486 137 61 semper
738 2486 137 61 quando
834 2486 219 61 conuenienter
999 2486 137 61 assigna-

402 2527 84 60 tur
450 2527 107 60 illud
521 2527 72 60 ad
557 2527 95 60 quod
617 2527 131 60 dicitur
712 2527 191 60 conuertitur.
867 2527 72 60 et
903 2527 84 60 per
951 2527 167 60 consequens
1070 2527 60 60 est

401 2578 157 67 relatio
515 2578 142 67 mutua.
614 2578 71 67 ⁋
643 2578 114 67 Item
714 2578 142 67 postea
814 2578 199 67 concludit.
970 2578 128 67 omnia
1042 2578 85 67 ergo

1199 185 101 77 que
1256 185 87 77 ad
1300 185 159 77 aliquid
1416 185 188 77 dicuntur.
1561 185 87 77 si
1604 185 232 77 conuenienter
1778 185 159 77 assignem-

1196 251 114 44 tur.
1267 251 86 44 ad
1310 251 243 44 conuertentiam
1510 251 186 44 dicuntur.
1653 251 86 44 Ex
1696 251 143 44 quibus
1782 251 143 44 auctori-

1193 293 159 50 tatibus
1308 293 130 50 patet
1394 293 115 50 quod
1467 293 130 50 inter
1553 293 130 50 omnia
1640 293 173 50 relatiua
1755 293 173 50 conuenien-

1199 338 100 50 ter
1256 338 187 50 assignata
1400 338 100 50 est
1457 338 230 50 conuertentia
1643 338 100 50 hoc
1701 338 100 50 est
1758 338 158 50 relatio
1859 338 57 50 mu

1197 379 95 50 tua.
1257 379 95 50 quia
1316 379 143 50 scilicet
1424 379 107 50 sicut
1495 379 95 50 vnum
1555 379 143 50 refertur
1662 379 72 50 ad
1698 379 119 50 aliud.
1782 379 84 50 ita
1818 379 107 50 econuer

1198 424 72 53 so
1234 424 108 53 aliud
1306 424 144 53 refertur
1413 424 72 53 ad
1449 424 120 53 ipsum.
1533 424 60 53 ⁋
1557 424 72 53 Et
1593 424 72 53 si
1629 424 144 53 dicatur.
1737 424 96 53 quod
1796 424 132 53 quamuis
1880 424 48 53 in

1199 477 141 48 tertio
1298 477 113 48 modo
1368 477 141 48 possit
1467 477 183 48 assignari
1608 477 155 48 aliquod
1721 477 127 48 nomen
1805 477 113 48 quod
1862 477 56 48 re

1200 515 130 49 latiue
1291 515 143 49 dicatur
1395 515 78 49 ad
1434 515 130 49 aliud.
1525 515 117 49 tamen
1604 515 78 49 in
1643 515 104 49 alio
1708 515 143 49 extremo
1812 515 91 49 non
1851 515 65 49 est

1194 564 171 48 relatio
1319 564 93 48 ex
1365 564 155 48 natura
1474 564 124 48 rei.
1551 564 109 48 sed
1614 564 93 48 in
1660 564 155 48 primis
1769 564 155 48 duobus
1862 564 62 48 mo

1185 601 104 46 dis
1245 601 104 46 est
1304 601 163 46 relatio
1423 601 89 46 ex
1467 601 149 46 natura
1571 601 119 46 rei.
1646 601 134 46 Istud
1735 601 104 46 non
1779 601 149 46 sufficit

1199 645 90 55 tum
1250 645 102 55 quia
1314 645 77 55 ex
1353 645 128 55 natura
1442 645 90 55 rei
1493 645 166 55 sensibile
1621 645 90 55 est
1672 645 179 55 sensibile.
1813 645 90 55 ita
1851 645 77 55 quod

1198 696 156 50 calidum
1311 696 99 50 non
1368 696 99 50 est
1425 696 156 50 calidum
1539 696 99 50 nec
1595 696 185 50 sensibile
1737 696 99 50 per
1794 696 128 50 actum
1865 696 71 50 in-

1193 736 178 53 tellectus
1330 736 96 53 non
1385 736 165 53 plusquam
1509 736 96 53 sol
1564 736 96 53 sit
1619 736 219 53 calefactiuus
1797 736 96 53 per
1838 736 96 53 actum

1199 781 218 48 intellectus.
1376 781 95 48 Tum
1431 781 109 48 quia
1499 781 123 48 eadem
1581 781 191 48 facilitate
1730 781 123 48 dicam
1812 781 109 48 quod
1867 781 54 48 in

1194 822 128 56 agente
1284 822 89 56 non
1335 822 89 56 est
1386 822 140 56 relatio
1488 822 77 56 ex
1526 822 128 56 natura
1615 822 102 56 rei.
1679 822 89 56 sed
1730 822 128 56 tantum
1819 822 77 56 in
1845 822 89 56 passo

1197 869 92 46 et
1243 869 108 46 ita
1304 869 92 46 in
1351 869 170 46 secundo
1474 869 123 46 modo
1551 869 108 46 non
1613 869 123 46 erit
1690 869 170 46 relatio
1798 869 123 46 mutua.

1196 913 63 49 ⁋
1222 913 101 49 Item
1285 913 189 49 philosophus
1436 913 76 49 in
1474 913 214 49 predicamentis
1650 913 164 49 ostendens
1776 913 101 49 quod
1826 913 101 49 aliqua

1192 954 174 55 relatiua
1322 954 116 55 sunt
1395 954 131 55 simul
1482 954 160 55 natura.
1598 954 218 55 specialiter
1772 954 160 55 excipit
1873 954 58 55 il

1191 998 97 49 la
1239 998 193 49 relatiua
1384 998 113 49 que
1448 998 129 49 sunt
1529 998 193 49 detertio
1674 998 145 49 modo.
1770 998 113 49 vbi
1818 998 113 49 autem

1196 1042 128 51 dicit
1281 1042 114 51 quod
1352 1042 128 51 omnia
1437 1042 170 51 relatiua
1565 1042 170 51 dicuntur
1693 1042 85 51 ad
1721 1042 213 51 conuertentiam

1200 1091 102 44 illa
1264 1091 90 44 non
1315 1091 153 44 excipit:
1430 1091 90 44 sed
1481 1091 115 44 etiam
1558 1091 77 44 de
1597 1091 115 44 illis
1673 1091 115 44 dicit
1750 1091 102 44 quod
1801 1091 128 44 dicuntur

1200 1127 92 55 ad
1246 1127 260 55 conuertentiam
1459 1127 137 55 sicut
1551 1127 137 55 alia.
1643 1127 122 55 ergo
1719 1127 168 55 tertius
1826 1127 107 55 modus

1199 1174 125 52 magis
1283 1174 222 52 distinguitur
1463 1174 83 52 ab
1505 1174 125 52 illis
1588 1174 97 52 per
1644 1174 111 52 hoc.
1713 1174 111 52 quod
1783 1174 83 52 in
1811 1174 111 52 tertio

1194 1217 118 48 modo
1268 1217 177 48 relatiua
1400 1217 103 48 non
1459 1217 118 48 sunt
1533 1217 132 48 simul
1621 1217 162 48 natura.
1739 1217 118 48 quam
1812 1217 103 48 per
1856 1217 74 48 hoc

1205 1259 105 56 quod
1271 1259 79 56 in
1310 1259 118 56 illis
1389 1259 92 56 non
1442 1259 92 56 est
1494 1259 145 56 relatio
1599 1259 118 56 mutua
1678 1259 79 56 in
1718 1259 118 56 aliis
1797 1259 105 56 non.
1849 1259 79 56 Con-

1198 1301 85 55 tra
1246 1301 145 55 secundum
1355 1301 109 55 arguo
1428 1301 97 55 sic.
1489 1301 194 55 quandocunque
1646 1301 133 55 aliquid
1743 1301 170 55 importatur
1864 1301 61 55 per

1193 1348 141 52 aliquod
1296 1348 115 52 nomen
1373 1348 103 52 quod
1437 1348 90 52 non
1488 1348 128 52 potest
1578 1348 128 52 alicui
1668 1348 167 52 competere
1796 1348 103 52 nisi
1847 1348 77 52 ali-

1193 1393 100 50 qua
1250 1393 129 50 causa
1336 1393 186 50 causante.
1479 1393 86 50 si
1522 1393 115 50 illa
1593 1393 129 50 causa
1679 1393 100 50 non
1737 1393 143 50 causet
1822 1393 115 50 illud.

1194 1444 132 48 nullo
1282 1444 117 48 modo
1355 1444 132 48 nomen
1443 1444 117 48 tale
1516 1444 117 48 vere
1589 1444 161 48 dicetur
1706 1444 88 48 de
1750 1444 161 48 aliquo.
1867 1444 102 48 sed

1199 1483 93 51 per
1252 1483 80 51 te
1292 1483 119 51 istud
1371 1483 119 51 nomen
1451 1483 146 51 creator
1557 1483 146 51 dominus
1663 1483 80 51 et
1703 1483 172 51 huiusmodi
1822 1483 106 51 impor-

1193 1527 106 50 tant
1259 1527 185 50 relationem
1404 1527 159 50 rationis
1523 1527 93 50 que
1576 1527 119 50 nullo
1655 1527 106 50 modo
1722 1527 132 50 potest
1814 1527 106 50 esse
1867 1527 66 50 ni-

1200 1568 79 46 si
1239 1568 184 46 intellectu
1384 1568 132 46 nostro
1476 1568 171 46 causante.
1608 1568 105 46 ergo
1674 1568 79 46 si
1713 1568 197 46 intellectus
1858 1568 79 46 crea

1204 1610 108 51 atus
1272 1610 95 51 non
1326 1610 135 51 causet
1421 1610 122 51 talem
1502 1610 189 51 relationem
1650 1610 162 51 rationis
1772 1610 95 51 non
1812 1610 122 51 dicetur

1208 1657 105 48 vere
1274 1657 145 48 creator
1379 1657 92 48 vel
1432 1657 145 48 creans.
1537 1657 105 48 ergo
1603 1657 119 48 nullo
1682 1657 171 48 existente
1801 1657 132 48 intelle-

1210 1697 100 59 ctu
1267 1697 114 59 deus
1338 1697 100 59 non
1396 1697 143 59 posset
1496 1697 143 59 creare
1596 1697 114 59 vnum
1667 1697 172 59 lapidem.
1796 1697 72 59 ⁋
1810 1697 129 59 Preter-

1209 1739 89 54 ea.
1260 1739 127 54 quando
1349 1739 140 54 aliquid
1451 1739 89 54 est
1502 1739 127 54 equale
1591 1739 102 54 siue
1654 1739 191 54 intellectus
1807 1739 89 54 sit
1845 1739 76 54 siue

1203 1791 92 45 non
1256 1791 105 45 sit.
1321 1791 92 45 per
1374 1791 132 45 nullum
1467 1791 158 45 extremum
1585 1791 185 45 importatur
1730 1791 145 45 aliquid
1823 1791 105 45 causa-

1195 1825 95 51 tum
1250 1825 81 51 ab
1290 1825 204 51 intellectu.
1453 1825 122 51 sicut
1535 1825 81 51 si
1576 1825 109 51 homo
1643 1825 163 51 realiter
1766 1825 95 51 sit
1820 1825 122 51 albus
1888 1825 54 51 si

1199 1877 77 45 ue
1238 1877 193 45 intellectus
1392 1877 90 45 sit
1444 1877 103 45 siue
1508 1877 90 45 non
1560 1877 103 45 sit.
1624 1877 90 45 nec
1676 1877 90 45 per
1727 1877 142 45 hominem
1830 1877 90 45 nec
1869 1877 64 45 per

1204 1924 125 45 album
1287 1924 194 45 importatur
1440 1924 153 45 aliquid
1551 1924 167 45 causatum
1676 1924 83 45 ab
1718 1924 208 45 intellectu.
1871 1924 69 45 sed

1207 1962 96 45 siue
1267 1962 180 45 intellectus
1411 1962 84 45 sit
1459 1962 96 45 siue
1519 1962 84 45 non
1567 1962 96 45 sit.
1628 1962 96 45 deus
1688 1962 84 45 est
1736 1962 144 45 realiter
1832 1962 108 45 creans.

1211 2006 100 53 sicut
1277 2006 144 53 sensibile
1388 2006 78 53 est
1432 2006 133 53 realiter
1532 2006 144 53 sensatum.
1643 2006 89 53 ergo
1698 2006 78 53 nec
1743 2006 78 53 per
1787 2006 89 53 deum
1842 2006 78 53 nec
1876 2006 55 53 per

1204 2049 174 48 creantem
1334 2049 203 48 importatur
1493 2049 159 48 aliquod
1609 2049 174 48 causatum
1739 2049 87 48 ab
1768 2049 174 48 intellectu

1204 2091 68 51 ⁋
1232 2091 177 51 Preterea.
1368 2091 95 51 per
1422 2091 123 51 istos
1504 2091 123 51 sicut
1586 2091 204 51 intellectus
1749 2091 136 51 causat
1831 2091 109 51 respe-

1199 2137 108 52 ctum
1266 2137 175 52 rationis.
1400 2137 94 52 ita
1454 2137 121 52 etiam
1535 2137 162 52 voluntas
1656 2137 135 52 potest
1751 2137 148 52 causare
1845 2137 94 52 respe

1212 2179 103 57 ctum
1276 2179 167 57 rationis.
1405 2179 90 57 sed
1457 2179 77 57 ad
1495 2179 90 57 hoc
1547 2179 103 57 quod
1611 2179 103 57 deus
1676 2179 116 57 creet
1753 2179 142 57 lapidem
1843 2179 90 57 nihil

1213 2230 152 49 penitus
1324 2230 110 49 plus
1393 2230 124 49 facit
1475 2230 207 49 intellectus
1641 2230 138 49 noster
1738 2230 110 49 quam
1793 2230 138 49 voluntas

1208 2267 145 52 creara.
1313 2267 105 52 ergo
1379 2267 92 52 vel
1432 2267 158 52 vtrumque
1551 2267 158 52 causabit
1669 2267 119 52 illum
1748 2267 171 52 respectum
1867 2267 66 52 vel

1210 2312 145 48 neutrum.
1318 2312 72 48 et
1355 2312 84 48 per
1403 2312 169 48 consequens
1535 2312 133 48 creator
1632 2312 84 48 vel
1680 2312 121 48 nullum
1764 2312 157 48 respectum
1873 2312 60 48 im-

1216 2358 166 61 portabit
1341 2358 83 61 et
1382 2358 152 61 habetur
1493 2358 208 61 propositum.
1659 2358 97 61 vel
1715 2358 194 61 importabit
1853 2358 83 61 duos

1211 2402 166 51 respectus
1339 2402 166 51 rationis.
1467 2402 102 51 vnum
1531 2402 153 51 causatum
1646 2402 90 51 per
1697 2402 115 51 actum
1761 2402 179 51 intellectus.

1210 2449 110 46 alium
1283 2449 86 46 per
1332 2449 110 46 actum
1406 2449 172 46 voluntatis
1541 2449 98 46 quod
1602 2449 135 46 videtur
1700 2449 110 46 satis
1774 2449 98 46 esse
1823 2449 110 46 inutile

1204 2485 68 58 ⁋
1232 2485 95 58 Ite
1286 2485 122 58 sicut
1368 2485 190 58 propositio
1517 2485 95 58 est
1572 2485 82 58 in
1613 2485 109 58 voce
1681 2485 95 58 ita
1735 2485 122 58 etiam
1817 2485 82 58 in
1844 2485 95 58 scri-

1216 2541 80 43 pto
1261 2541 137 43 secundum
1364 2541 103 43 bone.
1433 2541 103 43 super
1502 2541 126 43 periar.
1593 2541 92 43 ergo
1651 2541 103 43 sicut
1719 2541 115 43 aliqua
1800 2541 80 43 vox
1845 2541 80 43 est
1880 2541 57 43 re-

1205 2574 130 66 latiua
1296 2574 91 66 ita
1348 2574 104 66 nome
1413 2574 169 66 scriptum.
1543 2574 104 66 ergo
1608 2574 130 66 posito
1699 2574 104 66 quod
1764 2574 130 66 nullus
1842 2574 104 66 intel
