2207 3046
382 192 97 59 rem
438 192 208 59 informantem
604 192 180 59 subiectum
742 192 125 59 illud
825 192 111 59 quod
894 192 194 59 importatur
1033 192 69 59 per

388 249 122 45 album.
473 249 85 45 ita
522 249 98 45 quod
583 249 122 45 albedo
669 249 147 45 praecise
779 249 85 45 pro
827 249 98 45 illa
888 249 73 45 re
925 249 159 45 supponit.
1035 249 61 45 non

374 287 98 53 sic
430 287 98 53 est
486 287 84 53 de
528 287 196 53 equalitate
682 287 112 53 quia
753 287 182 53 equalitas
893 287 98 53 non
935 287 168 53 significat

381 324 157 61 aliquam
495 324 114 61 vnam
566 324 100 61 rem
623 324 214 61 aduenientem
794 324 114 61 illi
866 324 100 61 pro
923 324 100 61 quo
965 324 143 61 supponit

376 371 144 52 equale.
481 371 79 52 et
520 371 92 52 ita
573 371 105 52 quod
638 371 170 52 equalitas
769 371 144 52 precise
874 371 92 52 pro
927 371 105 52 illa
992 371 79 52 re
1018 371 79 52 sup-

379 420 138 55 ponat.
476 420 97 55 sed
531 420 194 55 significat
684 420 138 55 plures
781 420 111 55 res.
850 420 97 55 nec
905 420 138 55 potest
988 420 111 55 aliquo

382 456 123 56 modo
458 456 107 56 pro
520 456 107 56 vna
581 456 92 56 re
627 456 215 56 supponere.
796 456 123 56 Unde
873 456 107 56 hoc
934 456 107 56 est
996 456 92 56 vt
1026 456 77 56 cre

381 500 70 60 do
416 500 93 60 quod
475 500 117 60 multos
556 500 140 60 decipit.
661 500 93 60 quod
720 500 187 60 quandocumque
872 500 128 60 aliquid
953 500 152 60 praedicatur

380 555 84 47 de
422 555 154 47 aliquo.
534 555 140 47 volunt
632 555 112 47 quod
702 555 98 47 sit
758 555 154 47 aliquod
870 555 196 47 abstractum
1010 555 98 47 impos

379 595 96 55 tans
439 595 84 55 rem
487 595 108 55 illam
559 595 180 55 aduenientem
703 595 120 55 alteri
787 595 132 55 propter
883 595 96 55 quam
943 595 132 55 dicitur
1027 595 84 55 ipsum

386 640 129 45 tale.
472 640 114 45 immo
543 640 143 45 volunt
643 640 114 45 quod
715 640 100 45 tot
772 640 114 45 sint
843 640 100 45 res
901 640 186 45 distincte
1029 640 86 45 quot

379 675 113 58 sunt
450 675 127 58 voces
534 675 254 58 significatiue.
746 675 99 58 ita
803 675 113 58 quod
874 675 127 58 tanta
958 675 99 58 sit
1001 675 113 58 distin

374 716 119 63 ctio
449 716 134 63 inter
538 716 223 63 significata
716 716 149 63 quanta
820 716 104 63 est
880 716 134 63 inter
969 716 134 63 voces
1044 716 74 63 si-

379 765 225 65 gnificantes.
561 765 112 65 siue
632 765 112 65 ille
702 765 126 65 voces
786 765 112 65 sint
856 765 239 65 propositiones
1039 765 70 65 si-

377 809 88 60 ue
421 809 147 60 nomina
524 809 118 60 siue
598 809 132 60 verba
686 809 118 60 siue
760 809 118 60 alie
833 809 206 60 dictiones.
995 809 88 60 et
1025 809 88 60 ideo

388 855 117 56 volunt
470 855 94 56 quod
529 855 117 56 quando
611 855 129 56 dicitur
705 855 94 56 quod
763 855 141 56 effectus
869 855 82 56 est
916 855 70 56 ab
951 855 129 56 agente.
1033 855 70 56 quod

390 896 85 65 per
438 896 97 65 lued
499 896 73 65 ab
535 896 85 65 sic
584 896 169 65 importatur
717 896 85 65 vna
765 896 145 65 alietas.
874 896 109 65 sicut
947 896 85 65 per
995 896 109 65 album
1055 896 61 65 im-

385 954 166 47 portatur
510 954 152 47 albedo.
620 954 83 47 et
662 954 124 47 eodem
745 954 111 47 modo
814 954 138 47 quando
911 954 152 47 dicitur
1007 954 111 47 sortes

391 992 107 47 fuit
457 992 120 47 heri.
537 992 133 47 dicunt
631 992 107 47 quod
697 992 93 47 per
751 992 93 47 hoc
804 992 173 47 aduerbium
938 992 107 47 heri
991 992 120 47 importa

386 1040 97 52 tur
442 1040 97 52 vna
497 1040 97 52 res
553 1040 125 52 alia.
636 1040 83 52 et
677 1040 97 52 ita
733 1040 139 52 habent
830 1040 139 52 dicere
927 1040 111 52 quod
982 1040 139 52 importat

391 1081 105 51 vnam
457 1081 184 51 heritatem.
601 1081 79 51 Et
641 1081 171 51 similiter
772 1081 131 51 habent
864 1081 131 51 dicere
956 1081 105 51 quod
1022 1081 92 51 non
1061 1081 53 51 im

385 1118 144 63 portat
485 1118 115 63 vnam
557 1118 201 63 nonitatem.
715 1118 86 63 et
759 1118 86 63 si
802 1118 173 63 importat
931 1118 115 63 vnam
989 1118 129 63 sitatem

394 1171 66 47 Et
427 1171 66 47 et
460 1171 88 47 vnam
515 1171 142 47 etitatem.
624 1171 66 47 et
657 1171 77 47 sic
701 1171 186 47 vniversaliter
854 1171 66 47 de
887 1171 120 47 omnibus
964 1171 153 47 conniunctio-

396 1208 131 53 nibus.
487 1208 274 53 praepositionibus.
722 1208 183 53 aduerbiis.
866 1208 78 53 et
905 1208 170 53 similiter
1023 1208 91 53 signa

387 1249 365 56 sincathegoreumatica
704 1249 238 56 importabunt
895 1249 143 56 alias
990 1249 127 56 res:
1054 1249 63 56 si

393 1294 101 55 eut
450 1294 130 55 omnis
537 1294 116 55 vnam
609 1294 202 55 omnitatem.
769 1294 87 55 et
812 1294 159 55 aliquis
928 1294 116 55 vnam
985 1294 145 55 aliquita

396 1344 107 49 tem.
462 1344 94 49 que
516 1344 120 49 omnia
596 1344 160 49 videntur
716 1344 160 49 absurda.
836 1344 80 49 et
877 1344 174 49 procedunt
1010 1344 80 49 ex
1037 1344 80 49 igno

394 1385 149 51 rantia
498 1385 223 51 differentie
677 1385 134 51 inter
766 1385 268 51 cathegoreumata
989 1385 89 51 et
1019 1385 104 51 sinca

383 1426 244 53 thegoreumata
581 1426 91 53 et
627 1426 91 53 ex
672 1426 213 53 ignorantia
840 1426 229 53 differentie
1007 1426 107 53 inter

391 1477 147 49 nomina
494 1477 88 49 et
538 1477 132 49 verba
626 1477 88 49 et
670 1477 132 49 alias
759 1477 147 49 partes
862 1477 264 49 indeclinabiles
1067 1477 59 49 in

391 1514 243 58 significando.
620 1514 115 58 Ideo
691 1514 115 58 dico
763 1514 115 58 quod
835 1514 158 58 relatio
949 1514 100 58 vel
992 1514 129 58 equali-

390 1561 96 53 tas
445 1561 96 53 non
500 1561 96 53 est
555 1561 123 53 talis
637 1561 96 53 res
692 1561 178 53 adueniens
829 1561 151 53 equali.
939 1561 96 53 non
994 1561 110 53 plus
1049 1561 82 53 quam

396 1602 197 56 crastitas
547 1602 106 56 est
608 1602 106 56 vna
669 1602 106 56 res
729 1602 258 56 correspondens
941 1602 121 56 huic
1002 1602 121 56 aduer-

397 1649 85 50 bio
445 1649 109 50 cras.
518 1649 121 50 quando
603 1649 145 50 queritur
712 1649 121 50 quando
797 1649 133 50 orietur
894 1649 97 50 sol.
954 1649 73 50 et
978 1649 158 50 respondetur

403 1692 109 57 tras
471 1692 163 57 orietur.
593 1692 109 57 Unde
661 1692 95 57 non
715 1692 176 57 denotatur
851 1692 109 57 quod
919 1692 95 57 sol
973 1692 122 57 habet
1055 1692 109 57 modo

403 1736 105 52 vnam
469 1736 92 52 rem
521 1736 79 52 in
560 1736 92 52 se:
613 1736 144 52 propter
718 1736 105 52 quam
784 1736 92 52 sol
836 1736 105 52 vere
902 1736 144 52 orietur
1007 1736 118 52 cras.
1072 1736 66 52 si-

387 1779 102 53 cut
446 1779 145 53 sortes
547 1779 131 53 habet
635 1779 87 53 in
678 1779 87 53 se
722 1779 116 53 vnam
795 1779 102 53 rem
853 1779 160 53 propter
969 1779 116 53 quam
1042 1779 102 53 est
1086 1779 58 53 al

397 1819 109 59 bus.
466 1819 109 59 Unde
534 1819 82 59 si
575 1819 205 59 aristoteles
739 1819 178 59 tenuisset
875 1819 109 59 quod
944 1819 123 59 talia
1012 1819 123 59 relati-

399 1865 89 59 ua
444 1865 223 59 importarent
623 1865 134 59 tales
712 1865 194 59 respectus
861 1865 164 59 reales.
965 1865 164 59 oporteret

401 1914 95 51 eum
456 1914 136 51 ponere
551 1914 108 51 quod
618 1914 81 51 de
659 1914 122 51 facto
740 1914 81 51 in
781 1914 108 51 sole
849 1914 136 51 essent
944 1914 163 51 infinite
1052 1914 68 51 res

404 1956 135 53 tales.
498 1956 121 53 sicut
578 1956 81 53 de
619 1956 121 53 facto
700 1956 94 53 est
753 1956 121 53 verum
834 1956 135 53 dicere
928 1956 108 53 quod
995 1956 94 53 sol
1036 1956 94 53 erit:

407 1998 81 54 in
447 1998 175 54 infinitis
581 1998 135 54 diebus
676 1998 161 54 secundum
797 1998 108 54 eum.
864 1998 108 54 quia
931 1998 148 54 haberet
1025 1998 108 54 respe-

397 2046 108 51 ctum
465 2046 108 51 vnum
533 2046 149 51 propter
641 2046 108 51 quem
708 2046 176 51 diceretur
843 2046 95 51 sol
897 2046 149 51 orietur
1005 2046 122 51 cras.
1073 2046 54 51 et

403 2086 113 57 vnum
473 2086 127 57 alium
558 2086 155 57 propter
670 2086 113 57 quem
741 2086 183 57 diceretur
882 2086 113 57 quod
952 2086 155 57 orietur
1051 2086 84 57 post

403 2139 126 42 cras.
487 2139 84 42 et
529 2139 98 42 sic
585 2139 84 42 in
627 2139 196 42 infinitum.
782 2139 112 42 quod
852 2139 98 42 est
908 2139 126 42 satis
978 2139 154 42 absurdum.

438 2181 84 59 Et
480 2181 112 59 ideo
550 2181 112 59 dico
620 2181 112 59 quod
690 2181 126 59 talia
774 2181 140 59 nomina
872 2181 182 59 abstracta
1012 2181 98 59 non
1054 2181 84 59 sunt

410 2220 155 55 inuenta
522 2220 84 55 ad
565 2220 239 55 significandum
761 2220 127 55 alias
846 2220 98 55 res
902 2220 112 55 quam
958 2220 183 55 significam-

396 2267 161 49 turper
509 2267 129 49 alia
589 2267 177 49 nomina.
719 2267 113 49 sed
783 2267 97 49 ad
831 2267 177 49 breuius
944 2267 194 49 loquendum.

408 2314 120 53 quia
483 2314 194 53 aliquando
632 2314 90 53 ad
677 2314 165 53 vtendum
797 2314 150 53 nomine
902 2314 105 53 vno
961 2314 105 53 pro
1006 2314 120 53 multis

415 2346 200 64 nominibus.
572 2346 86 64 et
615 2346 158 64 propter
730 2346 129 64 alias
816 2346 243 64 commoditates.
1045 2346 86 64 Ad
1073 2346 72 64 ar-

414 2393 180 62 gumentum
549 2393 210 62 principale
714 2393 120 62 dico
790 2393 120 62 quod
865 2393 135 62 omnis
955 2393 165 62 relatio
1060 2393 75 62 que

410 2435 95 61 est
465 2435 163 61 realiter
587 2435 82 61 et
628 2435 191 61 subiectiue
778 2435 82 61 in
819 2435 95 61 deo
873 2435 191 61 constituit
1009 2435 123 61 aliquam

406 2480 185 68 personam.
548 2480 99 68 sed
605 2480 185 68 equalitas
747 2480 99 68 non
803 2480 199 68 accipiendo
959 2480 99 68 pro
1002 2480 142 68 personis

406 2535 101 50 que
463 2535 115 50 sunt
535 2535 159 50 equales
651 2535 101 50 non
708 2535 101 50 est
766 2535 173 50 realiter
896 2535 87 50 et
939 2535 202 50 subiectiue
1083 2535 58 50 in

418 2567 108 71 deo.
486 2567 95 71 non
540 2567 108 71 plus
608 2567 108 71 quam
675 2567 176 71 identitas
810 2567 135 71 sortis
905 2567 81 71 ad
945 2567 135 71 sortem
1040 2567 95 71 est
1080 2567 68 71 ali

1193 176 112 75 quid
1263 176 195 75 subiectiue
1416 176 168 75 existens
1542 176 84 75 in
1584 176 140 75 sorte.
1710 176 98 75 Per
1765 176 112 75 idem
1835 176 84 75 ad
1863 176 56 75 se

1201 242 148 43 cundum
1305 242 118 43 dico
1379 242 118 43 quod
1452 242 103 43 non
1512 242 118 43 sunt
1585 242 133 43 tales
1674 242 207 43 relationes
1822 242 118 43 reales

1195 275 191 47 subiectiue
1346 275 191 47 existentes
1496 275 82 47 in
1537 275 109 47 deo.
1605 275 82 47 Et
1646 275 82 47 si
1687 275 164 47 queratur
1810 275 82 47 an
1837 275 82 47 pos-

1208 320 93 55 set
1261 320 146 55 concedi
1367 320 106 55 quod
1434 320 173 55 equalitas
1566 320 93 55 est
1619 320 80 55 in
1659 320 120 55 patre
1739 320 80 55 ad
1779 320 146 55 filium.
1872 320 53 55 Di

1199 364 80 50 co
1239 364 107 50 quod
1306 364 147 50 proprie
1413 364 160 50 loquendo
1533 364 94 50 non
1586 364 120 50 debet
1667 364 147 50 concedi
1774 364 107 50 quod
1827 364 107 50 equali

1197 414 93 41 tas
1250 414 93 41 est
1303 414 80 41 in
1344 414 134 41 patre.
1437 414 93 41 sed
1490 414 120 41 debet
1571 414 147 41 concedi
1677 414 107 41 quod
1744 414 174 41 concretum
1864 414 67 41 il-

1211 447 104 60 lius
1276 447 169 60 abstracti
1405 447 194 60 praedicatur
1561 447 78 60 de
1600 447 130 60 patre.
1691 447 78 60 et
1730 447 91 60 sic
1768 447 169 60 intelligunt

1208 494 129 55 omnes
1294 494 143 55 sancti
1394 494 86 55 in
1437 494 115 55 illa
1508 494 172 55 materia.
1637 494 215 55 Distinctio.
1795 494 115 55 xxxii.

1513 548 253 94 Irca
1640 548 284 94 distin-

1526 620 151 70 ctionem.
1640 620 126 70 xxxii.
1728 620 139 70 quaero.
1842 620 88 70 Utrum

1532 673 119 56 pater
1611 673 93 56 sit
1664 673 146 56 sapiens
1771 673 159 56 sapietia
1877 673 53 56 ge

1527 715 102 61 nita.
1617 715 90 61 Quod
1674 715 90 61 sic.
1730 715 90 61 quia
1786 715 102 61 pater
1843 715 79 61 dicit

1532 758 121 60 verbo
1612 758 161 60 secundum
1733 758 134 60 beatum
1813 758 121 60 augusti

1520 802 106 60 num.
1586 802 106 60 tunc
1652 802 132 60 quaero
1745 802 93 60 Aut
1798 802 132 60 dicere
1877 802 53 60 ac

1205 847 127 66 cipitur
1298 847 197 66 essentialiter
1460 847 81 66 aut
1506 847 197 66 notionaliter.
1668 847 69 66 si
1703 847 208 66 essentialiter.
1865 847 69 66 ergo

1204 894 89 50 idem
1260 894 78 50 est
1304 894 89 50 quod
1360 894 178 50 intelligere.
1505 894 89 50 ergo
1560 894 100 50 pater
1627 894 156 50 intelligit
1750 894 100 50 verbo
1817 894 78 50 sic
1850 894 78 50 dicit

1203 935 120 56 verbo.
1287 935 72 56 et
1323 935 84 56 per
1371 935 168 56 consequens
1502 935 108 56 sapit
1574 935 156 56 sapientia
1694 935 132 56 genita.
1789 935 72 56 Si
1813 935 120 56 teneatur

1204 981 178 56 notionaliter
1348 981 89 56 tunc
1404 981 78 56 est
1448 981 89 56 idem
1503 981 89 56 quod
1559 981 133 56 gignere.
1659 981 78 56 sed
1703 981 78 56 hoc
1748 981 78 56 est
1792 981 111 56 falsa.
1858 981 67 56 patr

1213 1025 107 60 gignit
1288 1025 107 60 verbo.
1364 1025 75 60 sed
1407 1025 118 60 generat
1493 1025 118 60 verbum.
1579 1025 86 60 ergo
1632 1025 86 60 haec
1686 1025 75 60 est
1729 1025 107 60 falsa.
1804 1025 97 60 patet
1858 1025 75 60 dicit

1214 1071 142 57 verbo.
1313 1071 85 57 si
1355 1071 127 57 dicit
1440 1071 170 57 teneatur
1568 1071 241 57 notionaliter.
1794 1071 85 57 Ad
1823 1071 113 57 opposi

1208 1112 83 55 tum
1256 1112 83 55 est
1303 1112 143 55 magister
1410 1112 71 55 in
1446 1112 143 55 littera.
1577 1112 83 55 Ad.
1624 1112 71 55 q.
1660 1112 95 55 dico
1719 1112 95 55 quod
1779 1112 95 55 ptri
1838 1112 83 55 non
1874 1112 59 55 est

1213 1156 118 57 sapiens
1299 1156 140 57 sapientia
1407 1156 118 57 genita.
1493 1156 97 57 cuius
1557 1156 97 57 ratio
1622 1156 86 57 est.
1676 1156 86 57 quia
1730 1156 108 57 quando
1805 1156 75 57 per
1837 1156 97 57 aliquod

1210 1206 205 57 praedicabile
1377 1206 77 57 de
1415 1206 128 57 aliquo
1505 1206 77 57 si
1543 1206 179 57 actualiter
1684 1206 192 57 praedicatur
1825 1206 103 57 denota

1210 1254 82 41 tur
1257 1254 163 41 importatum
1385 1254 82 41 per
1432 1254 175 41 praedicatum
1572 1254 93 41 esse
1631 1254 152 41 subiectum
1747 1254 82 41 vel
1794 1254 93 41 esse
1841 1254 93 41 forma-

1211 1286 116 58 liter
1289 1286 77 58 et
1327 1286 181 58 subiectiue
1469 1286 77 58 in
1508 1286 155 58 subiecto
1624 1286 77 58 si
1663 1286 103 58 tali
1727 1286 181 58 praedicato
1857 1286 77 58 adda

1219 1332 79 57 tur
1264 1332 101 57 casus
1331 1332 146 57 ablatiuus
1444 1332 68 57 ad
1478 1332 79 57 hoc
1523 1332 90 57 quod
1579 1332 90 57 illa
1635 1332 158 57 propositio
1759 1332 79 57 sit
1804 1332 90 57 vera
1849 1332 90 57 requi-

1216 1377 106 52 ritur
1287 1377 94 52 quod
1345 1377 94 52 ille
1404 1377 153 52 ablatiuus
1521 1377 141 52 importet
1627 1377 106 52 illud
1697 1377 94 52 quod
1756 1377 164 52 importatur
1873 1377 59 52 per

1215 1422 168 49 subiectum
1345 1422 91 49 vel
1396 1422 142 49 aliquid
1500 1422 78 49 in
1539 1422 78 49 es
1578 1422 155 49 existens
1694 1422 181 49 formaliter
1836 1422 78 49 et
1862 1422 78 49 sub-

1208 1465 136 54 iectiue
1307 1465 87 54 ita
1356 1465 99 54 quod
1418 1465 87 54 sit
1467 1465 99 54 pars
1529 1465 87 54 vel
1579 1465 148 54 accidens
1690 1465 99 54 suum
1752 1465 148 54 Exemplum
1850 1465 87 54 huius

1216 1507 79 60 est.
1266 1507 79 60 quia
1315 1507 79 60 enim
1364 1507 69 60 per
1404 1507 89 60 istam
1463 1507 79 60 homo
1512 1507 69 60 est
1552 1507 99 60 animal
1621 1507 128 60 denotatur
1720 1507 79 60 quod
1769 1507 89 60 illud
1828 1507 79 60 quod
1868 1507 69 60 impor

1210 1554 105 49 tatur
1281 1554 82 49 per
1327 1554 176 49 praedicatum
1468 1554 82 49 sit
1515 1554 105 49 illud
1585 1554 94 49 quod
1643 1554 164 49 importatur
1772 1554 82 49 per
1807 1554 129 49 subiectum

1215 1595 90 66 Ideo
1271 1595 79 66 non
1316 1595 113 66 potest
1395 1595 79 66 hoc
1440 1595 90 66 esse
1497 1595 102 66 vera.
1565 1595 90 66 homo
1621 1595 79 66 est
1666 1595 113 66 animal
1745 1595 135 66 albedine
1847 1595 79 66 vel
1881 1595 56 66 la-

1216 1638 117 66 pide.
1294 1638 91 66 vel
1346 1638 91 66 deo
1398 1638 91 66 vel
1451 1638 169 66 quocumque
1581 1638 117 66 tali.
1659 1638 91 66 Sed
1711 1638 104 66 ista
1777 1638 130 66 potest
1855 1638 91 66 conm-

1225 1682 90 58 cedi
1281 1682 90 58 homo
1337 1682 78 58 est
1382 1682 112 58 animal
1460 1682 179 58 animalitate.
1606 1682 90 58 quia
1662 1682 157 58 animalitas
1785 1682 67 58 et
1819 1682 101 58 illud
1875 1682 67 58 quod

1210 1738 147 46 importatur
1326 1738 74 46 per
1368 1738 105 46 animal
1442 1738 179 46 principaliter
1589 1738 84 46 idem
1641 1738 84 46 est.
1694 1738 137 46 Similiter
1799 1738 74 46 hec
1841 1738 74 46 est
1872 1738 74 46 vera.

1218 1778 92 49 homo
1276 1778 81 49 est
1322 1778 104 49 albus
1391 1778 150 49 albedine.
1507 1778 92 49 quia
1564 1778 81 49 per
1610 1778 104 49 istam
1679 1778 92 49 homo
1737 1778 81 49 est
1783 1778 104 49 albus
1841 1778 92 49 denota

1214 1814 82 65 tur
1261 1814 94 65 quod
1320 1814 105 65 illud
1390 1814 94 65 quod
1448 1814 199 65 principaliter
1612 1814 164 65 importatur
1740 1814 82 65 per
1787 1814 105 65 album
1857 1814 82 65 sit
1892 1814 47 65 in

1221 1864 123 49 homine
1307 1864 185 49 subiectiue.
1455 1864 111 49 cuius
1529 1864 99 49 modi
1591 1864 86 49 est
1640 1864 136 49 albedo.
1738 1864 160 49 Similiter
1862 1864 86 49 est
1899 1864 49 49 de

1217 1899 111 63 ista.
1291 1899 99 63 homo
1352 1899 86 63 est
1402 1899 123 63 sciens
1488 1899 160 63 scientia.
1612 1899 74 63 Et
1649 1899 99 63 hic.
1710 1899 99 63 deus
1772 1899 86 63 est
1822 1899 99 63 homo
1871 1899 74 63 huma

1214 1944 128 56 nitate
1304 1944 90 56 est
1355 1944 166 56 specialis
1483 1944 128 56 modus.
1572 1944 102 56 quia
1636 1944 90 56 per
1687 1944 90 56 eam
1738 1944 179 56 denotatur:
1866 1944 77 56 quod

1213 1999 203 56 principale
1372 1999 232 56 significatum
1560 1999 130 56 homis
1647 1999 101 56 sit
1704 1999 145 56 vnitum
1806 1999 101 56 deo
1849 1999 87 56 quo-

1225 2039 116 56 modo
1297 2039 116 56 sibi
1369 2039 145 56 vnitur
1471 2039 203 56 humanitas.
1630 2039 87 56 et
1674 2039 101 56 ita
1732 2039 159 56 videtur
1833 2039 116 56 semper

1218 2078 201 66 propositio
1376 2078 129 66 vera.
1462 2078 101 66 Sed
1520 2078 115 66 ista
1592 2078 216 66 propositio.
1764 2078 129 66 pater
1850 2078 101 66 est
1893 2078 58 66 sa

1233 2126 105 50 piens
1303 2126 82 50 est
1350 2126 105 50 talis
1420 2126 140 50 secundum
1525 2126 117 50 omnes.
1607 2126 93 50 quod
1665 2126 163 50 importatur
1793 2126 82 50 per
1840 2126 82 50 eam
1875 2126 70 50 quod

1228 2167 173 61 principale
1364 2167 198 61 significatum
1524 2167 87 61 per
1574 2167 186 61 praedicatum
1722 2167 87 61 sit
1772 2167 148 61 realiter
1871 2167 74 61 idem

1230 2212 110 52 illi
1299 2212 110 52 quod
1368 2212 192 52 importatur
1519 2212 96 52 per
1574 2212 192 52 subiectum.
1725 2212 96 52 vel
1780 2212 82 52 in
1821 2212 82 52 eo
1848 2212 110 52 forma-

1235 2263 122 47 liter
1317 2263 81 47 et
1357 2263 190 47 subiectiue
1507 2263 163 47 existens
1629 2263 81 47 et
1669 2263 81 47 de
1710 2263 230 47 constitutione
1886 2263 68 47 ip-

1229 2300 113 51 sius.
1305 2300 100 51 ergo
1367 2300 100 51 sibi
1430 2300 88 51 non
1480 2300 125 51 potest
1568 2300 100 51 vere
1631 2300 100 51 addi
1693 2300 163 51 ablatiuus
1819 2300 113 51 casus
1881 2300 63 51 ni-

1221 2340 72 51 si
1257 2340 96 51 quia
1317 2340 108 51 talem
1389 2340 84 51 rem
1437 2340 156 51 importat.
1557 2340 84 51 sed
1606 2340 156 51 sapientia
1726 2340 120 51 genita
1810 2340 84 51 non
1858 2340 84 51 est
1894 2340 60 51 ta-

1229 2391 113 56 lis.
1299 2391 113 56 quia
1370 2391 99 56 nec
1426 2391 99 56 est
1483 2391 127 56 pater
1567 2391 99 56 nec
1624 2391 155 56 aliquid
1737 2391 85 56 de
1765 2391 183 56 constitutio

1227 2436 78 55 ne
1266 2436 143 55 patris.
1370 2436 104 55 ergo
1435 2436 117 55 talis
1513 2436 182 55 propositio
1656 2436 91 55 non
1708 2436 91 55 est
1760 2436 117 55 vera.
1864 2436 78 55 Ex
1890 2436 78 55 isto

1224 2472 114 66 patet
1300 2472 101 66 quod
1363 2472 139 66 quamuis
1464 2472 88 66 non
1515 2472 126 66 possit
1603 2472 139 66 concedi
1704 2472 101 66 quod
1768 2472 114 66 pater
1843 2472 88 66 est
1881 2472 76 66 sapi

1227 2523 93 54 ens
1280 2523 172 54 sapientia
1412 2523 145 54 genita.
1518 2523 132 54 potest
1610 2523 119 54 tamen
1690 2523 145 54 concedi
1795 2523 106 54 quod
1848 2523 106 54 filius

1231 2559 101 66 est
1288 2559 159 66 sapiens
1404 2559 188 66 sapientia
1549 2559 188 66 ingenita.
1694 2559 116 66 quia
1766 2559 188 66 sapientia
1897 2559 72 66 in
