2291 3061
259 253 155 79 genita
368 253 109 79 est
430 253 233 79 constituens
617 253 171 79 filium.
741 253 124 79 quia
803 253 171 79 sapientia

269 308 176 62 ingenita
402 308 103 62 est
460 308 191 62 essentia.
607 308 88 62 et
651 308 118 62 ideo
725 308 132 62 sicut
798 308 162 62 conceditu

266 348 101 70 quod
329 348 126 70 filius
417 348 88 70 est
467 348 138 70 sapiens
568 348 151 70 essentia
681 348 138 70 diuina.
782 348 88 70 ita
832 348 126 70 potest
907 348 63 70 con

262 396 113 61 cedi
333 396 113 61 quod
403 396 141 61 filius
502 396 99 61 sit
559 396 156 61 sapiens
672 396 184 61 sapientia
799 396 156 61 ingenita.

271 437 70 59 ⁋
299 437 84 59 Et
341 437 84 59 si
383 437 168 59 arguatur
508 437 168 59 secundum
634 437 140 59 beatum
732 437 209 59 augustinum.
885 437 84 59 idem

265 485 95 61 est
320 485 82 61 in
361 485 95 61 deo
415 485 136 61 sapere
510 485 82 61 et
551 485 122 61 esse.
633 485 109 61 ergo
701 485 82 61 si
742 485 136 61 filius
837 485 95 61 est
878 485 95 61 sapi-

260 529 105 58 eus
320 529 195 58 sapientia
470 529 180 58 ingenita
605 529 150 58 filius
709 529 105 58 est
769 529 195 58 sapientia
904 529 60 58 in

258 573 142 66 genita
357 573 114 66 quod
429 573 142 66 falsum
528 573 114 66 est.
600 573 114 66 quia
671 573 85 66 si
714 573 142 66 filius
813 573 128 66 esset
885 573 85 66 sapi

251 622 155 66 entia.
359 622 186 66 ingenita
498 622 108 66 non
560 622 139 66 esset
653 622 201 66 sapientia
792 622 139 66 genita.

266 655 78 69 ⁋
298 655 204 69 Respondeo
455 655 125 69 quod
533 655 204 69 sapientia
690 655 188 69 ingenita
815 655 157 69 duplici-

253 705 103 60 ter
312 705 207 60 accipitur.
475 705 133 60 sicut
563 705 192 60 ingenitum
711 705 148 60 potest
800 705 177 60 dupliciter

257 756 175 53 accipi.
384 756 111 53 Uno
448 756 127 53 modo
527 756 127 53 quod
606 756 206 53 ingenitum
765 756 127 53 vere
828 756 143 53 dicatur

261 793 123 64 esse
338 793 139 64 illud
430 793 123 64 quod
507 793 108 64 non
569 793 108 64 est
631 793 185 64 genitum.
770 793 93 64 et
816 793 123 64 isto
877 793 93 64 modo

254 843 161 56 essentia
374 843 134 56 diuina
468 843 94 56 est
521 843 174 56 ingenita.
655 843 107 56 Alio
722 843 107 56 modo
789 843 161 56 secundum
896 843 80 56 quod

257 881 173 63 dicitur
383 881 220 63 proprietas
555 881 126 63 soli
634 881 141 63 patri
728 881 235 63 conueniens.
901 881 78 63 Pri

245 927 94 59 mo
292 927 125 59 modo
371 927 172 59 concedo
496 927 125 59 quod
574 927 157 59 filius
684 927 110 59 est
747 927 204 59 sapientia
888 927 94 59 inge

250 984 125 49 nita.
333 984 125 49 sicut
416 984 139 49 filius
514 984 97 49 est
569 984 166 49 essentia
694 984 180 49 ingenita.
832 984 111 49 quia
888 984 83 49 tunc

257 1010 96 70 non
312 1010 110 70 plus
381 1010 179 70 denotatur
519 1010 110 70 nisi
588 1010 110 70 quod
656 1010 138 70 filius
753 1010 96 70 est
808 1010 110 70 illa
863 1010 110 70 sapien

250 1055 120 64 tia
318 1055 120 64 que
387 1055 120 64 est
455 1055 222 64 ingenita.
626 1055 188 64 Secundo
763 1055 137 64 modo
848 1055 120 64 non
900 1055 85 64 est

262 1101 249 59 concedendum
462 1101 133 59 quia
545 1101 133 59 isto
628 1101 133 59 modo
710 1101 133 59 idem
793 1101 116 59 est
843 1101 133 59 dicere

258 1145 143 64 silius
358 1145 100 64 est
415 1145 128 64 pater
500 1145 86 64 et
543 1145 143 64 filius
643 1145 100 64 est
700 1145 185 64 sapientia
828 1145 157 64 ingenita.

261 1187 135 69 quia
345 1187 219 69 ingenitum
514 1187 135 69 isto
598 1187 135 69 modo
682 1187 118 69 non
749 1187 202 69 conuenit
884 1187 101 69 diui

246 1234 103 69 ne
297 1234 206 69 essentie
452 1234 86 69 ⁋
486 1234 103 69 Ad
538 1234 241 69 argumentum
727 1234 241 69 principale
899 1234 86 69 di-

259 1281 76 63 co
297 1281 102 63 quod
361 1281 76 63 in
399 1281 102 63 ista
463 1281 216 63 propositione.
641 1281 115 63 pater
718 1281 115 63 dicit
794 1281 115 63 verbo
858 1281 127 63 secundum

251 1323 124 58 quod
328 1323 108 58 est
390 1323 124 58 vera
467 1323 124 58 tunc
544 1323 139 58 dicit
637 1323 201 58 equiualet
791 1323 108 58 tam
838 1323 154 58 notiona-

259 1365 79 66 li
298 1365 105 66 quam
364 1365 197 66 essentiali.
521 1365 79 66 et
560 1365 92 66 ita
613 1365 131 66 potest
705 1365 170 66 intelligi
836 1365 131 66 dictum
914 1365 79 66 mul-

252 1410 133 65 torum
341 1410 118 65 quod
415 1410 163 65 aliquod
533 1410 222 65 predicabile
711 1410 89 65 de
755 1410 104 65 deo
814 1410 104 65 nec
874 1410 104 65 est
918 1410 74 65 pu-

250 1447 115 66 rum
315 1447 214 66 notionale
480 1447 115 66 nec
546 1447 148 66 purum
645 1447 247 66 essentiale.
843 1447 115 66 sed
892 1447 99 66 equi

263 1499 136 57 ualet
354 1499 151 57 duobus
459 1499 151 57 simul.
565 1499 106 57 hoc
625 1499 106 57 est
686 1499 166 57 dictum.
807 1499 91 57 in
837 1499 151 57 diffini-

260 1540 144 61 tione
356 1540 224 61 exprimente
532 1540 128 61 quid
612 1540 144 61 nonis
707 1540 144 61 debet
803 1540 128 61 poni
867 1540 128 61 vtrum-

264 1592 124 69 quam.
347 1592 82 69 et
388 1592 96 69 ita
443 1592 96 69 est
498 1592 82 69 in
539 1592 179 69 proposito
676 1592 82 69 de
717 1592 151 69 dicere.
827 1592 82 69 et
868 1592 110 69 ideo
923 1592 69 69 non

250 1628 206 62 sequitur.
409 1628 143 62 pater
504 1628 143 62 dicit
599 1628 158 62 verbo.
710 1628 127 62 ergo
789 1628 143 62 pater
868 1628 111 62 sapii

266 1672 148 67 verbo.
370 1672 119 67 quia
444 1672 148 67 sapere
548 1672 104 67 est
607 1672 133 67 purum
696 1672 207 67 essentiale
844 1672 148 67 secundum

249 1719 266 66 omnes.
435 1719 292 66 Questio
621 1719 266 66 secunda.

426 1771 397 101 geundo
664 1771 318 101 quero.

471 1841 136 67 Utrum
561 1841 136 67 pater
652 1841 90 67 et
697 1841 151 67 filius
802 1841 181 67 diligant
923 1841 75 67 spi

447 1894 204 67 iritusancto.
612 1894 64 67 ⁋
638 1894 102 67 Quod
701 1894 102 67 non.
765 1894 102 67 quia
829 1894 114 67 sicut
905 1894 76 67 in
930 1894 64 67 deo

479 1937 103 57 idem
544 1937 90 57 est
595 1937 103 57 esse
660 1937 77 57 et
698 1937 129 57 sapere
789 1937 90 57 ita
840 1937 77 57 in
879 1937 90 57 deo
918 1937 77 57 idem

259 1986 91 55 est
311 1986 104 55 esse
376 1986 78 55 et
415 1986 169 55 diligere.
545 1986 104 55 ergo
610 1986 117 55 sicut
687 1986 78 55 ex
726 1986 104 55 ista
791 1986 117 55 pater
869 1986 91 55 est
908 1986 91 55 sapi-

265 2029 106 63 ens
325 2029 197 63 sapientia
477 2029 151 63 genita
583 2029 182 63 sequitur
719 2029 121 63 ista
794 2029 136 63 pater
885 2029 106 63 est
930 2029 61 63 sa

267 2068 159 69 pientia
382 2068 159 69 genita.
497 2068 101 69 ita
555 2068 87 69 ex
598 2068 115 69 ista
671 2068 130 69 pater
757 2068 159 69 diligit
858 2068 130 69 spiritu

272 2113 148 62 sancto
376 2113 178 62 sequitur
509 2113 133 62 ista.
598 2113 133 62 pater
686 2113 104 62 est
746 2113 178 62 spiritus
864 2113 133 62 sanctus

270 2156 81 68 sed
317 2156 92 68 ista
374 2156 81 68 est
420 2156 115 68 falsa.
501 2156 92 68 ergo
559 2156 69 68 et
593 2156 173 68 antecedens.
732 2156 69 68 Ad
766 2156 150 68 oppositum
882 2156 81 68 est
916 2156 81 68 magi-

275 2202 114 67 ster
346 2202 86 67 in
389 2202 171 67 littera.
517 2202 71 67 ⁋
546 2202 128 67 Circa
631 2202 143 67 istam.
731 2202 86 67 q.
774 2202 114 67 sunt
845 2202 128 67 multe
917 2202 71 67 opi

269 2244 122 58 quas
345 2244 107 58 non
406 2244 168 58 intendo
528 2244 198 58 recitare.
680 2244 122 58 Dico
756 2244 137 58 tamen
848 2244 91 58 ad
878 2244 122 58 questi

277 2290 106 58 onem
343 2290 159 58 breuiter
462 2290 106 58 quod
529 2290 80 58 si
569 2290 159 58 diligere
688 2290 119 58 esset
768 2290 119 58 purum
834 2290 159 58 essentiale

277 2335 83 57 et
319 2335 97 57 dum
374 2335 208 57 praedicatur
540 2335 83 57 de
582 2335 138 57 aliquo
679 2335 208 57 denotaretur
831 2335 166 57 importatum

280 2378 88 67 per
331 2378 189 67 praedicatum
482 2378 101 67 esse
546 2378 114 67 illud
621 2378 101 67 quod
684 2378 177 67 importatur
823 2378 88 67 per
861 2378 139 67 subiectum

288 2424 93 58 vel
341 2424 146 58 aliquid
447 2424 106 58 sibi
513 2424 146 58 vnitum.
619 2424 93 58 vel
672 2424 146 58 aliquid
779 2424 119 58 eius.
858 2424 119 58 sicut
924 2424 80 58 pars

291 2473 87 52 vel
340 2473 198 52 constituens.
501 2473 87 52 vel
551 2473 112 52 sicut
625 2473 161 52 accidens.
749 2473 112 52 sicut
824 2473 87 52 est
873 2473 74 52 de
898 2473 99 52 sapere

280 2513 110 59 tunc
349 2513 124 59 esset
432 2513 96 59 hec
487 2513 165 59 absolute
610 2513 138 59 falsa.
707 2513 124 59 pater
789 2513 83 59 et
830 2513 138 59 filius
913 2513 96 59 dili-

281 2556 112 62 gunt
351 2556 84 62 se
393 2556 253 62 spiritusancto.
604 2556 127 62 sicut
689 2556 98 62 hec
745 2556 98 62 est
801 2556 169 62 absolute
914 2556 84 62 fal-

287 2597 97 63 sa.
343 2597 125 63 pater
426 2597 125 63 sapit
510 2597 181 63 sapientia
649 2597 153 63 genita.
760 2597 84 63 Et
802 2597 111 63 ideo
872 2597 97 63 cum
913 2597 84 63 ista

284 2648 65 65 a
310 2648 156 65 saunctis
427 2648 182 65 concedatur
570 2648 78 65 et
609 2648 104 65 alia
675 2648 104 65 non.
740 2648 143 65 oportet
844 2648 130 65 dicere
922 2648 78 65 quod

1064 246 154 64 diligere
1179 246 90 64 non
1231 246 90 64 est
1282 246 115 64 purum
1359 246 179 64 essentiale
1499 246 115 64 sicut
1576 246 141 64 sapere.
1679 246 77 64 et
1704 246 77 64 pro-

1063 296 100 58 pter
1126 296 88 58 hoc
1176 296 100 58 addi
1239 296 125 58 potest
1326 296 100 58 sibi
1389 296 150 58 ablatius
1502 296 88 58 qui
1552 296 88 58 non
1602 296 150 58 importat
1702 296 75 58 idem

1062 340 151 54 omnino
1168 340 197 54 importato
1319 340 106 54 per
1380 340 212 54 subiectum.
1547 340 106 54 nec
1607 340 151 54 vnitum
1698 340 91 54 sibi

1063 382 95 57 nec
1118 382 204 57 constituens
1281 382 136 57 ipsum.
1376 382 95 57 nec
1430 382 149 57 partem.
1538 382 95 57 nec
1593 382 163 57 accidens
1701 382 68 57 eit

1063 426 64 60 ⁋
1089 426 90 60 Sed
1140 426 103 60 tunc
1204 426 90 60 est
1255 426 128 60 dubium
1345 426 103 60 quid
1409 426 90 60 per
1461 426 115 60 istam
1537 426 179 60 denotatur.
1678 426 64 60 ⁋
1704 426 77 60 Et
1730 426 51 60 di

1056 472 96 58 cut
1111 472 137 58 aliqui
1207 472 110 58 quod
1275 472 110 58 iste
1344 472 178 58 ablatiuus
1481 472 205 58 construitur
1645 472 82 58 in
1673 472 123 58 ratione

1062 526 154 42 effectus
1178 526 167 42 formalis.
1306 526 103 42 Unde
1370 526 141 42 dicitur
1473 526 103 42 quod
1537 526 90 42 cum
1588 526 90 42 res
1627 526 154 42 communiter

1059 559 230 59 denominentur
1246 559 72 59 a
1274 559 115 59 suis
1346 559 158 59 formis.
1461 559 129 59 sicut
1548 559 129 59 albus
1634 559 86 59 ab
1663 559 129 59 albedi-

1056 603 104 56 ne.
1116 603 90 56 et
1161 603 119 56 homo
1235 603 90 56 ab
1280 603 224 56 humanitate.
1459 603 119 56 omne
1533 603 134 56 illud
1623 603 75 56 a
1653 603 104 56 quo
1698 603 90 56 ali-

1069 650 106 51 quid
1135 650 200 51 denominatur
1295 650 146 51 quantum
1401 650 80 51 ad
1441 650 93 51 hoc
1494 650 120 51 habet
1574 650 160 51 rationem
1681 650 106 51 forme.

1063 689 184 59 contingit
1205 689 128 59 autem
1290 689 156 59 aliquid
1403 689 199 59 denominari
1559 689 85 59 ab
1602 689 113 59 illo
1673 689 113 59 quod
1729 689 57 59 ab

1074 734 93 63 ipso
1133 734 152 63 procedit.
1250 734 140 63 scilicet
1355 734 58 63 a
1378 734 129 63 termino
1472 734 140 63 actionis
1577 734 93 63 quae
1635 734 82 63 est
1670 734 117 63 effectus

1067 783 112 53 eius.
1141 783 112 53 sicut
1216 783 137 53 dicitur
1315 783 99 53 quod
1377 783 112 53 arbor
1452 783 124 53 floret
1539 783 149 53 floribus
1650 783 75 53 et
1688 783 99 53 isto
1737 783 50 53 mo

1064 823 80 61 do
1104 823 160 61 secundum
1224 823 107 61 quod
1290 823 160 61 diligere
1410 823 213 61 notionaliter
1584 823 147 61 sumitur
1677 823 120 61 concedi

1078 878 85 47 tur
1126 878 97 47 quod
1187 878 109 47 pater
1260 878 73 47 et
1296 878 121 47 filius
1381 878 145 47 diligunt
1490 878 73 47 se
1526 878 73 47 et
1563 878 85 47 nos
1599 878 182 47 spiritusancto

1078 915 94 66 qui
1131 915 94 66 sic
1185 915 160 66 diligere
1305 915 120 66 nihil
1385 915 120 66 aliud
1465 915 94 66 est
1519 915 107 66 quam
1586 915 147 66 spirare
1679 915 107 66 amorem

1075 950 77 58 ⁋
1105 950 108 58 Sed
1167 950 123 58 ista
1244 950 154 58 opinio
1352 950 108 58 non
1414 950 108 58 est
1476 950 216 58 conueniens
1645 950 108 58 Nam
1691 950 93 58 quod

1073 1005 119 61 primo
1152 1005 119 61 dicit
1231 1005 79 61 de
1270 1005 145 61 effectu
1376 1005 145 61 formali
1481 1005 92 61 non
1534 1005 92 61 est
1586 1005 145 61 proprie
1679 1005 105 61 dictum

1076 1047 97 55 qui
1132 1047 97 55 non
1187 1047 97 55 est
1242 1047 166 55 effectus
1367 1047 166 55 formalis
1492 1047 139 55 talis.
1589 1047 125 55 sicut
1672 1047 111 55 enim
1728 1047 55 55 ni

1076 1091 88 54 hil
1127 1091 88 54 est
1177 1091 126 54 dicere
1265 1091 101 54 quod
1328 1091 88 54 est
1378 1091 151 54 effectus
1491 1091 176 54 effectiuus
1629 1091 88 54 ita
1679 1091 88 54 nec
1717 1091 63 54 est

1071 1143 157 47 effectus
1189 1143 170 47 formalis.
1320 1143 92 47 sed
1372 1143 118 47 sicut
1451 1143 170 47 contingit
1582 1143 131 47 dicere
1674 1143 105 47 quod
1726 1143 79 47 ali-

1070 1176 107 56 quis
1137 1176 94 56 est
1190 1176 161 56 effectus
1311 1176 201 56 efficientis
1471 1176 94 56 non
1525 1176 201 56 effectualis
1686 1176 94 56 nec
1726 1176 67 56 ef-

1075 1218 173 59 fectiuus
1204 1218 101 59 ita
1262 1218 101 59 est
1320 1218 159 59 aliquis
1435 1218 173 59 effectus
1565 1218 130 59 forme
1652 1218 101 59 non
1695 1218 101 59 forma

1071 1263 104 57 lis
1130 1263 192 57 effectus.
1278 1263 118 57 Unde
1352 1263 178 57 effectus
1485 1263 133 57 forme
1574 1263 104 57 est
1633 1263 133 57 totum
1707 1263 89 57 con-

1070 1307 147 68 positum.
1180 1307 73 68 et
1217 1307 98 68 ideo
1278 1307 86 68 non
1327 1307 86 68 est
1376 1307 110 68 verum
1449 1307 98 68 quod
1510 1307 135 68 dicitur
1608 1307 73 68 ab
1645 1307 122 68 istis.
1719 1307 73 68 quod

1071 1358 110 52 esse
1140 1358 124 52 album
1223 1358 97 52 est
1278 1358 166 52 effectus
1402 1358 166 52 formalis
1527 1358 193 52 albedinis.
1679 1358 83 52 et
1706 1358 83 52 quod

1069 1395 103 58 esse
1134 1395 155 58 animatum
1250 1395 90 58 est
1302 1395 155 58 effectus
1418 1395 155 58 formalis
1534 1395 129 58 anime.
1625 1395 129 58 potest
1703 1395 90 58 tamen

1079 1444 145 52 concedi
1184 1444 105 52 quod
1250 1444 118 52 totum
1329 1444 184 52 compositum
1473 1444 92 52 est
1526 1444 158 52 effectus
1644 1444 131 52 forme.
1723 1444 79 52 quia

1076 1484 85 57 hoc
1125 1484 85 57 non
1173 1484 85 57 est
1222 1484 110 57 aliud
1295 1484 98 57 quam
1356 1484 122 57 dicere
1442 1484 98 57 quod
1503 1484 110 57 anima
1576 1484 85 57 vel
1625 1484 110 57 forma
1698 1484 85 57 est
1735 1484 73 57 pars

1072 1540 141 49 totius
1171 1540 197 49 compositi.
1326 1540 70 49 ⁋
1354 1540 155 49 Similit
1467 1540 113 49 quod
1537 1540 155 49 dicitur
1650 1540 113 49 quod
1720 1540 99 49 ome
1763 1540 42 49 a

1079 1574 102 56 quo
1138 1574 219 56 denominatur
1313 1574 161 56 aliquid
1430 1574 132 56 habet
1518 1574 175 56 rationem
1649 1574 146 56 forme.
1737 1574 73 56 Uel

1070 1612 93 61 est
1123 1612 199 61 simplicitur
1282 1612 132 61 falsum
1374 1612 93 61 vel
1427 1612 238 61 impropriissime
1626 1612 146 61 dictum.
1719 1612 79 61 tunc

1076 1659 114 56 enim
1147 1659 186 56 oporteret
1290 1659 143 56 dicere
1390 1659 114 56 quod
1461 1659 171 56 creatura
1590 1659 129 56 habet
1661 1659 143 56 rationem

1077 1700 120 62 forme
1157 1700 160 62 respectu
1277 1700 107 62 dei.
1343 1700 107 62 quia
1410 1700 107 62 deus
1477 1700 147 62 dicitur
1583 1700 173 62 creatiuus
1717 1700 80 62 et
1743 1700 67 62 non

1082 1752 112 53 nisi
1152 1752 167 53 creature
1277 1752 98 53 est
1333 1752 181 53 creatius.
1472 1752 112 53 ergo
1542 1752 167 53 creatura
1668 1752 98 53 est
1709 1752 98 53 forma

1079 1789 121 58 dei.
1154 1789 76 58 ⁋
1185 1789 196 58 Similiter
1336 1789 121 58 quod
1411 1789 166 58 dicitur
1532 1789 257 58 principaliter
1728 1789 76 58 nou

1083 1834 86 56 est
1132 1834 122 56 verum.
1217 1834 98 56 quia
1278 1834 73 56 si
1315 1834 147 56 diligere
1425 1834 147 56 secundum
1535 1834 98 56 quod
1596 1834 134 56 sumitur
1682 1834 122 56 notiona-

1085 1883 115 53 liter
1162 1883 89 53 non
1213 1883 89 53 sit
1264 1883 102 53 nisi
1328 1883 141 53 spirare
1430 1883 128 53 amorem
1520 1883 102 53 ergo
1584 1883 77 53 si
1622 1883 115 53 pater
1686 1883 115 53 diligit

1087 1921 101 68 filium
1157 1921 181 68 spiritusancto.
1308 1921 91 68 pater
1369 1921 121 68 spiraret
1459 1921 101 68 filium
1529 1921 121 68 spiritut
1620 1921 111 68 sanctsa
1700 1921 60 68 ct
1720 1921 91 68 onequns

1084 1968 97 57 est
1140 1968 181 57 manifeste
1279 1968 153 57 falsum.
1390 1968 111 57 ergo
1459 1968 111 57 etc.
1528 1968 181 57 Similiter
1667 1968 83 57 si
1695 1968 125 57 dilige-

1075 2010 82 62 re
1116 2010 165 62 secundum
1240 2010 110 62 quod
1309 2010 151 62 sumitur
1419 2010 220 62 notionaliter
1597 2010 82 62 se
1638 2010 124 62 habet
1721 2010 82 62 ad
1748 2010 69 62 pa-

1082 2052 93 62 tre
1135 2052 80 62 et
1175 2052 80 62 ad
1215 2052 133 62 filium
1308 2052 120 62 sicut
1388 2052 147 62 florere
1495 2052 80 62 ad
1535 2052 160 62 arborem.
1655 2052 107 62 ergo
1709 2052 93 62 sicut

1082 2097 94 61 non
1135 2097 187 61 conceditur
1282 2097 107 61 quod
1349 2097 120 61 arbor
1429 2097 134 61 floret
1523 2097 80 61 se
1563 2097 174 61 floribus.
1697 2097 94 61 ita
1737 2097 67 61 non

1087 2139 80 61 est
1132 2139 171 61 concedendum
1269 2139 91 61 quod
1326 2139 102 61 pater
1394 2139 125 61 diligit
1485 2139 91 61 sies
1542 2139 137 61 spiritum
1644 2139 137 61 sanctum.
1746 2139 57 61 ⁋
1758 2139 68 61 Ideo

1088 2185 116 63 potest
1169 2185 93 63 dici
1227 2185 69 63 ad
1262 2185 162 63 questionem
1389 2185 93 63 quod
1447 2185 139 63 diligere
1551 2185 139 63 secundum
1656 2185 93 63 quod
1702 2185 104 63 sumiter

1087 2229 245 54 notionaliter
1285 2229 107 54 non
1347 2229 107 54 est
1408 2229 229 54 simpliciter
1591 2229 122 54 idem
1667 2229 122 54 quod
1729 2229 76 54 spi

1081 2275 123 54 rare.
1163 2275 109 54 quia
1232 2275 109 54 tunc
1300 2275 123 54 sicut
1382 2275 96 54 hec
1436 2275 96 54 est
1491 2275 137 54 falsa.
1587 2275 123 54 pater
1668 2275 82 54 et
1696 2275 109 54 filius

1084 2316 156 61 spirant
1197 2316 85 61 se
1239 2316 255 61 spiritusancto.
1452 2316 99 61 sic
1508 2316 127 61 esset
1593 2316 99 61 hec
1649 2316 141 61 falsa.
1734 2316 71 61 pas

1095 2361 90 57 et
1140 2361 150 57 filius
1245 2361 179 57 diligunt
1379 2361 90 57 se
1424 2361 269 57 spiritusancto.
1648 2361 105 57 Sed
1693 2361 120 57 dilige

1095 2406 93 57 re
1141 2406 123 57 isto
1218 2406 123 57 modo
1295 2406 185 57 includit
1434 2406 185 57 diligere
1573 2406 123 57 quod
1650 2406 108 57 est
1696 2406 108 57 omni-

1100 2449 103 58 bus
1159 2449 133 58 modis
1248 2449 147 58 diuina
1351 2449 191 58 essentia.
1498 2449 88 58 et
1542 2449 191 58 similiter
1674 2449 133 58 spirare

1096 2492 94 63 ita
1149 2492 108 63 quod
1217 2492 108 63 ista
1284 2492 121 63 pater
1365 2492 81 63 et
1405 2492 135 63 filius
1499 2492 161 63 diligunt
1620 2492 81 63 se
1647 2492 175 63 spiritusan-

1092 2542 94 57 cto
1145 2542 174 57 equiualet
1279 2542 120 57 isti.
1359 2542 120 57 pater
1439 2542 80 57 et
1480 2542 134 57 filius
1573 2542 161 57 diligunt
1694 2542 80 57 se
1720 2542 94 57 amore

1091 2580 180 57 absoluto
1226 2580 90 57 et
1271 2580 225 57 essentiali.
1451 2580 90 57 et
1496 2580 105 57 sic
1556 2580 195 57 diligendo
1691 2580 120 57 produ-

1098 2624 97 78 cunt
1158 2624 230 78 spiritumsanctum
1352 2624 133 78 tanquam
1448 2624 121 78 amorem
1533 2624 169 78 vtriusque.
1666 2624 85 78 vni
1702 2624 121 78 scilicet
