2237 3075
258 222 68 62 in
292 222 125 62 symbolo
382 222 159 62 athanasii.
507 222 91 62 quia
563 222 91 62 deus
620 222 102 62 pater
688 222 91 62 deus
745 222 113 62 filius
824 222 91 62 dite
869 222 102 62 scilisa

262 267 75 48 et
299 267 113 48 tamen
374 267 88 48 non
424 267 100 48 tres
487 267 88 48 dii
537 267 88 48 sed
587 267 100 48 vnus
649 267 88 48 est
699 267 113 48 deus.
774 267 75 48 et
812 267 88 48 sic
862 267 75 48 de
887 267 88 48 aliis

260 311 67 52 Et
293 311 67 52 si
327 311 124 52 dicatur
417 311 90 52 quod
473 311 124 52 quamuis
563 311 79 52 non
608 311 90 52 sint
664 311 124 52 proprie
754 311 90 52 vnus
811 311 90 52 deus
867 311 101 52 tamen
923 311 45 52 no

265 355 99 63 sunt
327 355 99 63 tres
388 355 99 63 dii.
450 355 74 63 et
487 355 87 63 hoc
537 355 149 63 intendit
648 355 173 63 athanasius
784 355 136 63 Contra.
871 355 99 63 quando

259 403 151 51 aliquid
369 403 82 51 de
410 403 137 51 multis
506 403 206 51 praedicatur
671 403 151 51 diuisim
781 403 192 51 necessario
918 403 55 51 de

250 452 110 49 illis
323 452 110 49 simul
396 452 196 49 praedicatur.
555 452 86 49 vel
604 452 73 49 in
641 452 122 49 numero
727 452 159 49 singulari
849 452 86 49 vel
885 452 86 49 plura

259 492 62 50 li.
295 492 62 50 sed
330 492 62 50 hec
366 492 62 50 est
402 492 80 50 vera.
455 492 80 50 pater
509 492 62 50 est
545 492 80 50 deus.
598 492 54 50 et
625 492 116 50 similiter
714 492 89 50 filius
777 492 62 50 est
812 492 80 50 deus.
866 492 54 50 et
884 492 98 50 similiter

256 542 111 44 sritctus
339 542 65 44 est
376 542 84 44 deus.
432 542 74 44 ergo
479 542 130 44 necessario
581 542 84 44 pater
637 542 56 44 et
664 542 84 44 fimis
720 542 65 44 iet
757 542 111 44 sirictus
841 542 111 44 cicesant
915 542 56 44 vnus

259 579 93 59 deus
317 579 81 59 vel
364 579 93 59 sunt
421 579 93 59 tres
479 579 93 59 dii.
537 579 69 59 et
572 579 81 59 non
618 579 104 59 sunti
688 579 93 59 vnus
746 579 93 59 deus
803 579 139 59 secundum
896 579 81 59 istam

251 617 117 61 opinion
336 617 85 61 ergo
390 617 85 61 ista
443 617 128 61 opiniono
538 617 96 61 habet
602 617 138 61 concedere
708 617 85 61 quod
761 617 85 61 sunt
815 617 85 61 tres
868 617 85 61 dii.
910 617 64 61 Con-

256 669 118 51 firmatur.
346 669 72 51 quia
392 669 63 51 non
428 669 99 51 possunt
500 669 72 51 dici
545 669 81 51 pater
599 669 54 51 et
627 669 90 51 filius
690 669 108 51 spiritus
771 669 108 51 sanctus.
853 669 72 51 vnus
898 669 72 51 deus
934 669 36 51 ni

254 709 69 52 si
288 709 126 52 propter
380 709 172 52 identitatem
518 709 138 52 essentie
621 709 115 52 diuine
701 709 69 52 in
736 709 92 52 eis.
793 709 80 52 sed
839 709 80 52 hoc
885 709 80 52 non
920 709 57 52 suf

252 757 113 54 ficit
328 757 100 54 quia
390 757 213 54 quantumcumque
566 757 75 54 in
603 757 150 54 diuersis
716 757 175 54 compositis
854 757 88 54 sit
891 757 88 54 eadem

262 807 133 45 materia
359 807 145 45 secundum
468 807 145 45 numerum.
577 807 133 45 numquam
674 807 133 45 propter
771 807 85 45 hoc
819 807 133 45 possunt
904 807 73 45 dici

260 852 101 50 vnum
324 852 189 50 compositum.
475 852 114 50 etiam
551 852 76 50 si
589 852 114 50 eadem
664 852 114 50 simul
740 852 114 50 esset
816 852 88 50 sub
854 852 126 50 diuersis

245 889 199 59 compositis.
404 889 120 59 adhuc
484 889 93 59 non
537 889 186 59 dicerentur
683 889 106 59 vnum
750 889 199 59 compositum.
896 889 80 59 ergo

258 933 112 51 eodem
332 933 100 51 modo
394 933 75 51 in
432 933 162 51 proposito
556 933 137 51 propter
656 933 187 51 identitatem
805 933 149 51 essentie
905 933 62 51 not

248 978 141 62 possent
351 978 103 62 tres
415 978 141 62 persone
518 978 103 62 dici
582 978 103 62 vnus
646 978 103 62 deus
710 978 64 62 â‹
736 978 154 62 Preterea
839 978 141 62 quandocum

259 1024 83 54 que
306 1024 71 54 in
342 1024 118 54 aliquo
425 1024 165 54 concurrunt
555 1024 154 54 distincta
673 1024 154 54 realiter.
791 1024 71 54 si
826 1024 130 54 faciunt
909 1024 59 54 per

258 1066 75 55 se
296 1066 100 55 vnum
359 1066 176 55 necessario
497 1066 113 55 illud
572 1066 100 55 erit
635 1066 188 55 compositum.
786 1066 100 55 ergo
848 1066 75 55 si
874 1066 100 55 essen-

253 1109 85 59 tia
302 1109 73 59 et
338 1109 134 59 relatio
436 1109 220 59 distinguuntur.
619 1109 134 59 persona
717 1109 85 59 cum
765 1109 85 59 non
814 1109 85 59 sit
863 1109 98 59 vnum
912 1109 61 59 per

259 1162 142 49 accidens
366 1162 83 49 sed
413 1162 83 49 per
460 1162 71 49 se
496 1162 95 49 erit
555 1162 166 49 composita.
685 1162 71 49 Et
721 1162 71 49 si
756 1162 130 49 dicatur
851 1162 95 49 quod
898 1162 83 49 essen

257 1199 90 50 tia
309 1199 90 50 non
360 1199 155 50 componit
477 1199 90 50 cum
529 1199 168 50 relatione
658 1199 142 50 propter
761 1199 90 50 sui
800 1199 168 50 infinitatem

268 1243 77 56 hoc
312 1243 77 56 non
356 1243 111 56 valet.
434 1243 89 56 quia
489 1243 100 56 eadem
556 1243 122 56 ratione
644 1243 66 56 et
677 1243 89 56 eque
733 1243 144 56 faciliter
843 1243 100 56 dicam
899 1243 66 56 quod

250 1283 161 56 materia
367 1283 102 56 non
426 1283 175 56 componit
557 1283 102 56 cum
615 1283 146 56 forma.
717 1283 161 56 propter
834 1283 117 56 suam
892 1283 88 56 mini

251 1331 90 44 mam
303 1331 180 44 entitatem.
444 1331 64 44 â‹
470 1331 77 44 Ex
509 1331 180 44 praedictis
651 1331 155 44 sequitur
767 1331 103 44 quod
818 1331 155 44 proprietas

256 1373 74 52 vel
299 1373 117 52 relatio
384 1373 74 52 est
426 1373 127 52 realiter
522 1373 127 52 persona.
617 1373 85 52 quae
670 1373 74 52 est
713 1373 117 52 secunda
798 1373 85 52 pars
851 1373 117 52 secunde
925 1373 64 52 con-

257 1414 154 53 clusionis.
378 1414 77 53 hoc
422 1414 110 53 patet.
500 1414 88 53 quia
555 1414 110 53 quando
632 1414 121 53 aliquid
720 1414 77 53 est
764 1414 132 53 realiter
864 1414 88 53 omne
908 1414 66 53 con-

256 1464 145 51 stituens
365 1464 133 51 aliquod
461 1464 181 51 costitutum.
606 1464 169 51 necessario
739 1464 84 51 est
787 1464 145 51 realiter
884 1464 84 51 illud

263 1511 172 50 constitutum.
403 1511 75 50 sed
446 1511 129 50 ostensum
542 1511 75 50 est
585 1511 86 50 quod
639 1511 118 50 relatio
725 1511 75 50 est
767 1511 129 50 realiter
864 1511 107 50 diuina
928 1511 54 50 est

260 1553 122 57 sentia.
349 1553 67 57 et
382 1553 156 57 manifestum
505 1553 78 57 est
549 1553 89 57 quod
605 1553 89 57 ipsa
660 1553 78 57 est
705 1553 100 57 eadem
772 1553 134 57 sibiipsi
861 1553 122 57 realiter.

258 1594 89 57 ergo
314 1594 78 57 est
358 1594 134 57 realiter
459 1594 89 57 ipsa
515 1594 123 57 persona
604 1594 168 57 constituta.
738 1594 89 57 quia
794 1594 89 57 omne
839 1594 134 57 costituens

253 1639 85 55 vel
302 1639 85 55 est
350 1639 146 55 realiter
460 1639 97 55 ipsa
521 1639 146 55 essentia
630 1639 122 55 diuina
715 1639 85 55 vel
764 1639 134 55 relatio
861 1639 97 55 siue
910 1639 61 55 pro

254 1684 146 50 praetas
360 1684 225 50 constitutiua.
545 1684 66 50 â‹
572 1684 79 50 Ad
611 1684 132 50 primum
704 1684 185 50 principale
850 1684 119 50 patet
916 1684 66 50 ali

262 1725 71 49 bi
298 1725 94 49 quod
356 1725 94 49 illa
415 1725 106 49 maior
486 1725 82 49 est
533 1725 118 49 falsa.
615 1725 94 49 nisi
674 1725 94 49 sint
733 1725 94 49 idem
792 1725 141 49 realiter
898 1725 71 49 et
921 1725 59 49 for

256 1767 146 52 maliter.
365 1767 85 52 non
414 1767 85 52 sic
462 1767 109 52 autem
535 1767 85 52 est
584 1767 73 52 de
621 1767 146 52 essentia
730 1767 73 52 et
766 1767 182 52 proprietate
900 1767 73 52 siue

252 1811 189 52 relatione.
400 1811 94 52 sed
454 1811 94 52 hoc
507 1811 94 52 est
561 1811 162 52 speciale
683 1811 81 52 in
723 1811 162 52 diuinis.
844 1811 121 52 sicut
912 1811 67 52 est

259 1855 96 60 ibi
314 1855 164 60 speciale
437 1855 109 60 quod
505 1855 96 60 vna
560 1855 96 60 res
614 1855 150 60 simplex
724 1855 82 60 et
765 1855 205 60 indistincta
915 1855 68 60 est

247 1899 111 53 tres
317 1899 111 53 res.
386 1899 70 53 â‹
414 1899 84 53 Ad
456 1899 167 53 secundum
581 1899 111 53 quod
651 1899 84 53 in
693 1899 153 53 diuinis
790 1899 181 53 constituens

262 1943 70 54 et
297 1943 174 54 constitutum
437 1943 93 54 sunt
495 1943 93 54 idem
553 1943 151 54 realiter.
669 1943 70 54 et
704 1943 128 54 numquam
797 1943 116 54 alibi.
878 1943 70 54 Ad
901 1943 70 54 pro-

257 1989 136 57 bationem
359 1989 102 57 patet
427 1989 79 57 per
472 1989 147 57 praedicta
585 1989 68 57 in
619 1989 170 57 praecedenti
755 1989 181 57 distinctione
902 1989 79 57 vbi
936 1989 34 57 d

254 2033 87 54 ctum
308 2033 76 54 est
352 2033 76 54 quo
395 2033 87 54 idem
449 2033 108 54 potest
525 2033 119 54 referri
611 2033 65 54 ad
644 2033 65 54 se
676 2033 141 54 realiter.
784 2033 87 54 quia
838 2033 65 54 in
860 2033 108 54 proposi-

259 2078 66 48 to
292 2078 77 48 hoc
336 2078 77 48 non
381 2078 77 48 est
425 2078 100 48 aliud
491 2078 89 48 quam
547 2078 111 48 dicere
624 2078 89 48 quod
679 2078 155 48 paternitas
801 2078 133 48 realiter
890 2078 77 48 const

250 2117 116 59 tuit
322 2117 145 59 patrem
423 2117 87 59 et
467 2117 116 59 quod
539 2117 203 59 paternitas
699 2117 174 59 realiter
829 2117 101 59 est
873 2117 101 59 pater

276 2169 79 50 â‹
308 2169 283 50 Distinctionis.
543 2169 188 50 xxxiiii.
685 2169 173 50 Questio
794 2169 126 50 vnica.

496 2214 237 95 Irca
615 2214 356 95 distinctio

512 2302 106 59 nem.
578 2302 160 59 xxxiiii.
698 2302 133 59 quero.
791 2302 67 59 â‹
818 2302 120 59 Utrum
884 2302 80 59 pers

499 2341 88 49 na
543 2341 103 49 sit
602 2341 177 49 realiter
735 2341 177 49 essentia
853 2341 118 49 diuina

520 2385 97 62 Quod
580 2385 97 62 non.
641 2385 97 62 quia
702 2385 85 62 sic
750 2385 194 62 multiplicata
895 2385 85 62 perso

516 2432 80 60 na
556 2432 254 60 multiplicaretur
770 2432 174 60 essentia:
891 2432 80 60 quod

510 2476 87 51 est
559 2476 162 51 manifeste
684 2476 137 51 falsum.
784 2476 100 51 ergo
846 2476 100 51 etc.
908 2476 62 51 â‹
933 2476 75 51 Ad

266 2512 180 65 oppositum
405 2512 97 65 est
460 2512 166 65 magister
585 2512 83 65 in
626 2512 166 65 littera.
751 2512 69 65 â‹
778 2512 83 65 Ad
820 2512 125 65 istam
889 2512 97 65 quae-

268 2565 125 46 stionem
358 2565 102 46 patet
427 2565 148 46 responsio
540 2565 68 46 ex
574 2565 182 46 praecedenti.
722 2565 68 46 q.
756 2565 91 46 quia
813 2565 114 46 quando
881 2565 102 46 consti-

261 2612 142 72 tuentia
364 2612 103 72 sunt
429 2612 103 72 idem
493 2612 155 72 realiter
609 2612 116 72 inter
687 2612 90 72 se.
738 2612 180 72 necessario
867 2612 116 72 consti

1065 221 109 62 tutum
1138 221 85 62 est
1186 221 97 62 idem
1246 221 145 62 realiter
1355 221 133 62 vtrique
1452 221 230 62 constituentium.
1646 221 85 62 sed
1694 221 73 62 in
1718 221 73 62 pro-

1076 274 140 47 posito
1174 274 209 47 paternitas.
1341 274 84 47 et
1383 274 168 47 essentia
1509 274 98 47 sic
1565 274 84 47 se
1606 274 140 47 habent
1690 274 84 47 quod

1070 318 153 43 vtrumque
1185 318 89 43 est
1236 318 153 43 realiter
1351 318 102 43 idem
1414 318 140 43 alteri.
1516 318 102 43 ergo
1580 318 140 43 persona
1682 318 89 43 que
1720 318 64 43 est

1064 361 82 41 ex
1105 361 96 41 eis
1160 361 109 41 quid
1228 361 205 41 constitutum
1392 361 96 41 est
1447 361 109 41 idem
1516 361 164 41 realiter
1639 361 96 41 tam
1680 361 109 41 essen-

1072 401 87 48 tie
1121 401 99 48 quam
1183 401 199 48 paternitati.
1345 401 112 48 Maior
1420 401 124 48 patet.
1507 401 99 48 quia
1569 401 112 48 sicut
1643 401 75 48 ex
1668 401 112 48 distin-

1062 448 145 51 ctione
1164 448 131 51 reali
1251 448 261 51 constituentium
1469 448 189 51 contingit
1614 448 160 51 inferre
1715 448 73 51 di-

1065 488 218 52 stinctionem
1240 488 145 52 realem
1341 488 203 52 constituti
1501 488 87 52 ad
1545 488 174 52 vtrunque
1661 488 116 52 cousti

1066 530 145 64 tuens.
1167 530 101 64 ita
1225 530 87 64 ex
1268 530 203 64 identitate
1428 530 261 64 constituentium
1631 530 159 64 contingit

1071 573 143 57 inferre
1175 573 195 57 identitatem
1331 573 182 57 constituti
1474 573 91 57 cum
1526 573 143 57 vtroque
1617 573 169 57 constituen-

1060 617 99 57 te.
1116 617 70 57 â‹
1144 617 169 57 Preterea
1271 617 169 57 ostensum
1398 617 99 57 est
1454 617 113 57 quod
1525 617 197 57 paternitas
1679 617 99 57 est
1722 617 70 57 ea-

1064 668 93 50 dem
1117 668 160 50 realiter
1237 668 93 50 cum
1290 668 160 50 persona.
1410 668 107 50 ergo
1477 668 120 50 eadem
1557 668 147 50 ratione
1650 668 133 50 essentia

1062 711 113 50 est
1126 711 145 50 eadem
1223 711 194 50 realiter
1369 711 113 50 cum
1433 711 194 50 persona.
1578 711 81 50 â‹
1611 711 97 50 Ad
1643 711 129 50 argum-

1055 747 95 67 tum
1110 747 190 67 principale
1259 747 108 67 dico
1326 747 108 67 quod
1394 747 163 67 essentia
1516 747 81 67 et
1557 747 149 67 persona
1665 747 95 67 non
1706 747 81 67 sunt

1054 800 114 48 idem
1125 800 114 48 omni
1196 800 114 48 modo
1268 800 143 48 quando
1367 800 171 48 essentia
1496 800 100 48 est
1553 800 128 48 eadem
1638 800 114 48 sibi
1695 800 86 48 ipsi

1063 842 111 56 ideo
1132 842 139 56 potest
1229 842 152 56 persona
1340 842 222 56 multiplicari
1521 842 222 56 multiplicata
1687 842 97 56 essen

1061 887 107 52 tia.
1128 887 94 52 sed
1181 887 94 52 hoc
1235 887 94 52 est
1289 887 175 52 singulare
1423 887 81 52 in
1464 887 94 52 deo
1517 887 81 52 et
1558 887 148 52 numquam
1665 887 121 52 alibi
1732 887 54 52 po

1059 938 170 50 nendum.
1182 938 108 50 Sed
1244 938 185 50 arguitur
1383 938 154 50 contra
1491 938 201 50 predicta.
1645 938 123 50 quia
1707 938 77 50 ali

1076 978 83 59 bi
1118 978 153 59 dicitur
1229 978 111 59 quod
1298 978 180 59 sapientia
1437 978 139 59 diuina
1534 978 83 59 et
1576 978 153 59 bonitas
1673 978 111 59 diuina

1064 1026 93 51 non
1117 1026 225 51 distinguuntur
1302 1026 199 51 formaliter.
1462 1026 106 51 ergo
1528 1026 119 51 eadem
1607 1026 146 51 ratione
1700 1026 93 51 pater

1071 1073 134 51 nitas
1160 1073 89 51 et
1205 1073 178 51 essentia
1339 1073 104 51 non
1398 1073 253 51 distinguuntur
1592 1073 193 51 formaliter.

1072 1105 98 61 Nec
1128 1105 140 61 aliter
1226 1105 223 61 conuenienter
1407 1105 168 61 dicitur.
1533 1105 98 61 sed
1589 1105 168 61 dicentes
1700 1105 84 61 quod

1066 1154 191 56 attributa
1213 1154 250 56 distinguuntur
1419 1154 162 56 ratione
1536 1154 132 56 sicut
1610 1154 176 56 paternitas

1058 1189 76 63 et
1096 1189 152 63 essentia
1210 1189 152 63 secundum
1324 1189 89 63 eos
1375 1189 215 63 distinguuntur
1552 1189 139 63 ratione
1654 1189 127 63 dicunt
1730 1189 63 63 ma-

1064 1244 109 51 gis
1127 1244 249 51 conuenienter
1329 1244 78 51 â‹
1360 1244 140 51 Circa
1454 1244 218 51 solutionem
1625 1244 156 51 illius
1718 1244 78 51 ob-

1062 1288 151 49 iectionis
1178 1288 81 49 non
1225 1288 127 49 oportet
1317 1288 151 49 immorari.
1433 1288 93 49 quia
1491 1288 104 49 alibi
1560 1288 116 49 dictum
1641 1288 81 49 est
1688 1288 93 49 quod
1734 1288 58 49 es-

1064 1323 143 58 sentia
1164 1323 86 58 et
1207 1323 200 58 paternitas
1364 1323 100 58 non
1421 1323 114 58 sunt
1492 1323 114 58 idem
1564 1323 214 58 formaliter.
1721 1323 71 58 Sed

1068 1375 101 47 alia
1131 1375 113 47 ratio
1207 1375 88 47 est
1258 1375 101 47 quam
1321 1375 113 47 quare
1396 1375 164 47 sapientia
1522 1375 76 47 et
1560 1375 151 47 essentia
1674 1375 88 47 non
1711 1375 76 47 sunt

1066 1416 110 53 idem
1135 1416 205 53 formaliter.
1299 1416 96 53 Nec
1354 1416 137 53 valet.
1450 1416 151 53 negatur
1559 1416 82 53 de
1600 1416 123 53 istis
1682 1416 82 53 et
1710 1416 82 53 com-

1071 1462 135 57 ceditur
1169 1462 74 57 de
1206 1462 123 57 illis.
1292 1462 98 57 ergo
1353 1462 86 57 non
1402 1462 135 57 dicitur
1500 1462 209 57 conuenienter.
1672 1462 98 57 quia
1721 1462 74 57 vnum

1070 1507 94 57 non
1123 1507 161 57 sequitur
1244 1507 80 57 ad
1284 1507 134 57 aliud.
1378 1507 94 57 Sic
1431 1507 107 57 enim
1498 1507 107 57 isti
1565 1507 161 57 dicentes
1686 1507 107 57 quod
1739 1507 54 57 at

1067 1555 148 53 tributa
1174 1555 229 53 distinguuntur
1363 1555 202 53 formaliter.
1525 1555 81 53 et
1565 1555 108 53 quod
1619 1555 162 53 paternitas

1069 1594 87 46 et
1112 1594 188 46 generatio
1256 1594 101 46 non
1314 1594 245 46 distinguuntur
1516 1594 202 46 formaliter
1675 1594 101 46 non
1718 1594 72 46 di-

1066 1640 142 55 cerent
1165 1640 242 55 conuenienter.
1364 1640 185 55 Similiter
1507 1640 100 55 per
1564 1640 128 55 istam
1635 1640 142 55 rationem

1070 1685 96 46 non
1125 1685 164 46 dicerent
1248 1685 232 46 conuenienter.
1439 1685 109 46 nisi
1507 1685 164 46 dicerent
1630 1685 109 46 quod
1684 1685 96 46 prino

1069 1724 124 48 pium
1146 1724 217 48 producendi
1316 1724 155 48 vermen
1425 1724 93 48 et
1471 1724 155 48 muscam
1564 1724 217 48 distinguantu

1063 1772 211 50 formaliter.
1232 1772 127 50 sicut
1317 1772 141 50 dicunt
1415 1772 113 50 quod
1486 1772 197 50 principium
1627 1772 169 50 producendi

1065 1813 122 44 verbum
1150 1813 146 44 spiritus
1260 1813 134 44 sanctus
1357 1813 219 44 distinguuntur.
1540 1813 73 44 et
1576 1813 110 44 multa
1649 1813 97 44 alia
1698 1813 85 44 absur

1063 1857 169 48 dissima
1185 1857 230 48 sequerentur
1369 1857 153 48 contra
1477 1857 138 48 omnes
1569 1857 169 48 homines
1676 1857 123 48 ratio-

1061 1904 144 49 nales
1157 1904 96 49 si
1205 1904 128 49 omne
1285 1904 144 49 illud
1381 1904 128 49 quod
1460 1904 176 49 ponitur
1588 1904 96 49 de
1636 1904 112 49 vno
1684 1904 112 49 debet

1068 1946 108 54 poni
1135 1946 81 54 de
1175 1946 121 54 alio.
1256 1946 121 54 Dicam
1337 1946 121 54 enim:
1418 1946 108 54 quod
1485 1946 108 54 quia
1553 1946 81 54 in
1593 1946 94 54 deo
1647 1946 135 54 natura
1728 1946 67 54 di-

1068 1993 121 40 uina
1144 1993 106 40 est
1204 1993 121 40 tres
1280 1993 182 40 persone.
1416 1993 121 40 ideo
1492 1993 91 40 in
1537 1993 197 40 creaturis
1689 1993 106 40 vna
1734 1993 61 40 na

1062 2031 118 55 tura
1136 2031 148 55 numero
1239 2031 103 55 est
1298 2031 118 55 tres
1372 2031 162 55 persone
1490 2031 89 55 Et
1534 2031 89 55 si
1579 2031 133 55 dicas
1667 2031 118 55 quod
1726 2031 59 55 no

1068 2068 95 66 est
1123 2068 136 66 simile
1218 2068 81 66 in
1258 2068 95 66 deo
1312 2068 81 66 et
1353 2068 81 66 in
1394 2068 190 66 creaturis.
1543 2068 95 66 ita
1597 2068 108 66 dico
1665 2068 95 66 ego
1706 2068 81 66 quod

1061 2112 104 64 non
1120 2112 104 64 est
1180 2112 148 64 simile
1283 2112 89 64 de
1327 2112 222 64 paternitate
1505 2112 89 64 et
1549 2112 178 64 essentia
1682 2112 89 64 et
1712 2112 74 64 sa-

1072 2169 178 51 pientia.
1206 2169 89 51 et
1251 2169 104 51 hoc
1310 2169 134 51 prius
1399 2169 178 51 ostensum
1533 2169 104 51 est
1578 2169 208 51 sufficienter

1092 2209 79 59 â‹
1124 2209 285 59 Distinctionis.
1361 2209 142 59 xxxv.
1456 2209 174 59 Questio
1567 2209 126 59 prima.

1366 2258 274 101 Irca
1503 2258 308 101 distin-

1386 2335 179 70 ctionem.
1520 2335 134 70 xxxv.
1609 2335 134 70 quero
1684 2335 104 70 primo

1385 2384 128 61 Utrum
1470 2384 85 61 in
1512 2384 99 61 deo
1569 2384 99 61 sit
1626 2384 170 61 scientia
1739 2384 57 61 ex

1390 2430 138 65 natura
1487 2430 110 65 rei.
1555 2430 69 65 â‹
1583 2430 110 65 Quod
1652 2430 110 65 non.
1707 2430 83 65 quia

1398 2475 140 53 scientia
1503 2475 82 53 est
1550 2475 140 53 effectus
1643 2475 140 53 demonstra-

1394 2519 126 58 tionis.
1485 2519 80 58 sed
1531 2519 103 58 nihil
1600 2519 69 58 in
1634 2519 80 58 deo
1680 2519 80 58 est
1715 2519 80 58 effe-

1072 2532 88 84 ctus
1127 2532 176 84 cuiuscumque.
1270 2532 88 84 ergo
1325 2532 66 84 in
1358 2532 77 84 deo
1402 2532 77 84 non
1447 2532 77 84 est
1491 2532 143 84 scientia.
1601 2532 55 84 â‹
1623 2532 132 84 Secundo.
1722 2532 88 84 quia
1766 2532 44 84 in

1063 2608 76 75 deo
1106 2608 108 75 nullus
1182 2608 76 75 est
1225 2608 130 75 habitus.
1323 2608 76 75 sed
1366 2608 97 75 omnis
1431 2608 130 75 scientia
1528 2608 76 75 est
1572 2608 119 75 habitus
1658 2608 119 75 quadam.
1734 2608 65 75 ergo
