<?xml version="1.0" encoding="UTF-8"?>
<alto xmlns:xsi="http://www.w3.org/2001/XMLSchema-instance"
      xmlns="http://www.loc.gov/standards/alto/ns-v2#"
      xmlns:page="http://schema.primaresearch.org/PAGE/gts/pagecontent/2013-07-15"
      xsi:schemaLocation="http://www.loc.gov/standards/alto/ns-v2# http://www.loc.gov/standards/alto/alto.xsd">
   <Description>
      <MeasurementUnit>pixel</MeasurementUnit>
      <OCRProcessing ID="IdOcr">
         <ocrProcessingStep>
            <processingDateTime>2020-09-05T08:11:06.313-04:00</processingDateTime>
            <processingSoftware>
               <softwareCreator>READ COOP</softwareCreator>
               <softwareName>Transkribus</softwareName>
            </processingSoftware>
         </ocrProcessingStep>
      </OCRProcessing>
   </Description>
   <Tags/>
   <Layout>
      <Page ID="Page1" PHYSICAL_IMG_NR="1" HEIGHT="3053" WIDTH="2254">
         <TopMargin HEIGHT="0" WIDTH="2254" VPOS="0" HPOS="0"/>
         <LeftMargin HEIGHT="3053" WIDTH="0" VPOS="0" HPOS="0"/>
         <RightMargin HEIGHT="3053" WIDTH="0" VPOS="0" HPOS="2254"/>
         <BottomMargin HEIGHT="0" WIDTH="2254" VPOS="3053" HPOS="0"/>
         <PrintSpace HEIGHT="3053" WIDTH="2254" VPOS="0" HPOS="0">
            <TextBlock ID="r2" HEIGHT="2499" WIDTH="750" VPOS="129" HPOS="476">
               <Shape>
                  <Polygon POINTS="476,129 476,2628 1226,2628 1226,129"/>
               </Shape>
               <TextLine ID="r2l2"
                         BASELINE="273"
                         HEIGHT="86"
                         WIDTH="697"
                         VPOS="187"
                         HPOS="498">
                  <String HEIGHT="86" WIDTH="60" VPOS="187" HPOS="486" CONTENT="⁋"/>
                  <SP HEIGHT="86" WIDTH="12" VPOS="187" HPOS="546"/>
                  <String HEIGHT="86"
                          WIDTH="132"
                          VPOS="187"
                          HPOS="510"
                          CONTENT="Dicitur"/>
                  <SP HEIGHT="86" WIDTH="12" VPOS="187" HPOS="642"/>
                  <String HEIGHT="86" WIDTH="96" VPOS="187" HPOS="606" CONTENT="quod"/>
                  <SP HEIGHT="86" WIDTH="12" VPOS="187" HPOS="702"/>
                  <String HEIGHT="86" WIDTH="84" VPOS="187" HPOS="666" CONTENT="non"/>
                  <SP HEIGHT="86" WIDTH="12" VPOS="187" HPOS="750"/>
                  <String HEIGHT="86" WIDTH="84" VPOS="187" HPOS="714" CONTENT="sub"/>
                  <SP HEIGHT="86" WIDTH="12" VPOS="187" HPOS="798"/>
                  <String HEIGHT="86"
                          WIDTH="132"
                          VPOS="187"
                          HPOS="762"
                          CONTENT="ratione"/>
                  <SP HEIGHT="86" WIDTH="12" VPOS="187" HPOS="895"/>
                  <String HEIGHT="86"
                          WIDTH="144"
                          VPOS="187"
                          HPOS="859"
                          CONTENT="alicuius"/>
                  <SP HEIGHT="86" WIDTH="12" VPOS="187" HPOS="1003"/>
                  <String HEIGHT="86"
                          WIDTH="168"
                          VPOS="187"
                          HPOS="967"
                          CONTENT="personalis"/>
                  <SP HEIGHT="86" WIDTH="12" VPOS="187" HPOS="1135"/>
                  <String HEIGHT="86" WIDTH="84" VPOS="187" HPOS="1099" CONTENT="vel"/>
                  <SP HEIGHT="86" WIDTH="12" VPOS="187" HPOS="1183"/>
                  <String HEIGHT="86"
                          WIDTH="60"
                          VPOS="187"
                          HPOS="1135"
                          CONTENT="no"
                          SUBS_TYPE="HypPart1"
                          SUBS_CONTENT="notionalis."/>
                  <HYP CONTENT="-"/>
               </TextLine>
               <TextLine ID="r2l3"
                         BASELINE="303"
                         HEIGHT="56"
                         WIDTH="708"
                         VPOS="247"
                         HPOS="477">
                  <String HEIGHT="56"
                          WIDTH="167"
                          VPOS="247"
                          HPOS="464"
                          CONTENT="tionalis."
                          SUBS_TYPE="HypPart2"
                          SUBS_CONTENT="notionalis."/>
                  <SP HEIGHT="56" WIDTH="13" VPOS="247" HPOS="631"/>
                  <String HEIGHT="56"
                          WIDTH="103"
                          VPOS="247"
                          HPOS="593"
                          CONTENT="quia"/>
                  <SP HEIGHT="56" WIDTH="13" VPOS="247" HPOS="696"/>
                  <String HEIGHT="56"
                          WIDTH="129"
                          VPOS="247"
                          HPOS="657"
                          CONTENT="nullum"/>
                  <SP HEIGHT="56" WIDTH="13" VPOS="247" HPOS="786"/>
                  <String HEIGHT="56" WIDTH="90" VPOS="247" HPOS="747" CONTENT="non"/>
                  <SP HEIGHT="56" WIDTH="13" VPOS="247" HPOS="837"/>
                  <String HEIGHT="56"
                          WIDTH="180"
                          VPOS="247"
                          HPOS="799"
                          CONTENT="formaliter"/>
                  <SP HEIGHT="56" WIDTH="13" VPOS="247" HPOS="979"/>
                  <String HEIGHT="56"
                          WIDTH="167"
                          VPOS="247"
                          HPOS="940"
                          CONTENT="infinitum"/>
                  <SP HEIGHT="56" WIDTH="13" VPOS="247" HPOS="1108"/>
                  <String HEIGHT="56" WIDTH="90" VPOS="247" HPOS="1069" CONTENT="est"/>
                  <SP HEIGHT="56" WIDTH="13" VPOS="247" HPOS="1159"/>
                  <String HEIGHT="56"
                          WIDTH="77"
                          VPOS="247"
                          HPOS="1108"
                          CONTENT="obie"/>
               </TextLine>
               <TextLine ID="r2l4"
                         BASELINE="344"
                         HEIGHT="55"
                         WIDTH="710"
                         VPOS="289"
                         HPOS="474">
                  <String HEIGHT="55"
                          WIDTH="103"
                          VPOS="289"
                          HPOS="461"
                          CONTENT="ctum"/>
                  <SP HEIGHT="55" WIDTH="13" VPOS="289" HPOS="564"/>
                  <String HEIGHT="55"
                          WIDTH="168"
                          VPOS="289"
                          HPOS="526"
                          CONTENT="adequatum"/>
                  <SP HEIGHT="55" WIDTH="13" VPOS="289" HPOS="693"/>
                  <String HEIGHT="55"
                          WIDTH="232"
                          VPOS="289"
                          HPOS="655"
                          CONTENT="intellectionis"/>
                  <SP HEIGHT="55" WIDTH="13" VPOS="289" HPOS="887"/>
                  <String HEIGHT="55"
                          WIDTH="181"
                          VPOS="289"
                          HPOS="848"
                          CONTENT="formaliter"/>
                  <SP HEIGHT="55" WIDTH="13" VPOS="289" HPOS="1029"/>
                  <String HEIGHT="55"
                          WIDTH="168"
                          VPOS="289"
                          HPOS="990"
                          CONTENT="infinite."/>
                  <SP HEIGHT="55" WIDTH="13" VPOS="289" HPOS="1158"/>
                  <String HEIGHT="55"
                          WIDTH="77"
                          VPOS="289"
                          HPOS="1107"
                          CONTENT="quia"/>
               </TextLine>
               <TextLine ID="r2l5"
                         BASELINE="389"
                         HEIGHT="60"
                         WIDTH="704"
                         VPOS="329"
                         HPOS="473">
                  <String HEIGHT="60"
                          WIDTH="106"
                          VPOS="329"
                          HPOS="460"
                          CONTENT="tunc"/>
                  <SP HEIGHT="60" WIDTH="13" VPOS="329" HPOS="566"/>
                  <String HEIGHT="60"
                          WIDTH="186"
                          VPOS="329"
                          HPOS="526"
                          CONTENT="formaliter"/>
                  <SP HEIGHT="60" WIDTH="13" VPOS="329" HPOS="712"/>
                  <String HEIGHT="60"
                          WIDTH="173"
                          VPOS="329"
                          HPOS="672"
                          CONTENT="infinitum"/>
                  <SP HEIGHT="60" WIDTH="13" VPOS="329" HPOS="845"/>
                  <String HEIGHT="60"
                          WIDTH="186"
                          VPOS="329"
                          HPOS="805"
                          CONTENT="dependeret"/>
                  <SP HEIGHT="60" WIDTH="13" VPOS="329" HPOS="991"/>
                  <String HEIGHT="60" WIDTH="66" VPOS="329" HPOS="951" CONTENT="a"/>
                  <SP HEIGHT="60" WIDTH="13" VPOS="329" HPOS="1018"/>
                  <String HEIGHT="60" WIDTH="93" VPOS="329" HPOS="978" CONTENT="non"/>
                  <SP HEIGHT="60" WIDTH="13" VPOS="329" HPOS="1071"/>
                  <String HEIGHT="60"
                          WIDTH="159"
                          VPOS="329"
                          HPOS="1018"
                          CONTENT="formaliter"/>
               </TextLine>
               <TextLine ID="r2l6"
                         BASELINE="434"
                         HEIGHT="60"
                         WIDTH="719"
                         VPOS="374"
                         HPOS="470">
                  <String HEIGHT="60"
                          WIDTH="154"
                          VPOS="374"
                          HPOS="457"
                          CONTENT="infinito"/>
                  <SP HEIGHT="60" WIDTH="13" VPOS="374" HPOS="611"/>
                  <String HEIGHT="60" WIDTH="90" VPOS="374" HPOS="573" CONTENT="sen"/>
                  <SP HEIGHT="60" WIDTH="13" VPOS="374" HPOS="663"/>
                  <String HEIGHT="60"
                          WIDTH="193"
                          VPOS="374"
                          HPOS="624"
                          CONTENT="intellectio"/>
                  <SP HEIGHT="60" WIDTH="13" VPOS="374" HPOS="817"/>
                  <String HEIGHT="60"
                          WIDTH="128"
                          VPOS="374"
                          HPOS="778"
                          CONTENT="diuina"/>
                  <SP HEIGHT="60" WIDTH="13" VPOS="374" HPOS="907"/>
                  <String HEIGHT="60" WIDTH="90" VPOS="374" HPOS="868" CONTENT="est"/>
                  <SP HEIGHT="60" WIDTH="13" VPOS="374" HPOS="958"/>
                  <String HEIGHT="60"
                          WIDTH="180"
                          VPOS="374"
                          HPOS="919"
                          CONTENT="formaliter"/>
                  <SP HEIGHT="60" WIDTH="13" VPOS="374" HPOS="1099"/>
                  <String HEIGHT="60"
                          WIDTH="141"
                          VPOS="374"
                          HPOS="1048"
                          CONTENT="infinita."/>
               </TextLine>
               <TextLine ID="r2l7"
                         BASELINE="478"
                         HEIGHT="60"
                         WIDTH="702"
                         VPOS="418"
                         HPOS="483">
                  <String HEIGHT="60" WIDTH="75" VPOS="418" HPOS="470" CONTENT="et"/>
                  <SP HEIGHT="60" WIDTH="13" VPOS="418" HPOS="546"/>
                  <String HEIGHT="60"
                          WIDTH="125"
                          VPOS="418"
                          HPOS="508"
                          CONTENT="nullum"/>
                  <SP HEIGHT="60" WIDTH="13" VPOS="418" HPOS="633"/>
                  <String HEIGHT="60"
                          WIDTH="163"
                          VPOS="418"
                          HPOS="596"
                          CONTENT="personale"/>
                  <SP HEIGHT="60" WIDTH="13" VPOS="418" HPOS="759"/>
                  <String HEIGHT="60" WIDTH="88" VPOS="418" HPOS="721" CONTENT="aut"/>
                  <SP HEIGHT="60" WIDTH="13" VPOS="418" HPOS="809"/>
                  <String HEIGHT="60"
                          WIDTH="163"
                          VPOS="418"
                          HPOS="771"
                          CONTENT="notionale"/>
                  <SP HEIGHT="60" WIDTH="13" VPOS="418" HPOS="934"/>
                  <String HEIGHT="60" WIDTH="88" VPOS="418" HPOS="897" CONTENT="est"/>
                  <SP HEIGHT="60" WIDTH="13" VPOS="418" HPOS="984"/>
                  <String HEIGHT="60"
                          WIDTH="176"
                          VPOS="418"
                          HPOS="947"
                          CONTENT="formaliter"/>
                  <SP HEIGHT="60" WIDTH="13" VPOS="418" HPOS="1122"/>
                  <String HEIGHT="60"
                          WIDTH="113"
                          VPOS="418"
                          HPOS="1072"
                          CONTENT="infini"
                          SUBS_TYPE="HypPart1"
                          SUBS_CONTENT="infinitum."/>
                  <HYP CONTENT="-"/>
               </TextLine>
               <TextLine ID="r2l8"
                         BASELINE="524"
                         HEIGHT="62"
                         WIDTH="703"
                         VPOS="462"
                         HPOS="481">
                  <String HEIGHT="62"
                          WIDTH="91"
                          VPOS="462"
                          HPOS="470"
                          CONTENT="tum."
                          SUBS_TYPE="HypPart2"
                          SUBS_CONTENT="infinitum."/>
                  <SP HEIGHT="62" WIDTH="11" VPOS="462" HPOS="560"/>
                  <String HEIGHT="62" WIDTH="91" VPOS="462" HPOS="526" CONTENT="ergo"/>
                  <SP HEIGHT="62" WIDTH="11" VPOS="462" HPOS="617"/>
                  <String HEIGHT="62" WIDTH="79" VPOS="462" HPOS="583" CONTENT="sub"/>
                  <SP HEIGHT="62" WIDTH="11" VPOS="462" HPOS="662"/>
                  <String HEIGHT="62"
                          WIDTH="125"
                          VPOS="462"
                          HPOS="628"
                          CONTENT="ratione"/>
                  <SP HEIGHT="62" WIDTH="11" VPOS="462" HPOS="753"/>
                  <String HEIGHT="62"
                          WIDTH="136"
                          VPOS="462"
                          HPOS="719"
                          CONTENT="alicuius"/>
                  <SP HEIGHT="62" WIDTH="11" VPOS="462" HPOS="855"/>
                  <String HEIGHT="62"
                          WIDTH="170"
                          VPOS="462"
                          HPOS="821"
                          CONTENT="essentialis"/>
                  <SP HEIGHT="62" WIDTH="11" VPOS="462" HPOS="991"/>
                  <String HEIGHT="62" WIDTH="79" VPOS="462" HPOS="957" CONTENT="est"/>
                  <SP HEIGHT="62" WIDTH="11" VPOS="462" HPOS="1037"/>
                  <String HEIGHT="62"
                          WIDTH="113"
                          VPOS="462"
                          HPOS="1003"
                          CONTENT="primum"/>
                  <SP HEIGHT="62" WIDTH="11" VPOS="462" HPOS="1116"/>
                  <String HEIGHT="62"
                          WIDTH="113"
                          VPOS="462"
                          HPOS="1071"
                          CONTENT="obiectum"/>
               </TextLine>
               <TextLine ID="r2l9"
                         BASELINE="567"
                         HEIGHT="60"
                         WIDTH="714"
                         VPOS="507"
                         HPOS="476">
                  <String HEIGHT="60"
                          WIDTH="172"
                          VPOS="507"
                          HPOS="463"
                          CONTENT="adequatum"/>
                  <SP HEIGHT="60" WIDTH="13" VPOS="507" HPOS="635"/>
                  <String HEIGHT="60" WIDTH="66" VPOS="507" HPOS="595" CONTENT="⁋"/>
                  <SP HEIGHT="60" WIDTH="13" VPOS="507" HPOS="661"/>
                  <String HEIGHT="60" WIDTH="79" VPOS="507" HPOS="621" CONTENT="Et"/>
                  <SP HEIGHT="60" WIDTH="13" VPOS="507" HPOS="701"/>
                  <String HEIGHT="60" WIDTH="79" VPOS="507" HPOS="661" CONTENT="si"/>
                  <SP HEIGHT="60" WIDTH="13" VPOS="507" HPOS="740"/>
                  <String HEIGHT="60"
                          WIDTH="172"
                          VPOS="507"
                          HPOS="701"
                          CONTENT="quaeratur"/>
                  <SP HEIGHT="60" WIDTH="13" VPOS="507" HPOS="873"/>
                  <String HEIGHT="60" WIDTH="79" VPOS="507" HPOS="833" CONTENT="de"/>
                  <SP HEIGHT="60" WIDTH="13" VPOS="507" HPOS="912"/>
                  <String HEIGHT="60"
                          WIDTH="225"
                          VPOS="507"
                          HPOS="873"
                          CONTENT="essentialibus"/>
                  <SP HEIGHT="60" WIDTH="13" VPOS="507" HPOS="1097"/>
                  <String HEIGHT="60" WIDTH="93" VPOS="507" HPOS="1058" CONTENT="sub"/>
                  <SP HEIGHT="60" WIDTH="13" VPOS="507" HPOS="1150"/>
                  <String HEIGHT="60"
                          WIDTH="93"
                          VPOS="507"
                          HPOS="1097"
                          CONTENT="cuius"/>
               </TextLine>
               <TextLine ID="r2l10"
                         BASELINE="612"
                         HEIGHT="65"
                         WIDTH="719"
                         VPOS="547"
                         HPOS="473">
                  <String HEIGHT="65"
                          WIDTH="128"
                          VPOS="547"
                          HPOS="461"
                          CONTENT="ratione"/>
                  <SP HEIGHT="65" WIDTH="12" VPOS="547" HPOS="589"/>
                  <String HEIGHT="65" WIDTH="81" VPOS="547" HPOS="554" CONTENT="est"/>
                  <SP HEIGHT="65" WIDTH="12" VPOS="547" HPOS="635"/>
                  <String HEIGHT="65"
                          WIDTH="128"
                          VPOS="547"
                          HPOS="601"
                          CONTENT="aliquod"/>
                  <SP HEIGHT="65" WIDTH="12" VPOS="547" HPOS="728"/>
                  <String HEIGHT="65"
                          WIDTH="139"
                          VPOS="547"
                          HPOS="693"
                          CONTENT="obiectum"/>
                  <SP HEIGHT="65" WIDTH="12" VPOS="547" HPOS="832"/>
                  <String HEIGHT="65"
                          WIDTH="162"
                          VPOS="547"
                          HPOS="798"
                          CONTENT="adequatum."/>
                  <SP HEIGHT="65" WIDTH="12" VPOS="547" HPOS="960"/>
                  <String HEIGHT="65"
                          WIDTH="128"
                          VPOS="547"
                          HPOS="925"
                          CONTENT="Dicitur"/>
                  <SP HEIGHT="65" WIDTH="12" VPOS="547" HPOS="1053"/>
                  <String HEIGHT="65"
                          WIDTH="93"
                          VPOS="547"
                          HPOS="1018"
                          CONTENT="quod"/>
                  <SP HEIGHT="65" WIDTH="12" VPOS="547" HPOS="1111"/>
                  <String HEIGHT="65" WIDTH="81" VPOS="547" HPOS="1076" CONTENT="non"/>
                  <SP HEIGHT="65" WIDTH="12" VPOS="547" HPOS="1157"/>
                  <String HEIGHT="65"
                          WIDTH="81"
                          VPOS="547"
                          HPOS="1111"
                          CONTENT="nisi"
                          SUBS_TYPE="HypPart1"
                          SUBS_CONTENT="nisisub"/>
                  <HYP CONTENT="-"/>
               </TextLine>
               <TextLine ID="r2l11"
                         BASELINE="652"
                         HEIGHT="57"
                         WIDTH="698"
                         VPOS="595"
                         HPOS="482">
                  <String HEIGHT="57"
                          WIDTH="80"
                          VPOS="595"
                          HPOS="471"
                          CONTENT="sub"
                          SUBS_TYPE="HypPart2"
                          SUBS_CONTENT="nisisub"/>
                  <SP HEIGHT="57" WIDTH="11" VPOS="595" HPOS="551"/>
                  <String HEIGHT="57"
                          WIDTH="126"
                          VPOS="595"
                          HPOS="516"
                          CONTENT="ratione"/>
                  <SP HEIGHT="57" WIDTH="11" VPOS="595" HPOS="642"/>
                  <String HEIGHT="57"
                          WIDTH="149"
                          VPOS="595"
                          HPOS="608"
                          CONTENT="essentie."/>
                  <SP HEIGHT="57" WIDTH="11" VPOS="595" HPOS="757"/>
                  <String HEIGHT="57" WIDTH="92" VPOS="595" HPOS="722" CONTENT="quia"/>
                  <SP HEIGHT="57" WIDTH="11" VPOS="595" HPOS="814"/>
                  <String HEIGHT="57" WIDTH="80" VPOS="595" HPOS="780" CONTENT="sub"/>
                  <SP HEIGHT="57" WIDTH="11" VPOS="595" HPOS="860"/>
                  <String HEIGHT="57" WIDTH="92" VPOS="595" HPOS="825" CONTENT="illa"/>
                  <SP HEIGHT="57" WIDTH="11" VPOS="595" HPOS="917"/>
                  <String HEIGHT="57"
                          WIDTH="126"
                          VPOS="595"
                          HPOS="882"
                          CONTENT="ratione"/>
                  <SP HEIGHT="57" WIDTH="11" VPOS="595" HPOS="1008"/>
                  <String HEIGHT="57" WIDTH="80" VPOS="595" HPOS="974" CONTENT="est"/>
                  <SP HEIGHT="57" WIDTH="11" VPOS="595" HPOS="1054"/>
                  <String HEIGHT="57"
                          WIDTH="126"
                          VPOS="595"
                          HPOS="1020"
                          CONTENT="aliquod"/>
                  <SP HEIGHT="57" WIDTH="11" VPOS="595" HPOS="1146"/>
                  <String HEIGHT="57"
                          WIDTH="80"
                          VPOS="595"
                          HPOS="1100"
                          CONTENT="obie"
                          SUBS_TYPE="HypPart1"
                          SUBS_CONTENT="obiectum"/>
                  <HYP CONTENT="-"/>
               </TextLine>
               <TextLine ID="r2l12"
                         BASELINE="696"
                         HEIGHT="61"
                         WIDTH="706"
                         VPOS="635"
                         HPOS="480">
                  <String HEIGHT="61"
                          WIDTH="105"
                          VPOS="635"
                          HPOS="467"
                          CONTENT="ctum"
                          SUBS_TYPE="HypPart2"
                          SUBS_CONTENT="obiectum"/>
                  <SP HEIGHT="61" WIDTH="13" VPOS="635" HPOS="572"/>
                  <String HEIGHT="61"
                          WIDTH="157"
                          VPOS="635"
                          HPOS="532"
                          CONTENT="potentie"/>
                  <SP HEIGHT="61" WIDTH="13" VPOS="635" HPOS="689"/>
                  <String HEIGHT="61" WIDTH="92" VPOS="635" HPOS="650" CONTENT="sub"/>
                  <SP HEIGHT="61" WIDTH="13" VPOS="635" HPOS="741"/>
                  <String HEIGHT="61" WIDTH="92" VPOS="635" HPOS="702" CONTENT="qua"/>
                  <SP HEIGHT="61" WIDTH="13" VPOS="635" HPOS="794"/>
                  <String HEIGHT="61"
                          WIDTH="144"
                          VPOS="635"
                          HPOS="755"
                          CONTENT="ratione"/>
                  <SP HEIGHT="61" WIDTH="13" VPOS="635" HPOS="898"/>
                  <String HEIGHT="61"
                          WIDTH="157"
                          VPOS="635"
                          HPOS="859"
                          CONTENT="continet"/>
                  <SP HEIGHT="61" WIDTH="13" VPOS="635" HPOS="1016"/>
                  <String HEIGHT="61"
                          WIDTH="196"
                          VPOS="635"
                          HPOS="977"
                          CONTENT="virtualitur"/>
                  <SP HEIGHT="61" WIDTH="13" VPOS="635" HPOS="1173"/>
                  <String HEIGHT="61" WIDTH="65" VPOS="635" HPOS="1121" CONTENT="vel"/>
               </TextLine>
               <TextLine ID="r2l13"
                         BASELINE="750"
                         HEIGHT="70"
                         WIDTH="715"
                         VPOS="680"
                         HPOS="473">
                  <String HEIGHT="70"
                          WIDTH="173"
                          VPOS="680"
                          HPOS="461"
                          CONTENT="formaliter"/>
                  <SP HEIGHT="70" WIDTH="12" VPOS="680" HPOS="633"/>
                  <String HEIGHT="70" WIDTH="99" VPOS="680" HPOS="596" CONTENT="alia"/>
                  <SP HEIGHT="70" WIDTH="12" VPOS="680" HPOS="695"/>
                  <String HEIGHT="70" WIDTH="99" VPOS="680" HPOS="658" CONTENT="quae"/>
                  <SP HEIGHT="70" WIDTH="12" VPOS="680" HPOS="757"/>
                  <String HEIGHT="70"
                          WIDTH="185"
                          VPOS="680"
                          HPOS="720"
                          CONTENT="obiiciuntur"/>
                  <SP HEIGHT="70" WIDTH="12" VPOS="680" HPOS="904"/>
                  <String HEIGHT="70" WIDTH="99" VPOS="680" HPOS="867" CONTENT="illi"/>
                  <SP HEIGHT="70" WIDTH="12" VPOS="680" HPOS="966"/>
                  <String HEIGHT="70"
                          WIDTH="160"
                          VPOS="680"
                          HPOS="929"
                          CONTENT="potentie."/>
                  <SP HEIGHT="70" WIDTH="12" VPOS="680" HPOS="1089"/>
                  <String HEIGHT="70"
                          WIDTH="111"
                          VPOS="680"
                          HPOS="1052"
                          CONTENT="nihil"/>
                  <SP HEIGHT="70" WIDTH="12" VPOS="680" HPOS="1163"/>
                  <String HEIGHT="70"
                          WIDTH="74"
                          VPOS="680"
                          HPOS="1114"
                          CONTENT="enim"/>
               </TextLine>
               <TextLine ID="r2l14"
                         BASELINE="783"
                         HEIGHT="49"
                         WIDTH="707"
                         VPOS="734"
                         HPOS="480">
                  <String HEIGHT="49"
                          WIDTH="164"
                          VPOS="734"
                          HPOS="467"
                          CONTENT="obiicitur"/>
                  <SP HEIGHT="49" WIDTH="13" VPOS="734" HPOS="632"/>
                  <String HEIGHT="49"
                          WIDTH="126"
                          VPOS="734"
                          HPOS="594"
                          CONTENT="alicui"/>
                  <SP HEIGHT="49" WIDTH="13" VPOS="734" HPOS="720"/>
                  <String HEIGHT="49"
                          WIDTH="152"
                          VPOS="734"
                          HPOS="682"
                          CONTENT="potentie"/>
                  <SP HEIGHT="49" WIDTH="13" VPOS="734" HPOS="834"/>
                  <String HEIGHT="49" WIDTH="88" VPOS="734" HPOS="796" CONTENT="per"/>
                  <SP HEIGHT="49" WIDTH="13" VPOS="734" HPOS="884"/>
                  <String HEIGHT="49" WIDTH="88" VPOS="734" HPOS="846" CONTENT="se:"/>
                  <SP HEIGHT="49" WIDTH="13" VPOS="734" HPOS="935"/>
                  <String HEIGHT="49"
                          WIDTH="101"
                          VPOS="734"
                          HPOS="897"
                          CONTENT="nisi"/>
                  <SP HEIGHT="49" WIDTH="13" VPOS="734" HPOS="998"/>
                  <String HEIGHT="49"
                          WIDTH="189"
                          VPOS="734"
                          HPOS="960"
                          CONTENT="contineatur"/>
                  <SP HEIGHT="49" WIDTH="13" VPOS="734" HPOS="1149"/>
                  <String HEIGHT="49"
                          WIDTH="88"
                          VPOS="734"
                          HPOS="1099"
                          CONTENT="forma"/>
               </TextLine>
               <TextLine ID="r2l15"
                         BASELINE="830"
                         HEIGHT="60"
                         WIDTH="705"
                         VPOS="770"
                         HPOS="480">
                  <String HEIGHT="60"
                          WIDTH="124"
                          VPOS="770"
                          HPOS="466"
                          CONTENT="liter"/>
                  <SP HEIGHT="60" WIDTH="14" VPOS="770" HPOS="591"/>
                  <String HEIGHT="60" WIDTH="97" VPOS="770" HPOS="549" CONTENT="vel"/>
                  <SP HEIGHT="60" WIDTH="14" VPOS="770" HPOS="646"/>
                  <String HEIGHT="60"
                          WIDTH="207"
                          VPOS="770"
                          HPOS="604"
                          CONTENT="virtualitur"/>
                  <SP HEIGHT="60" WIDTH="14" VPOS="770" HPOS="812"/>
                  <String HEIGHT="60" WIDTH="83" VPOS="770" HPOS="770" CONTENT="in"/>
                  <SP HEIGHT="60" WIDTH="14" VPOS="770" HPOS="853"/>
                  <String HEIGHT="60"
                          WIDTH="152"
                          VPOS="770"
                          HPOS="812"
                          CONTENT="obiecto"/>
                  <SP HEIGHT="60" WIDTH="14" VPOS="770" HPOS="964"/>
                  <String HEIGHT="60"
                          WIDTH="124"
                          VPOS="770"
                          HPOS="922"
                          CONTENT="primo"/>
                  <SP HEIGHT="60" WIDTH="14" VPOS="770" HPOS="1047"/>
                  <String HEIGHT="60"
                          WIDTH="152"
                          VPOS="770"
                          HPOS="1005"
                          CONTENT="adequa:"/>
                  <SP HEIGHT="60" WIDTH="14" VPOS="770" HPOS="1157"/>
                  <String HEIGHT="60" WIDTH="69" VPOS="770" HPOS="1116" CONTENT="o"/>
                  <SP HEIGHT="60" WIDTH="14" VPOS="770" HPOS="1185"/>
                  <String HEIGHT="60" WIDTH="55" VPOS="770" HPOS="1130" CONTENT="il"/>
               </TextLine>
               <TextLine ID="r2l16"
                         BASELINE="877"
                         HEIGHT="64"
                         WIDTH="702"
                         VPOS="813"
                         HPOS="485">
                  <String HEIGHT="64"
                          WIDTH="112"
                          VPOS="813"
                          HPOS="471"
                          CONTENT="lius"/>
                  <SP HEIGHT="64" WIDTH="14" VPOS="813" HPOS="583"/>
                  <String HEIGHT="64"
                          WIDTH="183"
                          VPOS="813"
                          HPOS="541"
                          CONTENT="potentie."/>
                  <SP HEIGHT="64" WIDTH="14" VPOS="813" HPOS="724"/>
                  <String HEIGHT="64"
                          WIDTH="168"
                          VPOS="813"
                          HPOS="682"
                          CONTENT="Exemplum"/>
                  <SP HEIGHT="64" WIDTH="14" VPOS="813" HPOS="850"/>
                  <String HEIGHT="64" WIDTH="84" VPOS="813" HPOS="808" CONTENT="de"/>
                  <SP HEIGHT="64" WIDTH="14" VPOS="813" HPOS="892"/>
                  <String HEIGHT="64"
                          WIDTH="211"
                          VPOS="813"
                          HPOS="850"
                          CONTENT="continentia"/>
                  <SP HEIGHT="64" WIDTH="14" VPOS="813" HPOS="1061"/>
                  <String HEIGHT="64"
                          WIDTH="168"
                          VPOS="813"
                          HPOS="1019"
                          CONTENT="formali."/>
                  <SP HEIGHT="64" WIDTH="14" VPOS="813" HPOS="1187"/>
                  <String HEIGHT="64" WIDTH="56" VPOS="813" HPOS="1131" CONTENT="vt"/>
               </TextLine>
               <TextLine ID="r2l17"
                         BASELINE="918"
                         HEIGHT="61"
                         WIDTH="723"
                         VPOS="857"
                         HPOS="474">
                  <String HEIGHT="61"
                          WIDTH="138"
                          VPOS="857"
                          HPOS="459"
                          CONTENT="color"/>
                  <SP HEIGHT="61" WIDTH="15" VPOS="857" HPOS="597"/>
                  <String HEIGHT="61"
                          WIDTH="185"
                          VPOS="857"
                          HPOS="551"
                          CONTENT="continet"/>
                  <SP HEIGHT="61" WIDTH="15" VPOS="857" HPOS="736"/>
                  <String HEIGHT="61" WIDTH="108" VPOS="857" HPOS="689" CONTENT="sub"/>
                  <SP HEIGHT="61" WIDTH="15" VPOS="857" HPOS="797"/>
                  <String HEIGHT="61" WIDTH="92" VPOS="857" HPOS="751" CONTENT="se"/>
                  <SP HEIGHT="61" WIDTH="15" VPOS="857" HPOS="843"/>
                  <String HEIGHT="61"
                          WIDTH="169"
                          VPOS="857"
                          HPOS="797"
                          CONTENT="species"/>
                  <SP HEIGHT="61" WIDTH="15" VPOS="857" HPOS="966"/>
                  <String HEIGHT="61"
                          WIDTH="138"
                          VPOS="857"
                          HPOS="920"
                          CONTENT="suas."/>
                  <SP HEIGHT="61" WIDTH="15" VPOS="857" HPOS="1059"/>
                  <String HEIGHT="61"
                          WIDTH="185"
                          VPOS="857"
                          HPOS="1012"
                          CONTENT="Exemplum"/>
                  <SP HEIGHT="61" WIDTH="15" VPOS="857" HPOS="1197"/>
                  <String HEIGHT="61" WIDTH="62" VPOS="857" HPOS="1135" CONTENT="de"/>
               </TextLine>
               <TextLine ID="r2l18"
                         BASELINE="961"
                         HEIGHT="53"
                         WIDTH="716"
                         VPOS="908"
                         HPOS="477">
                  <String HEIGHT="53"
                          WIDTH="203"
                          VPOS="908"
                          HPOS="463"
                          CONTENT="continentia"/>
                  <SP HEIGHT="53" WIDTH="14" VPOS="908" HPOS="666"/>
                  <String HEIGHT="53"
                          WIDTH="176"
                          VPOS="908"
                          HPOS="626"
                          CONTENT="virtuali."/>
                  <SP HEIGHT="53" WIDTH="14" VPOS="908" HPOS="801"/>
                  <String HEIGHT="53"
                          WIDTH="122"
                          VPOS="908"
                          HPOS="761"
                          CONTENT="sicut"/>
                  <SP HEIGHT="53" WIDTH="14" VPOS="908" HPOS="882"/>
                  <String HEIGHT="53"
                          WIDTH="176"
                          VPOS="908"
                          HPOS="842"
                          CONTENT="subiectum"/>
                  <SP HEIGHT="53" WIDTH="14" VPOS="908" HPOS="1017"/>
                  <String HEIGHT="53"
                          WIDTH="162"
                          VPOS="908"
                          HPOS="977"
                          CONTENT="continet"/>
                  <SP HEIGHT="53" WIDTH="14" VPOS="908" HPOS="1139"/>
                  <String HEIGHT="53"
                          WIDTH="108"
                          VPOS="908"
                          HPOS="1085"
                          CONTENT="passi"
                          SUBS_TYPE="HypPart1"
                          SUBS_CONTENT="passionem"/>
                  <HYP CONTENT="-"/>
               </TextLine>
               <TextLine ID="r2l19"
                         BASELINE="1007"
                         HEIGHT="60"
                         WIDTH="708"
                         VPOS="947"
                         HPOS="488">
                  <String HEIGHT="60"
                          WIDTH="107"
                          VPOS="947"
                          HPOS="475"
                          CONTENT="onem"
                          SUBS_TYPE="HypPart2"
                          SUBS_CONTENT="passionem"/>
                  <SP HEIGHT="60" WIDTH="13" VPOS="947" HPOS="582"/>
                  <String HEIGHT="60"
                          WIDTH="120"
                          VPOS="947"
                          HPOS="541"
                          CONTENT="suam."/>
                  <SP HEIGHT="60" WIDTH="13" VPOS="947" HPOS="662"/>
                  <String HEIGHT="60"
                          WIDTH="120"
                          VPOS="947"
                          HPOS="622"
                          CONTENT="Nulla"/>
                  <SP HEIGHT="60" WIDTH="13" VPOS="947" HPOS="742"/>
                  <String HEIGHT="60"
                          WIDTH="120"
                          VPOS="947"
                          HPOS="702"
                          CONTENT="autem"/>
                  <SP HEIGHT="60" WIDTH="13" VPOS="947" HPOS="822"/>
                  <String HEIGHT="60"
                          WIDTH="174"
                          VPOS="947"
                          HPOS="782"
                          CONTENT="perfectio"/>
                  <SP HEIGHT="60" WIDTH="13" VPOS="947" HPOS="956"/>
                  <String HEIGHT="60"
                          WIDTH="200"
                          VPOS="947"
                          HPOS="915"
                          CONTENT="essentialis"/>
                  <SP HEIGHT="60" WIDTH="13" VPOS="947" HPOS="1116"/>
                  <String HEIGHT="60"
                          WIDTH="134"
                          VPOS="947"
                          HPOS="1062"
                          CONTENT="continet"/>
               </TextLine>
               <TextLine ID="r2l20"
                         BASELINE="1050"
                         HEIGHT="65"
                         WIDTH="697"
                         VPOS="985"
                         HPOS="490">
                  <String HEIGHT="65"
                          WIDTH="98"
                          VPOS="985"
                          HPOS="479"
                          CONTENT="alias"/>
                  <SP HEIGHT="65" WIDTH="11" VPOS="985" HPOS="577"/>
                  <String HEIGHT="65"
                          WIDTH="152"
                          VPOS="985"
                          HPOS="544"
                          CONTENT="formaliter"/>
                  <SP HEIGHT="65" WIDTH="11" VPOS="985" HPOS="697"/>
                  <String HEIGHT="65" WIDTH="87" VPOS="985" HPOS="664" CONTENT="quia"/>
                  <SP HEIGHT="65" WIDTH="11" VPOS="985" HPOS="751"/>
                  <String HEIGHT="65" WIDTH="87" VPOS="985" HPOS="719" CONTENT="sunt"/>
                  <SP HEIGHT="65" WIDTH="11" VPOS="985" HPOS="806"/>
                  <String HEIGHT="65" WIDTH="87" VPOS="985" HPOS="773" CONTENT="eque"/>
                  <SP HEIGHT="65" WIDTH="11" VPOS="985" HPOS="860"/>
                  <String HEIGHT="65"
                          WIDTH="142"
                          VPOS="985"
                          HPOS="828"
                          CONTENT="communes."/>
                  <SP HEIGHT="65" WIDTH="11" VPOS="985" HPOS="969"/>
                  <String HEIGHT="65"
                          WIDTH="98"
                          VPOS="985"
                          HPOS="937"
                          CONTENT="eadem"/>
                  <SP HEIGHT="65" WIDTH="11" VPOS="985" HPOS="1035"/>
                  <String HEIGHT="65"
                          WIDTH="87"
                          VPOS="985"
                          HPOS="1002"
                          CONTENT="enim"/>
                  <SP HEIGHT="65" WIDTH="11" VPOS="985" HPOS="1089"/>
                  <String HEIGHT="65"
                          WIDTH="120"
                          VPOS="985"
                          HPOS="1056"
                          CONTENT="ratione"/>
                  <SP HEIGHT="65" WIDTH="11" VPOS="985" HPOS="1176"/>
                  <String HEIGHT="65" WIDTH="54" VPOS="985" HPOS="1133" CONTENT="qua"/>
               </TextLine>
               <TextLine ID="r2l21"
                         BASELINE="1094"
                         HEIGHT="49"
                         WIDTH="712"
                         VPOS="1045"
                         HPOS="489">
                  <String HEIGHT="49"
                          WIDTH="172"
                          VPOS="1045"
                          HPOS="477"
                          CONTENT="formaliter"/>
                  <SP HEIGHT="49" WIDTH="12" VPOS="1045" HPOS="649"/>
                  <String HEIGHT="49"
                          WIDTH="184"
                          VPOS="1045"
                          HPOS="612"
                          CONTENT="continentur"/>
                  <SP HEIGHT="49" WIDTH="12" VPOS="1045" HPOS="796"/>
                  <String HEIGHT="49" WIDTH="86" VPOS="1045" HPOS="759" CONTENT="sub"/>
                  <SP HEIGHT="49" WIDTH="12" VPOS="1045" HPOS="845"/>
                  <String HEIGHT="49"
                          WIDTH="172"
                          VPOS="1045"
                          HPOS="808"
                          CONTENT="sapientia."/>
                  <SP HEIGHT="49" WIDTH="12" VPOS="1045" HPOS="980"/>
                  <String HEIGHT="49"
                          WIDTH="110"
                          VPOS="1045"
                          HPOS="943"
                          CONTENT="eadem"/>
                  <SP HEIGHT="49" WIDTH="12" VPOS="1045" HPOS="1054"/>
                  <String HEIGHT="49"
                          WIDTH="135"
                          VPOS="1045"
                          HPOS="1017"
                          CONTENT="ratione"/>
                  <SP HEIGHT="49" WIDTH="12" VPOS="1045" HPOS="1152"/>
                  <String HEIGHT="49"
                          WIDTH="98"
                          VPOS="1045"
                          HPOS="1103"
                          CONTENT="conti"
                          SUBS_TYPE="HypPart1"
                          SUBS_CONTENT="continentur"/>
                  <HYP CONTENT="-"/>
               </TextLine>
               <TextLine ID="r2l22"
                         BASELINE="1136"
                         HEIGHT="58"
                         WIDTH="724"
                         VPOS="1078"
                         HPOS="480">
                  <String HEIGHT="58"
                          WIDTH="121"
                          VPOS="1078"
                          HPOS="468"
                          CONTENT="nentur"
                          SUBS_TYPE="HypPart2"
                          SUBS_CONTENT="continentur"/>
                  <SP HEIGHT="58" WIDTH="12" VPOS="1078" HPOS="589"/>
                  <String HEIGHT="58" WIDTH="84" VPOS="1078" HPOS="552" CONTENT="sub"/>
                  <SP HEIGHT="58" WIDTH="12" VPOS="1078" HPOS="637"/>
                  <String HEIGHT="58"
                          WIDTH="157"
                          VPOS="1078"
                          HPOS="601"
                          CONTENT="bonitate."/>
                  <SP HEIGHT="58" WIDTH="12" VPOS="1078" HPOS="758"/>
                  <String HEIGHT="58"
                          WIDTH="97"
                          VPOS="1078"
                          HPOS="721"
                          CONTENT="quia"/>
                  <SP HEIGHT="58" WIDTH="12" VPOS="1078" HPOS="818"/>
                  <String HEIGHT="58"
                          WIDTH="157"
                          VPOS="1078"
                          HPOS="782"
                          CONTENT="quaelibet"/>
                  <SP HEIGHT="58" WIDTH="12" VPOS="1078" HPOS="939"/>
                  <String HEIGHT="58"
                          WIDTH="109"
                          VPOS="1078"
                          HPOS="902"
                          CONTENT="earum"/>
                  <SP HEIGHT="58" WIDTH="12" VPOS="1078" HPOS="1011"/>
                  <String HEIGHT="58" WIDTH="84" VPOS="1078" HPOS="975" CONTENT="est"/>
                  <SP HEIGHT="58" WIDTH="12" VPOS="1078" HPOS="1059"/>
                  <String HEIGHT="58"
                          WIDTH="145"
                          VPOS="1078"
                          HPOS="1023"
                          CONTENT="communis"/>
                  <SP HEIGHT="58" WIDTH="12" VPOS="1078" HPOS="1168"/>
                  <String HEIGHT="58"
                          WIDTH="84"
                          VPOS="1078"
                          HPOS="1120"
                          CONTENT="forma"/>
               </TextLine>
               <TextLine ID="r2l23"
                         BASELINE="1182"
                         HEIGHT="61"
                         WIDTH="709"
                         VPOS="1121"
                         HPOS="489">
                  <String HEIGHT="61"
                          WIDTH="120"
                          VPOS="1121"
                          HPOS="477"
                          CONTENT="liter."/>
                  <SP HEIGHT="61" WIDTH="12" VPOS="1121" HPOS="597"/>
                  <String HEIGHT="61" WIDTH="84" VPOS="1121" HPOS="561" CONTENT="Sed"/>
                  <SP HEIGHT="61" WIDTH="12" VPOS="1121" HPOS="645"/>
                  <String HEIGHT="61" WIDTH="84" VPOS="1121" HPOS="609" CONTENT="est"/>
                  <SP HEIGHT="61" WIDTH="12" VPOS="1121" HPOS="693"/>
                  <String HEIGHT="61"
                          WIDTH="108"
                          VPOS="1121"
                          HPOS="657"
                          CONTENT="tamen"/>
                  <SP HEIGHT="61" WIDTH="12" VPOS="1121" HPOS="765"/>
                  <String HEIGHT="61"
                          WIDTH="180"
                          VPOS="1121"
                          HPOS="729"
                          CONTENT="continentia"/>
                  <SP HEIGHT="61" WIDTH="12" VPOS="1121" HPOS="910"/>
                  <String HEIGHT="61"
                          WIDTH="168"
                          VPOS="1121"
                          HPOS="874"
                          CONTENT="virtualis."/>
                  <SP HEIGHT="61" WIDTH="12" VPOS="1121" HPOS="1042"/>
                  <String HEIGHT="61"
                          WIDTH="108"
                          VPOS="1121"
                          HPOS="1006"
                          CONTENT="nihil"/>
                  <SP HEIGHT="61" WIDTH="12" VPOS="1121" HPOS="1114"/>
                  <String HEIGHT="61"
                          WIDTH="108"
                          VPOS="1121"
                          HPOS="1078"
                          CONTENT="autem"/>
                  <SP HEIGHT="61" WIDTH="12" VPOS="1121" HPOS="1186"/>
                  <String HEIGHT="61"
                          WIDTH="60"
                          VPOS="1121"
                          HPOS="1138"
                          CONTENT="con"/>
               </TextLine>
               <TextLine ID="r2l24"
                         BASELINE="1222"
                         HEIGHT="57"
                         WIDTH="709"
                         VPOS="1165"
                         HPOS="496">
                  <String HEIGHT="57"
                          WIDTH="110"
                          VPOS="1165"
                          HPOS="484"
                          CONTENT="tinet"/>
                  <SP HEIGHT="57" WIDTH="12" VPOS="1165" HPOS="594"/>
                  <String HEIGHT="57"
                          WIDTH="122"
                          VPOS="1165"
                          HPOS="557"
                          CONTENT="aliqua"/>
                  <SP HEIGHT="57" WIDTH="12" VPOS="1165" HPOS="679"/>
                  <String HEIGHT="57"
                          WIDTH="183"
                          VPOS="1165"
                          HPOS="643"
                          CONTENT="virtualiter"/>
                  <SP HEIGHT="57" WIDTH="12" VPOS="1165" HPOS="826"/>
                  <String HEIGHT="57"
                          WIDTH="98"
                          VPOS="1165"
                          HPOS="789"
                          CONTENT="nisi"/>
                  <SP HEIGHT="57" WIDTH="12" VPOS="1165" HPOS="887"/>
                  <String HEIGHT="57"
                          WIDTH="159"
                          VPOS="1165"
                          HPOS="851"
                          CONTENT="essentia."/>
                  <SP HEIGHT="57" WIDTH="12" VPOS="1165" HPOS="1009"/>
                  <String HEIGHT="57"
                          WIDTH="98"
                          VPOS="1165"
                          HPOS="973"
                          CONTENT="quia"/>
                  <SP HEIGHT="57" WIDTH="12" VPOS="1165" HPOS="1071"/>
                  <String HEIGHT="57"
                          WIDTH="171"
                          VPOS="1165"
                          HPOS="1034"
                          CONTENT="quaecumque"/>
                  <SP HEIGHT="57" WIDTH="12" VPOS="1165" HPOS="1205"/>
                  <String HEIGHT="57" WIDTH="49" VPOS="1165" HPOS="1156" CONTENT="po"/>
               </TextLine>
               <TextLine ID="r2l25"
                         BASELINE="1266"
                         HEIGHT="57"
                         WIDTH="719"
                         VPOS="1209"
                         HPOS="485">
                  <String HEIGHT="57"
                          WIDTH="139"
                          VPOS="1209"
                          HPOS="472"
                          CONTENT="neretur"/>
                  <SP HEIGHT="57" WIDTH="13" VPOS="1209" HPOS="611"/>
                  <String HEIGHT="57"
                          WIDTH="164"
                          VPOS="1209"
                          HPOS="573"
                          CONTENT="continere"/>
                  <SP HEIGHT="57" WIDTH="13" VPOS="1209" HPOS="737"/>
                  <String HEIGHT="57"
                          WIDTH="101"
                          VPOS="1209"
                          HPOS="699"
                          CONTENT="alia"/>
                  <SP HEIGHT="57" WIDTH="13" VPOS="1209" HPOS="800"/>
                  <String HEIGHT="57"
                          WIDTH="189"
                          VPOS="1209"
                          HPOS="763"
                          CONTENT="virtualiter"/>
                  <SP HEIGHT="57" WIDTH="13" VPOS="1209" HPOS="952"/>
                  <String HEIGHT="57"
                          WIDTH="202"
                          VPOS="1209"
                          HPOS="914"
                          CONTENT="includeretur"/>
                  <SP HEIGHT="57" WIDTH="13" VPOS="1209" HPOS="1116"/>
                  <String HEIGHT="57" WIDTH="76" VPOS="1209" HPOS="1078" CONTENT="in"/>
                  <SP HEIGHT="57" WIDTH="13" VPOS="1209" HPOS="1154"/>
                  <String HEIGHT="57"
                          WIDTH="101"
                          VPOS="1209"
                          HPOS="1103"
                          CONTENT="essen"
                          SUBS_TYPE="HypPart1"
                          SUBS_CONTENT="essentia."/>
                  <HYP CONTENT="-"/>
               </TextLine>
               <TextLine ID="r2l26"
                         BASELINE="1318"
                         HEIGHT="67"
                         WIDTH="701"
                         VPOS="1251"
                         HPOS="491">
                  <String HEIGHT="67"
                          WIDTH="97"
                          VPOS="1251"
                          HPOS="479"
                          CONTENT="tia."
                          SUBS_TYPE="HypPart2"
                          SUBS_CONTENT="essentia."/>
                  <SP HEIGHT="67" WIDTH="12" VPOS="1251" HPOS="576"/>
                  <String HEIGHT="67"
                          WIDTH="97"
                          VPOS="1251"
                          HPOS="539"
                          CONTENT="quae"/>
                  <SP HEIGHT="67" WIDTH="12" VPOS="1251" HPOS="636"/>
                  <String HEIGHT="67" WIDTH="85" VPOS="1251" HPOS="600" CONTENT="est"/>
                  <SP HEIGHT="67" WIDTH="12" VPOS="1251" HPOS="684"/>
                  <String HEIGHT="67"
                          WIDTH="121"
                          VPOS="1251"
                          HPOS="648"
                          CONTENT="primum"/>
                  <SP HEIGHT="67" WIDTH="12" VPOS="1251" HPOS="769"/>
                  <String HEIGHT="67" WIDTH="73" VPOS="1251" HPOS="733" CONTENT="in"/>
                  <SP HEIGHT="67" WIDTH="12" VPOS="1251" HPOS="805"/>
                  <String HEIGHT="67"
                          WIDTH="193"
                          VPOS="1251"
                          HPOS="769"
                          CONTENT="perfectione."/>
                  <SP HEIGHT="67" WIDTH="12" VPOS="1251" HPOS="962"/>
                  <String HEIGHT="67" WIDTH="85" VPOS="1251" HPOS="926" CONTENT="sed"/>
                  <SP HEIGHT="67" WIDTH="12" VPOS="1251" HPOS="1011"/>
                  <String HEIGHT="67"
                          WIDTH="181"
                          VPOS="1251"
                          HPOS="974"
                          CONTENT="continentia"/>
                  <SP HEIGHT="67" WIDTH="12" VPOS="1251" HPOS="1156"/>
                  <String HEIGHT="67"
                          WIDTH="85"
                          VPOS="1251"
                          HPOS="1107"
                          CONTENT="virtu"/>
               </TextLine>
               <TextLine ID="r2l27"
                         BASELINE="1358"
                         HEIGHT="57"
                         WIDTH="711"
                         VPOS="1301"
                         HPOS="491">
                  <String HEIGHT="57"
                          WIDTH="96"
                          VPOS="1301"
                          HPOS="479"
                          CONTENT="alis"/>
                  <SP HEIGHT="57" WIDTH="12" VPOS="1301" HPOS="575"/>
                  <String HEIGHT="57" WIDTH="84" VPOS="1301" HPOS="539" CONTENT="non"/>
                  <SP HEIGHT="57" WIDTH="12" VPOS="1301" HPOS="624"/>
                  <String HEIGHT="57" WIDTH="84" VPOS="1301" HPOS="587" CONTENT="est"/>
                  <SP HEIGHT="57" WIDTH="12" VPOS="1301" HPOS="672"/>
                  <String HEIGHT="57"
                          WIDTH="181"
                          VPOS="1301"
                          HPOS="636"
                          CONTENT="circularis."/>
                  <SP HEIGHT="57" WIDTH="12" VPOS="1301" HPOS="816"/>
                  <String HEIGHT="57"
                          WIDTH="96"
                          VPOS="1301"
                          HPOS="780"
                          CONTENT="ergo"/>
                  <SP HEIGHT="57" WIDTH="12" VPOS="1301" HPOS="877"/>
                  <String HEIGHT="57"
                          WIDTH="96"
                          VPOS="1301"
                          HPOS="840"
                          CONTENT="etc."/>
                  <SP HEIGHT="57" WIDTH="12" VPOS="1301" HPOS="937"/>
                  <String HEIGHT="57" WIDTH="60" VPOS="1301" HPOS="901" CONTENT="⁋"/>
                  <SP HEIGHT="57" WIDTH="12" VPOS="1301" HPOS="961"/>
                  <String HEIGHT="57"
                          WIDTH="96"
                          VPOS="1301"
                          HPOS="925"
                          CONTENT="Ista"/>
                  <SP HEIGHT="57" WIDTH="12" VPOS="1301" HPOS="1021"/>
                  <String HEIGHT="57"
                          WIDTH="121"
                          VPOS="1301"
                          HPOS="985"
                          CONTENT="opinio"/>
                  <SP HEIGHT="57" WIDTH="12" VPOS="1301" HPOS="1106"/>
                  <String HEIGHT="57"
                          WIDTH="108"
                          VPOS="1301"
                          HPOS="1069"
                          CONTENT="dicit"/>
                  <SP HEIGHT="57" WIDTH="12" VPOS="1301" HPOS="1178"/>
                  <String HEIGHT="57"
                          WIDTH="72"
                          VPOS="1301"
                          HPOS="1130"
                          CONTENT="mul"
                          SUBS_TYPE="HypPart1"
                          SUBS_CONTENT="multa"/>
                  <HYP CONTENT="-"/>
               </TextLine>
               <TextLine ID="r2l28"
                         BASELINE="1398"
                         HEIGHT="56"
                         WIDTH="699"
                         VPOS="1342"
                         HPOS="499">
                  <String HEIGHT="56"
                          WIDTH="79"
                          VPOS="1342"
                          HPOS="486"
                          CONTENT="ta"
                          SUBS_TYPE="HypPart2"
                          SUBS_CONTENT="multa"/>
                  <SP HEIGHT="56" WIDTH="13" VPOS="1342" HPOS="565"/>
                  <String HEIGHT="56"
                          WIDTH="106"
                          VPOS="1342"
                          HPOS="525"
                          CONTENT="quae"/>
                  <SP HEIGHT="56" WIDTH="13" VPOS="1342" HPOS="631"/>
                  <String HEIGHT="56" WIDTH="92" VPOS="1342" HPOS="591" CONTENT="non"/>
                  <SP HEIGHT="56" WIDTH="13" VPOS="1342" HPOS="684"/>
                  <String HEIGHT="56"
                          WIDTH="171"
                          VPOS="1342"
                          HPOS="644"
                          CONTENT="intelligo"/>
                  <SP HEIGHT="56" WIDTH="13" VPOS="1342" HPOS="816"/>
                  <String HEIGHT="56"
                          WIDTH="132"
                          VPOS="1342"
                          HPOS="776"
                          CONTENT="Primum"/>
                  <SP HEIGHT="56" WIDTH="13" VPOS="1342" HPOS="908"/>
                  <String HEIGHT="56"
                          WIDTH="106"
                          VPOS="1342"
                          HPOS="868"
                          CONTENT="quod"/>
                  <SP HEIGHT="56" WIDTH="13" VPOS="1342" HPOS="974"/>
                  <String HEIGHT="56"
                          WIDTH="158"
                          VPOS="1342"
                          HPOS="934"
                          CONTENT="essentia"/>
                  <SP HEIGHT="56" WIDTH="13" VPOS="1342" HPOS="1092"/>
                  <String HEIGHT="56"
                          WIDTH="132"
                          VPOS="1342"
                          HPOS="1053"
                          CONTENT="diuina"/>
                  <SP HEIGHT="56" WIDTH="13" VPOS="1342" HPOS="1185"/>
                  <String HEIGHT="56"
                          WIDTH="66"
                          VPOS="1342"
                          HPOS="1132"
                          CONTENT="est"/>
               </TextLine>
               <TextLine ID="r2l29"
                         BASELINE="1453"
                         HEIGHT="71"
                         WIDTH="720"
                         VPOS="1382"
                         HPOS="494">
                  <String HEIGHT="71"
                          WIDTH="133"
                          VPOS="1382"
                          HPOS="481"
                          CONTENT="primum"/>
                  <SP HEIGHT="71" WIDTH="13" VPOS="1382" HPOS="614"/>
                  <String HEIGHT="71"
                          WIDTH="120"
                          VPOS="1382"
                          HPOS="574"
                          CONTENT="inter"/>
                  <SP HEIGHT="71" WIDTH="13" VPOS="1382" HPOS="694"/>
                  <String HEIGHT="71"
                          WIDTH="120"
                          VPOS="1382"
                          HPOS="654"
                          CONTENT="omnia"/>
                  <SP HEIGHT="71" WIDTH="13" VPOS="1382" HPOS="774"/>
                  <String HEIGHT="71" WIDTH="80" VPOS="1382" HPOS="734" CONTENT="in"/>
                  <SP HEIGHT="71" WIDTH="13" VPOS="1382" HPOS="814"/>
                  <String HEIGHT="71" WIDTH="93" VPOS="1382" HPOS="774" CONTENT="deo"/>
                  <SP HEIGHT="71" WIDTH="13" VPOS="1382" HPOS="867"/>
                  <String HEIGHT="71"
                          WIDTH="200"
                          VPOS="1382"
                          HPOS="827"
                          CONTENT="perfectione"/>
                  <SP HEIGHT="71" WIDTH="13" VPOS="1382" HPOS="1027"/>
                  <String HEIGHT="71" WIDTH="80" VPOS="1382" HPOS="987" CONTENT="et"/>
                  <SP HEIGHT="71" WIDTH="13" VPOS="1382" HPOS="1067"/>
                  <String HEIGHT="71"
                          WIDTH="160"
                          VPOS="1382"
                          HPOS="1027"
                          CONTENT="origine."/>
                  <SP HEIGHT="71" WIDTH="13" VPOS="1382" HPOS="1187"/>
                  <String HEIGHT="71" WIDTH="67" VPOS="1382" HPOS="1147" CONTENT="⁋"/>
                  <SP HEIGHT="71" WIDTH="13" VPOS="1382" HPOS="1214"/>
                  <String HEIGHT="71" WIDTH="53" VPOS="1382" HPOS="1161" CONTENT="Se"/>
               </TextLine>
               <TextLine ID="r2l30"
                         BASELINE="1490"
                         HEIGHT="65"
                         WIDTH="704"
                         VPOS="1425"
                         HPOS="498">
                  <String HEIGHT="65"
                          WIDTH="121"
                          VPOS="1425"
                          HPOS="486"
                          CONTENT="cundum"/>
                  <SP HEIGHT="65" WIDTH="12" VPOS="1425" HPOS="607"/>
                  <String HEIGHT="65"
                          WIDTH="97"
                          VPOS="1425"
                          HPOS="571"
                          CONTENT="quod"/>
                  <SP HEIGHT="65" WIDTH="12" VPOS="1425" HPOS="668"/>
                  <String HEIGHT="65"
                          WIDTH="109"
                          VPOS="1425"
                          HPOS="632"
                          CONTENT="omnia"/>
                  <SP HEIGHT="65" WIDTH="12" VPOS="1425" HPOS="741"/>
                  <String HEIGHT="65"
                          WIDTH="109"
                          VPOS="1425"
                          HPOS="704"
                          CONTENT="quasi"/>
                  <SP HEIGHT="65" WIDTH="12" VPOS="1425" HPOS="814"/>
                  <String HEIGHT="65"
                          WIDTH="121"
                          VPOS="1425"
                          HPOS="777"
                          CONTENT="fluunt"/>
                  <SP HEIGHT="65" WIDTH="12" VPOS="1425" HPOS="899"/>
                  <String HEIGHT="65" WIDTH="73" VPOS="1425" HPOS="862" CONTENT="ab"/>
                  <SP HEIGHT="65" WIDTH="12" VPOS="1425" HPOS="935"/>
                  <String HEIGHT="65" WIDTH="85" VPOS="1425" HPOS="899" CONTENT="ea."/>
                  <SP HEIGHT="65" WIDTH="12" VPOS="1425" HPOS="984"/>
                  <String HEIGHT="65" WIDTH="61" VPOS="1425" HPOS="947" CONTENT="⁋"/>
                  <SP HEIGHT="65" WIDTH="12" VPOS="1425" HPOS="1008"/>
                  <String HEIGHT="65"
                          WIDTH="134"
                          VPOS="1425"
                          HPOS="971"
                          CONTENT="Tertium"/>
                  <SP HEIGHT="65" WIDTH="12" VPOS="1425" HPOS="1105"/>
                  <String HEIGHT="65"
                          WIDTH="97"
                          VPOS="1425"
                          HPOS="1068"
                          CONTENT="quod"/>
                  <SP HEIGHT="65" WIDTH="12" VPOS="1425" HPOS="1166"/>
                  <String HEIGHT="65"
                          WIDTH="85"
                          VPOS="1425"
                          HPOS="1117"
                          CONTENT="essen"/>
               </TextLine>
               <TextLine ID="r2l31"
                         BASELINE="1533"
                         HEIGHT="62"
                         WIDTH="710"
                         VPOS="1471"
                         HPOS="494">
                  <String HEIGHT="62" WIDTH="90" VPOS="1471" HPOS="481" CONTENT="tia"/>
                  <SP HEIGHT="62" WIDTH="13" VPOS="1471" HPOS="571"/>
                  <String HEIGHT="62"
                          WIDTH="129"
                          VPOS="1471"
                          HPOS="533"
                          CONTENT="diuina"/>
                  <SP HEIGHT="62" WIDTH="13" VPOS="1471" HPOS="662"/>
                  <String HEIGHT="62" WIDTH="90" VPOS="1471" HPOS="623" CONTENT="est"/>
                  <SP HEIGHT="62" WIDTH="13" VPOS="1471" HPOS="713"/>
                  <String HEIGHT="62"
                          WIDTH="129"
                          VPOS="1471"
                          HPOS="675"
                          CONTENT="primum"/>
                  <SP HEIGHT="62" WIDTH="13" VPOS="1471" HPOS="804"/>
                  <String HEIGHT="62"
                          WIDTH="168"
                          VPOS="1471"
                          HPOS="765"
                          CONTENT="primitate"/>
                  <SP HEIGHT="62" WIDTH="13" VPOS="1471" HPOS="933"/>
                  <String HEIGHT="62"
                          WIDTH="219"
                          VPOS="1471"
                          HPOS="894"
                          CONTENT="edequationis."/>
                  <SP HEIGHT="62" WIDTH="13" VPOS="1471" HPOS="1114"/>
                  <String HEIGHT="62"
                          WIDTH="103"
                          VPOS="1471"
                          HPOS="1075"
                          CONTENT="illo"/>
                  <SP HEIGHT="62" WIDTH="13" VPOS="1471" HPOS="1178"/>
                  <String HEIGHT="62"
                          WIDTH="77"
                          VPOS="1471"
                          HPOS="1127"
                          CONTENT="modo"/>
               </TextLine>
               <TextLine ID="r2l32"
                         BASELINE="1577"
                         HEIGHT="62"
                         WIDTH="713"
                         VPOS="1515"
                         HPOS="488">
                  <String HEIGHT="62" WIDTH="98" VPOS="1515" HPOS="474" CONTENT="quo"/>
                  <SP HEIGHT="62" WIDTH="14" VPOS="1515" HPOS="572"/>
                  <String HEIGHT="62"
                          WIDTH="210"
                          VPOS="1515"
                          HPOS="530"
                          CONTENT="triangulius"/>
                  <SP HEIGHT="62" WIDTH="14" VPOS="1515" HPOS="740"/>
                  <String HEIGHT="62" WIDTH="98" VPOS="1515" HPOS="698" CONTENT="est"/>
                  <SP HEIGHT="62" WIDTH="14" VPOS="1515" HPOS="796"/>
                  <String HEIGHT="62"
                          WIDTH="140"
                          VPOS="1515"
                          HPOS="754"
                          CONTENT="primum"/>
                  <SP HEIGHT="62" WIDTH="14" VPOS="1515" HPOS="893"/>
                  <String HEIGHT="62"
                          WIDTH="168"
                          VPOS="1515"
                          HPOS="851"
                          CONTENT="obiectum"/>
                  <SP HEIGHT="62" WIDTH="14" VPOS="1515" HPOS="1019"/>
                  <String HEIGHT="62"
                          WIDTH="168"
                          VPOS="1515"
                          HPOS="977"
                          CONTENT="respectu"/>
                  <SP HEIGHT="62" WIDTH="14" VPOS="1515" HPOS="1145"/>
                  <String HEIGHT="62"
                          WIDTH="112"
                          VPOS="1515"
                          HPOS="1089"
                          CONTENT="habere"/>
               </TextLine>
               <TextLine ID="r2l33"
                         BASELINE="1619"
                         HEIGHT="60"
                         WIDTH="706"
                         VPOS="1559"
                         HPOS="495">
                  <String HEIGHT="60"
                          WIDTH="108"
                          VPOS="1559"
                          HPOS="483"
                          CONTENT="tres."/>
                  <SP HEIGHT="60" WIDTH="12" VPOS="1559" HPOS="591"/>
                  <String HEIGHT="60"
                          WIDTH="96"
                          VPOS="1559"
                          HPOS="555"
                          CONTENT="illo"/>
                  <SP HEIGHT="60" WIDTH="12" VPOS="1559" HPOS="651"/>
                  <String HEIGHT="60"
                          WIDTH="96"
                          VPOS="1559"
                          HPOS="615"
                          CONTENT="modo"/>
                  <SP HEIGHT="60" WIDTH="12" VPOS="1559" HPOS="710"/>
                  <String HEIGHT="60" WIDTH="84" VPOS="1559" HPOS="674" CONTENT="quo"/>
                  <SP HEIGHT="60" WIDTH="12" VPOS="1559" HPOS="758"/>
                  <String HEIGHT="60"
                          WIDTH="144"
                          VPOS="1559"
                          HPOS="722"
                          CONTENT="loquitur"/>
                  <SP HEIGHT="60" WIDTH="12" VPOS="1559" HPOS="866"/>
                  <String HEIGHT="60"
                          WIDTH="179"
                          VPOS="1559"
                          HPOS="830"
                          CONTENT="philosophus"/>
                  <SP HEIGHT="60" WIDTH="12" VPOS="1559" HPOS="1010"/>
                  <String HEIGHT="60"
                          WIDTH="108"
                          VPOS="1559"
                          HPOS="974"
                          CONTENT="primo"/>
                  <SP HEIGHT="60" WIDTH="12" VPOS="1559" HPOS="1081"/>
                  <String HEIGHT="60"
                          WIDTH="168"
                          VPOS="1559"
                          HPOS="1033"
                          CONTENT="posteriorum."/>
               </TextLine>
               <TextLine ID="r2l34"
                         BASELINE="1667"
                         HEIGHT="63"
                         WIDTH="716"
                         VPOS="1604"
                         HPOS="495">
                  <String HEIGHT="63" WIDTH="70" VPOS="1604" HPOS="481" CONTENT="⁋"/>
                  <SP HEIGHT="63" WIDTH="14" VPOS="1604" HPOS="551"/>
                  <String HEIGHT="63"
                          WIDTH="154"
                          VPOS="1604"
                          HPOS="509"
                          CONTENT="Quartum"/>
                  <SP HEIGHT="63" WIDTH="14" VPOS="1604" HPOS="663"/>
                  <String HEIGHT="63"
                          WIDTH="112"
                          VPOS="1604"
                          HPOS="621"
                          CONTENT="quod"/>
                  <SP HEIGHT="63" WIDTH="14" VPOS="1604" HPOS="734"/>
                  <String HEIGHT="63"
                          WIDTH="154"
                          VPOS="1604"
                          HPOS="692"
                          CONTENT="innuit:"/>
                  <SP HEIGHT="63" WIDTH="14" VPOS="1604" HPOS="846"/>
                  <String HEIGHT="63"
                          WIDTH="112"
                          VPOS="1604"
                          HPOS="804"
                          CONTENT="quod"/>
                  <SP HEIGHT="63" WIDTH="14" VPOS="1604" HPOS="916"/>
                  <String HEIGHT="63"
                          WIDTH="140"
                          VPOS="1604"
                          HPOS="874"
                          CONTENT="semper"/>
                  <SP HEIGHT="63" WIDTH="14" VPOS="1604" HPOS="1014"/>
                  <String HEIGHT="63"
                          WIDTH="168"
                          VPOS="1604"
                          HPOS="972"
                          CONTENT="obiectum"/>
                  <SP HEIGHT="63" WIDTH="14" VPOS="1604" HPOS="1141"/>
                  <String HEIGHT="63"
                          WIDTH="126"
                          VPOS="1604"
                          HPOS="1085"
                          CONTENT="adequa"
                          SUBS_TYPE="HypPart1"
                          SUBS_CONTENT="adequatum"/>
                  <HYP CONTENT="-"/>
               </TextLine>
               <TextLine ID="r2l35"
                         BASELINE="1714"
                         HEIGHT="66"
                         WIDTH="713"
                         VPOS="1648"
                         HPOS="492">
                  <String HEIGHT="66"
                          WIDTH="89"
                          VPOS="1648"
                          HPOS="479"
                          CONTENT="tum"
                          SUBS_TYPE="HypPart2"
                          SUBS_CONTENT="adequatum"/>
                  <SP HEIGHT="66" WIDTH="13" VPOS="1648" HPOS="568"/>
                  <String HEIGHT="66"
                          WIDTH="115"
                          VPOS="1648"
                          HPOS="530"
                          CONTENT="mouet"/>
                  <SP HEIGHT="66" WIDTH="13" VPOS="1648" HPOS="645"/>
                  <String HEIGHT="66"
                          WIDTH="166"
                          VPOS="1648"
                          HPOS="607"
                          CONTENT="potentiam"/>
                  <SP HEIGHT="66" WIDTH="13" VPOS="1648" HPOS="772"/>
                  <String HEIGHT="66" WIDTH="64" VPOS="1648" HPOS="734" CONTENT="⁋"/>
                  <SP HEIGHT="66" WIDTH="13" VPOS="1648" HPOS="798"/>
                  <String HEIGHT="66"
                          WIDTH="140"
                          VPOS="1648"
                          HPOS="759"
                          CONTENT="Quintum"/>
                  <SP HEIGHT="66" WIDTH="13" VPOS="1648" HPOS="899"/>
                  <String HEIGHT="66"
                          WIDTH="115"
                          VPOS="1648"
                          HPOS="861"
                          CONTENT="ratio"/>
                  <SP HEIGHT="66" WIDTH="13" VPOS="1648" HPOS="976"/>
                  <String HEIGHT="66"
                          WIDTH="102"
                          VPOS="1648"
                          HPOS="938"
                          CONTENT="quae"/>
                  <SP HEIGHT="66" WIDTH="13" VPOS="1648" HPOS="1039"/>
                  <String HEIGHT="66"
                          WIDTH="127"
                          VPOS="1648"
                          HPOS="1001"
                          CONTENT="probat"/>
                  <SP HEIGHT="66" WIDTH="13" VPOS="1648" HPOS="1129"/>
                  <String HEIGHT="66"
                          WIDTH="102"
                          VPOS="1648"
                          HPOS="1090"
                          CONTENT="quod"/>
                  <SP HEIGHT="66" WIDTH="13" VPOS="1648" HPOS="1192"/>
                  <String HEIGHT="66"
                          WIDTH="64"
                          VPOS="1648"
                          HPOS="1141"
                          CONTENT="nul"/>
               </TextLine>
               <TextLine ID="r2l36"
                         BASELINE="1754"
                         HEIGHT="64"
                         WIDTH="713"
                         VPOS="1690"
                         HPOS="501">
                  <String HEIGHT="64"
                          WIDTH="100"
                          VPOS="1690"
                          HPOS="487"
                          CONTENT="lum"/>
                  <SP HEIGHT="64" WIDTH="14" VPOS="1690" HPOS="587"/>
                  <String HEIGHT="64"
                          WIDTH="185"
                          VPOS="1690"
                          HPOS="544"
                          CONTENT="personale"/>
                  <SP HEIGHT="64" WIDTH="14" VPOS="1690" HPOS="729"/>
                  <String HEIGHT="64"
                          WIDTH="100"
                          VPOS="1690"
                          HPOS="686"
                          CONTENT="sit"/>
                  <SP HEIGHT="64" WIDTH="14" VPOS="1690" HPOS="786"/>
                  <String HEIGHT="64"
                          WIDTH="171"
                          VPOS="1690"
                          HPOS="743"
                          CONTENT="obiectum"/>
                  <SP HEIGHT="64" WIDTH="14" VPOS="1690" HPOS="915"/>
                  <String HEIGHT="64"
                          WIDTH="200"
                          VPOS="1690"
                          HPOS="872"
                          CONTENT="adequatum."/>
                  <SP HEIGHT="64" WIDTH="14" VPOS="1690" HPOS="1071"/>
                  <String HEIGHT="64" WIDTH="57" VPOS="1690" HPOS="1029" CONTENT=""/>
                  <SP HEIGHT="64" WIDTH="14" VPOS="1690" HPOS="1086"/>
                  <String HEIGHT="64"
                          WIDTH="143"
                          VPOS="1690"
                          HPOS="1043"
                          CONTENT="Sextum"/>
                  <SP HEIGHT="64" WIDTH="14" VPOS="1690" HPOS="1185"/>
                  <String HEIGHT="64"
                          WIDTH="86"
                          VPOS="1690"
                          HPOS="1128"
                          CONTENT="quod"/>
               </TextLine>
               <TextLine ID="r2l37"
                         BASELINE="1802"
                         HEIGHT="67"
                         WIDTH="700"
                         VPOS="1735"
                         HPOS="505">
                  <String HEIGHT="67"
                          WIDTH="121"
                          VPOS="1735"
                          HPOS="492"
                          CONTENT="ponit"/>
                  <SP HEIGHT="67" WIDTH="13" VPOS="1735" HPOS="613"/>
                  <String HEIGHT="67"
                          WIDTH="108"
                          VPOS="1735"
                          HPOS="572"
                          CONTENT="quod"/>
                  <SP HEIGHT="67" WIDTH="13" VPOS="1735" HPOS="680"/>
                  <String HEIGHT="67"
                          WIDTH="162"
                          VPOS="1735"
                          HPOS="640"
                          CONTENT="essentia"/>
                  <SP HEIGHT="67" WIDTH="13" VPOS="1735" HPOS="801"/>
                  <String HEIGHT="67" WIDTH="94" VPOS="1735" HPOS="761" CONTENT="est"/>
                  <SP HEIGHT="67" WIDTH="13" VPOS="1735" HPOS="855"/>
                  <String HEIGHT="67"
                          WIDTH="162"
                          VPOS="1735"
                          HPOS="815"
                          CONTENT="obiectum"/>
                  <SP HEIGHT="67" WIDTH="13" VPOS="1735" HPOS="976"/>
                  <String HEIGHT="67"
                          WIDTH="175"
                          VPOS="1735"
                          HPOS="936"
                          CONTENT="adequatum"/>
                  <SP HEIGHT="67" WIDTH="13" VPOS="1735" HPOS="1111"/>
                  <String HEIGHT="67" WIDTH="81" VPOS="1735" HPOS="1070" CONTENT="et"/>
                  <SP HEIGHT="67" WIDTH="13" VPOS="1735" HPOS="1151"/>
                  <String HEIGHT="67"
                          WIDTH="94"
                          VPOS="1735"
                          HPOS="1111"
                          CONTENT="non"/>
                  <SP HEIGHT="67" WIDTH="13" VPOS="1735" HPOS="1205"/>
                  <String HEIGHT="67" WIDTH="54" VPOS="1735" HPOS="1151" CONTENT="sa"/>
               </TextLine>
               <TextLine ID="r2l38"
                         BASELINE="1837"
                         HEIGHT="60"
                         WIDTH="691"
                         VPOS="1777"
                         HPOS="519">
                  <String HEIGHT="60"
                          WIDTH="173"
                          VPOS="1777"
                          HPOS="505"
                          CONTENT="pientia."/>
                  <SP HEIGHT="60" WIDTH="14" VPOS="1777" HPOS="677"/>
                  <String HEIGHT="60"
                          WIDTH="173"
                          VPOS="1777"
                          HPOS="634"
                          CONTENT="Septimum"/>
                  <SP HEIGHT="60" WIDTH="14" VPOS="1777" HPOS="807"/>
                  <String HEIGHT="60"
                          WIDTH="115"
                          VPOS="1777"
                          HPOS="764"
                          CONTENT="quod"/>
                  <SP HEIGHT="60" WIDTH="14" VPOS="1777" HPOS="879"/>
                  <String HEIGHT="60"
                          WIDTH="130"
                          VPOS="1777"
                          HPOS="836"
                          CONTENT="dicit"/>
                  <SP HEIGHT="60" WIDTH="14" VPOS="1777" HPOS="965"/>
                  <String HEIGHT="60" WIDTH="86" VPOS="1777" HPOS="922" CONTENT="de"/>
                  <SP HEIGHT="60" WIDTH="14" VPOS="1777" HPOS="1008"/>
                  <String HEIGHT="60"
                          WIDTH="158"
                          VPOS="1777"
                          HPOS="965"
                          CONTENT="duplici"/>
                  <SP HEIGHT="60" WIDTH="14" VPOS="1777" HPOS="1124"/>
                  <String HEIGHT="60"
                          WIDTH="144"
                          VPOS="1777"
                          HPOS="1066"
                          CONTENT="continen"/>
               </TextLine>
               <TextLine ID="r2l39"
                         BASELINE="1880"
                         HEIGHT="70"
                         WIDTH="721"
                         VPOS="1810"
                         HPOS="494">
                  <String HEIGHT="70"
                          WIDTH="103"
                          VPOS="1810"
                          HPOS="479"
                          CONTENT="tia"/>
                  <SP HEIGHT="70" WIDTH="15" VPOS="1810" HPOS="582"/>
                  <String HEIGHT="70"
                          WIDTH="177"
                          VPOS="1810"
                          HPOS="538"
                          CONTENT="obiecti."/>
                  <SP HEIGHT="70" WIDTH="15" VPOS="1810" HPOS="715"/>
                  <String HEIGHT="70"
                          WIDTH="177"
                          VPOS="1810"
                          HPOS="671"
                          CONTENT="virtuali"/>
                  <SP HEIGHT="70" WIDTH="15" VPOS="1810" HPOS="847"/>
                  <String HEIGHT="70" WIDTH="88" VPOS="1810" HPOS="803" CONTENT="et"/>
                  <SP HEIGHT="70" WIDTH="15" VPOS="1810" HPOS="891"/>
                  <String HEIGHT="70"
                          WIDTH="177"
                          VPOS="1810"
                          HPOS="847"
                          CONTENT="formali."/>
                  <SP HEIGHT="70" WIDTH="15" VPOS="1810" HPOS="1024"/>
                  <String HEIGHT="70" WIDTH="74" VPOS="1810" HPOS="980" CONTENT="⁋"/>
                  <SP HEIGHT="70" WIDTH="15" VPOS="1810" HPOS="1053"/>
                  <String HEIGHT="70"
                          WIDTH="147"
                          VPOS="1810"
                          HPOS="1009"
                          CONTENT="Contra"/>
                  <SP HEIGHT="70" WIDTH="15" VPOS="1810" HPOS="1156"/>
                  <String HEIGHT="70"
                          WIDTH="118"
                          VPOS="1810"
                          HPOS="1097"
                          CONTENT="primum"/>
               </TextLine>
               <TextLine ID="r2l40"
                         BASELINE="1923"
                         HEIGHT="58"
                         WIDTH="705"
                         VPOS="1865"
                         HPOS="512">
                  <String HEIGHT="58"
                          WIDTH="111"
                          VPOS="1865"
                          HPOS="500"
                          CONTENT="arguo"/>
                  <SP HEIGHT="58" WIDTH="12" VPOS="1865" HPOS="611"/>
                  <String HEIGHT="58"
                          WIDTH="99"
                          VPOS="1865"
                          HPOS="574"
                          CONTENT="sic."/>
                  <SP HEIGHT="58" WIDTH="12" VPOS="1865" HPOS="673"/>
                  <String HEIGHT="58"
                          WIDTH="161"
                          VPOS="1865"
                          HPOS="636"
                          CONTENT="vbicumque"/>
                  <SP HEIGHT="58" WIDTH="12" VPOS="1865" HPOS="796"/>
                  <String HEIGHT="58" WIDTH="87" VPOS="1865" HPOS="759" CONTENT="est"/>
                  <SP HEIGHT="58" WIDTH="12" VPOS="1865" HPOS="846"/>
                  <String HEIGHT="58"
                          WIDTH="111"
                          VPOS="1865"
                          HPOS="809"
                          CONTENT="prius"/>
                  <SP HEIGHT="58" WIDTH="12" VPOS="1865" HPOS="920"/>
                  <String HEIGHT="58"
                          WIDTH="186"
                          VPOS="1865"
                          HPOS="883"
                          CONTENT="perfectione"/>
                  <SP HEIGHT="58" WIDTH="12" VPOS="1865" HPOS="1069"/>
                  <String HEIGHT="58"
                          WIDTH="87"
                          VPOS="1865"
                          HPOS="1031"
                          CONTENT="ibi"/>
                  <SP HEIGHT="58" WIDTH="12" VPOS="1865" HPOS="1118"/>
                  <String HEIGHT="58"
                          WIDTH="148"
                          VPOS="1865"
                          HPOS="1069"
                          CONTENT="correspon"
                          SUBS_TYPE="HypPart1"
                          SUBS_CONTENT="correspondet"/>
                  <HYP CONTENT="-"/>
               </TextLine>
               <TextLine ID="r2l41"
                         BASELINE="1969"
                         HEIGHT="62"
                         WIDTH="701"
                         VPOS="1907"
                         HPOS="512">
                  <String HEIGHT="62"
                          WIDTH="86"
                          VPOS="1907"
                          HPOS="500"
                          CONTENT="det"
                          SUBS_TYPE="HypPart2"
                          SUBS_CONTENT="correspondet"/>
                  <SP HEIGHT="62" WIDTH="12" VPOS="1907" HPOS="586"/>
                  <String HEIGHT="62"
                          WIDTH="160"
                          VPOS="1907"
                          HPOS="549"
                          CONTENT="posterius"/>
                  <SP HEIGHT="62" WIDTH="12" VPOS="1907" HPOS="709"/>
                  <String HEIGHT="62"
                          WIDTH="197"
                          VPOS="1907"
                          HPOS="672"
                          CONTENT="perfectione."/>
                  <SP HEIGHT="62" WIDTH="12" VPOS="1907" HPOS="869"/>
                  <String HEIGHT="62" WIDTH="86" VPOS="1907" HPOS="832" CONTENT="sed"/>
                  <SP HEIGHT="62" WIDTH="12" VPOS="1907" HPOS="918"/>
                  <String HEIGHT="62"
                          WIDTH="111"
                          VPOS="1907"
                          HPOS="881"
                          CONTENT="nihil"/>
                  <SP HEIGHT="62" WIDTH="12" VPOS="1907" HPOS="992"/>
                  <String HEIGHT="62" WIDTH="86" VPOS="1907" HPOS="955" CONTENT="est"/>
                  <SP HEIGHT="62" WIDTH="12" VPOS="1907" HPOS="1041"/>
                  <String HEIGHT="62" WIDTH="74" VPOS="1907" HPOS="1004" CONTENT="in"/>
                  <SP HEIGHT="62" WIDTH="12" VPOS="1907" HPOS="1078"/>
                  <String HEIGHT="62"
                          WIDTH="86"
                          VPOS="1907"
                          HPOS="1041"
                          CONTENT="deo"/>
                  <SP HEIGHT="62" WIDTH="12" VPOS="1907" HPOS="1127"/>
                  <String HEIGHT="62"
                          WIDTH="135"
                          VPOS="1907"
                          HPOS="1078"
                          CONTENT="posterius"/>
               </TextLine>
               <TextLine ID="r2l42"
                         BASELINE="2025"
                         HEIGHT="71"
                         WIDTH="704"
                         VPOS="1954"
                         HPOS="519">
                  <String HEIGHT="71"
                          WIDTH="182"
                          VPOS="1954"
                          HPOS="508"
                          CONTENT="perfectione."/>
                  <SP HEIGHT="71" WIDTH="11" VPOS="1954" HPOS="689"/>
                  <String HEIGHT="71"
                          WIDTH="91"
                          VPOS="1954"
                          HPOS="655"
                          CONTENT="ergo"/>
                  <SP HEIGHT="71" WIDTH="11" VPOS="1954" HPOS="746"/>
                  <String HEIGHT="71"
                          WIDTH="102"
                          VPOS="1954"
                          HPOS="712"
                          CONTENT="nihil"/>
                  <SP HEIGHT="71" WIDTH="11" VPOS="1954" HPOS="814"/>
                  <String HEIGHT="71" WIDTH="79" VPOS="1954" HPOS="780" CONTENT="est"/>
                  <SP HEIGHT="71" WIDTH="11" VPOS="1954" HPOS="860"/>
                  <String HEIGHT="71"
                          WIDTH="102"
                          VPOS="1954"
                          HPOS="826"
                          CONTENT="prius"/>
                  <SP HEIGHT="71" WIDTH="11" VPOS="1954" HPOS="928"/>
                  <String HEIGHT="71"
                          WIDTH="182"
                          VPOS="1954"
                          HPOS="894"
                          CONTENT="perfectione."/>
                  <SP HEIGHT="71" WIDTH="11" VPOS="1954" HPOS="1075"/>
                  <String HEIGHT="71"
                          WIDTH="102"
                          VPOS="1954"
                          HPOS="1041"
                          CONTENT="maior"/>
                  <SP HEIGHT="71" WIDTH="11" VPOS="1954" HPOS="1144"/>
                  <String HEIGHT="71"
                          WIDTH="79"
                          VPOS="1954"
                          HPOS="1109"
                          CONTENT="est"/>
                  <SP HEIGHT="71" WIDTH="11" VPOS="1954" HPOS="1189"/>
                  <String HEIGHT="71"
                          WIDTH="79"
                          VPOS="1954"
                          HPOS="1144"
                          CONTENT="mani"
                          SUBS_TYPE="HypPart1"
                          SUBS_CONTENT="manifesta."/>
                  <HYP CONTENT="-"/>
               </TextLine>
               <TextLine ID="r2l43"
                         BASELINE="2063"
                         HEIGHT="62"
                         WIDTH="715"
                         VPOS="2001"
                         HPOS="508">
                  <String HEIGHT="62"
                          WIDTH="115"
                          VPOS="2001"
                          HPOS="496"
                          CONTENT="festa."
                          SUBS_TYPE="HypPart2"
                          SUBS_CONTENT="manifesta."/>
                  <SP HEIGHT="62" WIDTH="12" VPOS="2001" HPOS="612"/>
                  <String HEIGHT="62"
                          WIDTH="92"
                          VPOS="2001"
                          HPOS="577"
                          CONTENT="quia"/>
                  <SP HEIGHT="62" WIDTH="12" VPOS="2001" HPOS="669"/>
                  <String HEIGHT="62"
                          WIDTH="104"
                          VPOS="2001"
                          HPOS="635"
                          CONTENT="sicut"/>
                  <SP HEIGHT="62" WIDTH="12" VPOS="2001" HPOS="739"/>
                  <String HEIGHT="62" WIDTH="81" VPOS="2001" HPOS="704" CONTENT="est"/>
                  <SP HEIGHT="62" WIDTH="12" VPOS="2001" HPOS="785"/>
                  <String HEIGHT="62"
                          WIDTH="173"
                          VPOS="2001"
                          HPOS="750"
                          CONTENT="impossibile"/>
                  <SP HEIGHT="62" WIDTH="12" VPOS="2001" HPOS="923"/>
                  <String HEIGHT="62"
                          WIDTH="92"
                          VPOS="2001"
                          HPOS="889"
                          CONTENT="esse"/>
                  <SP HEIGHT="62" WIDTH="12" VPOS="2001" HPOS="981"/>
                  <String HEIGHT="62"
                          WIDTH="104"
                          VPOS="2001"
                          HPOS="946"
                          CONTENT="prius"/>
                  <SP HEIGHT="62" WIDTH="12" VPOS="2001" HPOS="1050"/>
                  <String HEIGHT="62"
                          WIDTH="92"
                          VPOS="2001"
                          HPOS="1015"
                          CONTENT="nisi"/>
                  <SP HEIGHT="62" WIDTH="12" VPOS="2001" HPOS="1108"/>
                  <String HEIGHT="62"
                          WIDTH="161"
                          VPOS="2001"
                          HPOS="1062"
                          CONTENT="corresponde"
                          SUBS_TYPE="HypPart1"
                          SUBS_CONTENT="correspondeat"/>
                  <HYP CONTENT="-"/>
               </TextLine>
               <TextLine ID="r2l44"
                         BASELINE="2103"
                         HEIGHT="64"
                         WIDTH="713"
                         VPOS="2039"
                         HPOS="507">
                  <String HEIGHT="64"
                          WIDTH="69"
                          VPOS="2039"
                          HPOS="496"
                          CONTENT="at"
                          SUBS_TYPE="HypPart2"
                          SUBS_CONTENT="correspondeat"/>
                  <SP HEIGHT="64" WIDTH="12" VPOS="2039" HPOS="565"/>
                  <String HEIGHT="64"
                          WIDTH="161"
                          VPOS="2039"
                          HPOS="530"
                          CONTENT="posterius."/>
                  <SP HEIGHT="64" WIDTH="12" VPOS="2039" HPOS="691"/>
                  <String HEIGHT="64" WIDTH="81" VPOS="2039" HPOS="657" CONTENT="ita"/>
                  <SP HEIGHT="64" WIDTH="12" VPOS="2039" HPOS="737"/>
                  <String HEIGHT="64"
                          WIDTH="173"
                          VPOS="2039"
                          HPOS="703"
                          CONTENT="impossibile"/>
                  <SP HEIGHT="64" WIDTH="12" VPOS="2039" HPOS="875"/>
                  <String HEIGHT="64" WIDTH="81" VPOS="2039" HPOS="841" CONTENT="est"/>
                  <SP HEIGHT="64" WIDTH="12" VPOS="2039" HPOS="921"/>
                  <String HEIGHT="64"
                          WIDTH="92"
                          VPOS="2039"
                          HPOS="887"
                          CONTENT="quod"/>
                  <SP HEIGHT="64" WIDTH="12" VPOS="2039" HPOS="979"/>
                  <String HEIGHT="64"
                          WIDTH="127"
                          VPOS="2039"
                          HPOS="944"
                          CONTENT="aliquod"/>
                  <SP HEIGHT="64" WIDTH="12" VPOS="2039" HPOS="1071"/>
                  <String HEIGHT="64"
                          WIDTH="81"
                          VPOS="2039"
                          HPOS="1036"
                          CONTENT="sit"/>
                  <SP HEIGHT="64" WIDTH="12" VPOS="2039" HPOS="1117"/>
                  <String HEIGHT="64"
                          WIDTH="104"
                          VPOS="2039"
                          HPOS="1082"
                          CONTENT="prius"/>
                  <SP HEIGHT="64" WIDTH="12" VPOS="2039" HPOS="1186"/>
                  <String HEIGHT="64"
                          WIDTH="81"
                          VPOS="2039"
                          HPOS="1140"
                          CONTENT="perfe"/>
               </TextLine>
               <TextLine ID="r2l45"
                         BASELINE="2148"
                         HEIGHT="61"
                         WIDTH="714"
                         VPOS="2087"
                         HPOS="510">
                  <String HEIGHT="61"
                          WIDTH="135"
                          VPOS="2087"
                          HPOS="498"
                          CONTENT="ctione."/>
                  <SP HEIGHT="61" WIDTH="12" VPOS="2087" HPOS="633"/>
                  <String HEIGHT="61"
                          WIDTH="98"
                          VPOS="2087"
                          HPOS="596"
                          CONTENT="quin"/>
                  <SP HEIGHT="61" WIDTH="12" VPOS="2087" HPOS="695"/>
                  <String HEIGHT="61"
                          WIDTH="111"
                          VPOS="2087"
                          HPOS="658"
                          CONTENT="etiam"/>
                  <SP HEIGHT="61" WIDTH="12" VPOS="2087" HPOS="769"/>
                  <String HEIGHT="61"
                          WIDTH="135"
                          VPOS="2087"
                          HPOS="732"
                          CONTENT="aliquod"/>
                  <SP HEIGHT="61" WIDTH="12" VPOS="2087" HPOS="867"/>
                  <String HEIGHT="61" WIDTH="86" VPOS="2087" HPOS="830" CONTENT="sit"/>
                  <SP HEIGHT="61" WIDTH="12" VPOS="2087" HPOS="916"/>
                  <String HEIGHT="61"
                          WIDTH="160"
                          VPOS="2087"
                          HPOS="879"
                          CONTENT="posterius"/>
                  <SP HEIGHT="61" WIDTH="12" VPOS="2087" HPOS="1039"/>
                  <String HEIGHT="61"
                          WIDTH="197"
                          VPOS="2087"
                          HPOS="1002"
                          CONTENT="perfectione."/>
                  <SP HEIGHT="61" WIDTH="12" VPOS="2087" HPOS="1199"/>
                  <String HEIGHT="61"
                          WIDTH="74"
                          VPOS="2087"
                          HPOS="1150"
                          CONTENT="mino"/>
               </TextLine>
               <TextLine ID="r2l46"
                         BASELINE="2187"
                         HEIGHT="60"
                         WIDTH="704"
                         VPOS="2127"
                         HPOS="519">
                  <String HEIGHT="60" WIDTH="75" VPOS="2127" HPOS="508" CONTENT="rem"/>
                  <SP HEIGHT="60" WIDTH="11" VPOS="2127" HPOS="583"/>
                  <String HEIGHT="60"
                          WIDTH="107"
                          VPOS="2127"
                          HPOS="551"
                          CONTENT="probo."/>
                  <SP HEIGHT="60" WIDTH="11" VPOS="2127" HPOS="658"/>
                  <String HEIGHT="60"
                          WIDTH="85"
                          VPOS="2127"
                          HPOS="626"
                          CONTENT="quia"/>
                  <SP HEIGHT="60" WIDTH="11" VPOS="2127" HPOS="711"/>
                  <String HEIGHT="60"
                          WIDTH="85"
                          VPOS="2127"
                          HPOS="679"
                          CONTENT="omne"/>
                  <SP HEIGHT="60" WIDTH="11" VPOS="2127" HPOS="764"/>
                  <String HEIGHT="60"
                          WIDTH="139"
                          VPOS="2127"
                          HPOS="732"
                          CONTENT="posterius"/>
                  <SP HEIGHT="60" WIDTH="11" VPOS="2127" HPOS="871"/>
                  <String HEIGHT="60"
                          WIDTH="160"
                          VPOS="2127"
                          HPOS="839"
                          CONTENT="perfectione"/>
                  <SP HEIGHT="60" WIDTH="11" VPOS="2127" HPOS="999"/>
                  <String HEIGHT="60" WIDTH="75" VPOS="2127" HPOS="967" CONTENT="est"/>
                  <SP HEIGHT="60" WIDTH="11" VPOS="2127" HPOS="1042"/>
                  <String HEIGHT="60"
                          WIDTH="181"
                          VPOS="2127"
                          HPOS="1010"
                          CONTENT="imperfectius."/>
                  <SP HEIGHT="60" WIDTH="11" VPOS="2127" HPOS="1191"/>
                  <String HEIGHT="60"
                          WIDTH="75"
                          VPOS="2127"
                          HPOS="1148"
                          CONTENT="sicut"/>
               </TextLine>
               <TextLine ID="r2l47"
                         BASELINE="2230"
                         HEIGHT="62"
                         WIDTH="694"
                         VPOS="2168"
                         HPOS="519">
                  <String HEIGHT="62"
                          WIDTH="88"
                          VPOS="2168"
                          HPOS="508"
                          CONTENT="omne"/>
                  <SP HEIGHT="62" WIDTH="11" VPOS="2168" HPOS="596"/>
                  <String HEIGHT="62"
                          WIDTH="99"
                          VPOS="2168"
                          HPOS="563"
                          CONTENT="prius"/>
                  <SP HEIGHT="62" WIDTH="11" VPOS="2168" HPOS="662"/>
                  <String HEIGHT="62"
                          WIDTH="154"
                          VPOS="2168"
                          HPOS="629"
                          CONTENT="perfectioe"/>
                  <SP HEIGHT="62" WIDTH="11" VPOS="2168" HPOS="783"/>
                  <String HEIGHT="62" WIDTH="77" VPOS="2168" HPOS="750" CONTENT="est"/>
                  <SP HEIGHT="62" WIDTH="11" VPOS="2168" HPOS="827"/>
                  <String HEIGHT="62"
                          WIDTH="165"
                          VPOS="2168"
                          HPOS="794"
                          CONTENT="perfectius."/>
                  <SP HEIGHT="62" WIDTH="11" VPOS="2168" HPOS="960"/>
                  <String HEIGHT="62" WIDTH="77" VPOS="2168" HPOS="927" CONTENT="sed"/>
                  <SP HEIGHT="62" WIDTH="11" VPOS="2168" HPOS="1004"/>
                  <String HEIGHT="62"
                          WIDTH="99"
                          VPOS="2168"
                          HPOS="971"
                          CONTENT="nihil"/>
                  <SP HEIGHT="62" WIDTH="11" VPOS="2168" HPOS="1070"/>
                  <String HEIGHT="62" WIDTH="66" VPOS="2168" HPOS="1037" CONTENT="in"/>
                  <SP HEIGHT="62" WIDTH="11" VPOS="2168" HPOS="1103"/>
                  <String HEIGHT="62"
                          WIDTH="77"
                          VPOS="2168"
                          HPOS="1070"
                          CONTENT="deo"/>
                  <SP HEIGHT="62" WIDTH="11" VPOS="2168" HPOS="1147"/>
                  <String HEIGHT="62"
                          WIDTH="110"
                          VPOS="2168"
                          HPOS="1103"
                          CONTENT="realiter"/>
               </TextLine>
               <TextLine ID="r2l48"
                         BASELINE="2280"
                         HEIGHT="65"
                         WIDTH="701"
                         VPOS="2215"
                         HPOS="513">
                  <String HEIGHT="65" WIDTH="82" VPOS="2215" HPOS="501" CONTENT="est"/>
                  <SP HEIGHT="65" WIDTH="12" VPOS="2215" HPOS="583"/>
                  <String HEIGHT="65"
                          WIDTH="187"
                          VPOS="2215"
                          HPOS="548"
                          CONTENT="imperfectius"/>
                  <SP HEIGHT="65" WIDTH="12" VPOS="2215" HPOS="735"/>
                  <String HEIGHT="65"
                          WIDTH="164"
                          VPOS="2215"
                          HPOS="700"
                          CONTENT="quocumque."/>
                  <SP HEIGHT="65" WIDTH="12" VPOS="2215" HPOS="864"/>
                  <String HEIGHT="65"
                          WIDTH="93"
                          VPOS="2215"
                          HPOS="828"
                          CONTENT="tunc"/>
                  <SP HEIGHT="65" WIDTH="12" VPOS="2215" HPOS="922"/>
                  <String HEIGHT="65"
                          WIDTH="93"
                          VPOS="2215"
                          HPOS="887"
                          CONTENT="enim"/>
                  <SP HEIGHT="65" WIDTH="12" VPOS="2215" HPOS="980"/>
                  <String HEIGHT="65"
                          WIDTH="129"
                          VPOS="2215"
                          HPOS="945"
                          CONTENT="aliquid"/>
                  <SP HEIGHT="65" WIDTH="12" VPOS="2215" HPOS="1074"/>
                  <String HEIGHT="65"
                          WIDTH="187"
                          VPOS="2215"
                          HPOS="1027"
                          CONTENT="imperfectionis"/>
               </TextLine>
               <TextLine ID="r2l49"
                         BASELINE="2317"
                         HEIGHT="59"
                         WIDTH="695"
                         VPOS="2258"
                         HPOS="519">
                  <String HEIGHT="59"
                          WIDTH="101"
                          VPOS="2258"
                          HPOS="508"
                          CONTENT="esset"/>
                  <SP HEIGHT="59" WIDTH="11" VPOS="2258" HPOS="609"/>
                  <String HEIGHT="59" WIDTH="67" VPOS="2258" HPOS="575" CONTENT="in"/>
                  <SP HEIGHT="59" WIDTH="11" VPOS="2258" HPOS="642"/>
                  <String HEIGHT="59"
                          WIDTH="90"
                          VPOS="2258"
                          HPOS="609"
                          CONTENT="deo."/>
                  <SP HEIGHT="59" WIDTH="11" VPOS="2258" HPOS="698"/>
                  <String HEIGHT="59"
                          WIDTH="90"
                          VPOS="2258"
                          HPOS="665"
                          CONTENT="ergo"/>
                  <SP HEIGHT="59" WIDTH="11" VPOS="2258" HPOS="754"/>
                  <String HEIGHT="59"
                          WIDTH="101"
                          VPOS="2258"
                          HPOS="721"
                          CONTENT="nihil"/>
                  <SP HEIGHT="59" WIDTH="11" VPOS="2258" HPOS="822"/>
                  <String HEIGHT="59" WIDTH="78" VPOS="2258" HPOS="788" CONTENT="est"/>
                  <SP HEIGHT="59" WIDTH="11" VPOS="2258" HPOS="867"/>
                  <String HEIGHT="59" WIDTH="78" VPOS="2258" HPOS="833" CONTENT="ibi"/>
                  <SP HEIGHT="59" WIDTH="11" VPOS="2258" HPOS="911"/>
                  <String HEIGHT="59"
                          WIDTH="146"
                          VPOS="2258"
                          HPOS="878"
                          CONTENT="posterius"/>
                  <SP HEIGHT="59" WIDTH="11" VPOS="2258" HPOS="1023"/>
                  <String HEIGHT="59"
                          WIDTH="179"
                          VPOS="2258"
                          HPOS="990"
                          CONTENT="perfectione."/>
                  <SP HEIGHT="59" WIDTH="11" VPOS="2258" HPOS="1169"/>
                  <String HEIGHT="59" WIDTH="56" VPOS="2258" HPOS="1136" CONTENT="⁋"/>
                  <SP HEIGHT="59" WIDTH="11" VPOS="2258" HPOS="1192"/>
                  <String HEIGHT="59"
                          WIDTH="67"
                          VPOS="2258"
                          HPOS="1147"
                          CONTENT="Con"
                          SUBS_TYPE="HypPart1"
                          SUBS_CONTENT="Confirmatur."/>
                  <HYP CONTENT="-"/>
               </TextLine>
               <TextLine ID="r2l50"
                         BASELINE="2372"
                         HEIGHT="70"
                         WIDTH="698"
                         VPOS="2302"
                         HPOS="519">
                  <String HEIGHT="70"
                          WIDTH="144"
                          VPOS="2302"
                          HPOS="508"
                          CONTENT="firmatur."
                          SUBS_TYPE="HypPart2"
                          SUBS_CONTENT="Confirmatur."/>
                  <SP HEIGHT="70" WIDTH="11" VPOS="2302" HPOS="652"/>
                  <String HEIGHT="70"
                          WIDTH="89"
                          VPOS="2302"
                          HPOS="619"
                          CONTENT="quia"/>
                  <SP HEIGHT="70" WIDTH="11" VPOS="2302" HPOS="707"/>
                  <String HEIGHT="70"
                          WIDTH="100"
                          VPOS="2302"
                          HPOS="674"
                          CONTENT="sicut"/>
                  <SP HEIGHT="70" WIDTH="11" VPOS="2302" HPOS="774"/>
                  <String HEIGHT="70"
                          WIDTH="166"
                          VPOS="2302"
                          HPOS="741"
                          CONTENT="impossibile"/>
                  <SP HEIGHT="70" WIDTH="11" VPOS="2302" HPOS="907"/>
                  <String HEIGHT="70" WIDTH="78" VPOS="2302" HPOS="874" CONTENT="est"/>
                  <SP HEIGHT="70" WIDTH="11" VPOS="2302" HPOS="951"/>
                  <String HEIGHT="70"
                          WIDTH="111"
                          VPOS="2302"
                          HPOS="918"
                          CONTENT="habete"/>
                  <SP HEIGHT="70" WIDTH="11" VPOS="2302" HPOS="1029"/>
                  <String HEIGHT="70"
                          WIDTH="122"
                          VPOS="2302"
                          HPOS="995"
                          CONTENT="ordinem"/>
                  <SP HEIGHT="70" WIDTH="11" VPOS="2302" HPOS="1117"/>
                  <String HEIGHT="70"
                          WIDTH="133"
                          VPOS="2302"
                          HPOS="1084"
                          CONTENT="originis"/>
                  <SP HEIGHT="70" WIDTH="11" VPOS="2302" HPOS="1217"/>
                  <String HEIGHT="70" WIDTH="44" VPOS="2302" HPOS="1173" CONTENT="si"/>
               </TextLine>
               <TextLine ID="r2l51"
                         BASELINE="2405"
                         HEIGHT="57"
                         WIDTH="703"
                         VPOS="2348"
                         HPOS="516">
                  <String HEIGHT="57" WIDTH="74" VPOS="2348" HPOS="504" CONTENT="ne"/>
                  <SP HEIGHT="57" WIDTH="12" VPOS="2348" HPOS="578"/>
                  <String HEIGHT="57"
                          WIDTH="173"
                          VPOS="2348"
                          HPOS="541"
                          CONTENT="originante"/>
                  <SP HEIGHT="57" WIDTH="12" VPOS="2348" HPOS="713"/>
                  <String HEIGHT="57" WIDTH="74" VPOS="2348" HPOS="676" CONTENT="et"/>
                  <SP HEIGHT="57" WIDTH="12" VPOS="2348" HPOS="750"/>
                  <String HEIGHT="57"
                          WIDTH="173"
                          VPOS="2348"
                          HPOS="713"
                          CONTENT="originato."/>
                  <SP HEIGHT="57" WIDTH="12" VPOS="2348" HPOS="886"/>
                  <String HEIGHT="57" WIDTH="74" VPOS="2348" HPOS="849" CONTENT="et"/>
                  <SP HEIGHT="57" WIDTH="12" VPOS="2348" HPOS="923"/>
                  <String HEIGHT="57"
                          WIDTH="136"
                          VPOS="2348"
                          HPOS="886"
                          CONTENT="ordinem"/>
                  <SP HEIGHT="57" WIDTH="12" VPOS="2348" HPOS="1022"/>
                  <String HEIGHT="57"
                          WIDTH="148"
                          VPOS="2348"
                          HPOS="985"
                          CONTENT="temporis"/>
                  <SP HEIGHT="57" WIDTH="12" VPOS="2348" HPOS="1133"/>
                  <String HEIGHT="57"
                          WIDTH="99"
                          VPOS="2348"
                          HPOS="1096"
                          CONTENT="sine"/>
                  <SP HEIGHT="57" WIDTH="12" VPOS="2348" HPOS="1194"/>
                  <String HEIGHT="57"
                          WIDTH="74"
                          VPOS="2348"
                          HPOS="1145"
                          CONTENT="pri"
                          SUBS_TYPE="HypPart1"
                          SUBS_CONTENT="priore"/>
                  <HYP CONTENT="-"/>
               </TextLine>
               <TextLine ID="r2l52"
                         BASELINE="2452"
                         HEIGHT="56"
                         WIDTH="702"
                         VPOS="2396"
                         HPOS="519">
                  <String HEIGHT="56"
                          WIDTH="85"
                          VPOS="2396"
                          HPOS="507"
                          CONTENT="ore"
                          SUBS_TYPE="HypPart2"
                          SUBS_CONTENT="priore"/>
                  <SP HEIGHT="56" WIDTH="12" VPOS="2396" HPOS="592"/>
                  <String HEIGHT="56" WIDTH="73" VPOS="2396" HPOS="555" CONTENT="et"/>
                  <SP HEIGHT="56" WIDTH="12" VPOS="2396" HPOS="628"/>
                  <String HEIGHT="56"
                          WIDTH="182"
                          VPOS="2396"
                          HPOS="592"
                          CONTENT="posteriore."/>
                  <SP HEIGHT="56" WIDTH="12" VPOS="2396" HPOS="773"/>
                  <String HEIGHT="56" WIDTH="85" VPOS="2396" HPOS="737" CONTENT="ita"/>
                  <SP HEIGHT="56" WIDTH="12" VPOS="2396" HPOS="822"/>
                  <String HEIGHT="56"
                          WIDTH="182"
                          VPOS="2396"
                          HPOS="785"
                          CONTENT="impossibile"/>
                  <SP HEIGHT="56" WIDTH="12" VPOS="2396" HPOS="967"/>
                  <String HEIGHT="56" WIDTH="85" VPOS="2396" HPOS="931" CONTENT="est"/>
                  <SP HEIGHT="56" WIDTH="12" VPOS="2396" HPOS="1015"/>
                  <String HEIGHT="56"
                          WIDTH="97"
                          VPOS="2396"
                          HPOS="979"
                          CONTENT="esse"/>
                  <SP HEIGHT="56" WIDTH="12" VPOS="2396" HPOS="1076"/>
                  <String HEIGHT="56"
                          WIDTH="133"
                          VPOS="2396"
                          HPOS="1039"
                          CONTENT="ordinem"/>
                  <SP HEIGHT="56" WIDTH="12" VPOS="2396" HPOS="1173"/>
                  <String HEIGHT="56"
                          WIDTH="97"
                          VPOS="2396"
                          HPOS="1124"
                          CONTENT="perfe"
                          SUBS_TYPE="HypPart1"
                          SUBS_CONTENT="perfectionis"/>
                  <HYP CONTENT="-"/>
               </TextLine>
               <TextLine ID="r2l53"
                         BASELINE="2492"
                         HEIGHT="64"
                         WIDTH="709"
                         VPOS="2428"
                         HPOS="522">
                  <String HEIGHT="64"
                          WIDTH="128"
                          VPOS="2428"
                          HPOS="510"
                          CONTENT="ctionis"
                          SUBS_TYPE="HypPart2"
                          SUBS_CONTENT="perfectionis"/>
                  <SP HEIGHT="64" WIDTH="12" VPOS="2428" HPOS="638"/>
                  <String HEIGHT="64"
                          WIDTH="93"
                          VPOS="2428"
                          HPOS="603"
                          CONTENT="sine"/>
                  <SP HEIGHT="64" WIDTH="12" VPOS="2428" HPOS="696"/>
                  <String HEIGHT="64"
                          WIDTH="174"
                          VPOS="2428"
                          HPOS="661"
                          CONTENT="perfectiori"/>
                  <SP HEIGHT="64" WIDTH="12" VPOS="2428" HPOS="836"/>
                  <String HEIGHT="64" WIDTH="70" VPOS="2428" HPOS="801" CONTENT="et"/>
                  <SP HEIGHT="64" WIDTH="12" VPOS="2428" HPOS="871"/>
                  <String HEIGHT="64"
                          WIDTH="209"
                          VPOS="2428"
                          HPOS="836"
                          CONTENT="imperfectiori."/>
                  <SP HEIGHT="64" WIDTH="12" VPOS="2428" HPOS="1045"/>
                  <String HEIGHT="64"
                          WIDTH="81"
                          VPOS="2428"
                          HPOS="1010"
                          CONTENT="sed"/>
                  <SP HEIGHT="64" WIDTH="12" VPOS="2428" HPOS="1092"/>
                  <String HEIGHT="64" WIDTH="70" VPOS="2428" HPOS="1057" CONTENT="in"/>
                  <SP HEIGHT="64" WIDTH="12" VPOS="2428" HPOS="1126"/>
                  <String HEIGHT="64"
                          WIDTH="81"
                          VPOS="2428"
                          HPOS="1092"
                          CONTENT="deo"/>
                  <SP HEIGHT="64" WIDTH="12" VPOS="2428" HPOS="1173"/>
                  <String HEIGHT="64"
                          WIDTH="81"
                          VPOS="2428"
                          HPOS="1138"
                          CONTENT="non"/>
                  <SP HEIGHT="64" WIDTH="12" VPOS="2428" HPOS="1219"/>
                  <String HEIGHT="64"
                          WIDTH="58"
                          VPOS="2428"
                          HPOS="1173"
                          CONTENT="est"/>
               </TextLine>
               <TextLine ID="r2l54"
                         BASELINE="2546"
                         HEIGHT="64"
                         WIDTH="699"
                         VPOS="2482"
                         HPOS="530">
                  <String HEIGHT="64"
                          WIDTH="155"
                          VPOS="2482"
                          HPOS="519"
                          CONTENT="perfectius"/>
                  <SP HEIGHT="64" WIDTH="11" VPOS="2482" HPOS="674"/>
                  <String HEIGHT="64" WIDTH="67" VPOS="2482" HPOS="641" CONTENT="et"/>
                  <SP HEIGHT="64" WIDTH="11" VPOS="2482" HPOS="708"/>
                  <String HEIGHT="64"
                          WIDTH="189"
                          VPOS="2482"
                          HPOS="674"
                          CONTENT="imperfectius."/>
                  <SP HEIGHT="64" WIDTH="11" VPOS="2482" HPOS="863"/>
                  <String HEIGHT="64"
                          WIDTH="89"
                          VPOS="2482"
                          HPOS="830"
                          CONTENT="ergo"/>
                  <SP HEIGHT="64" WIDTH="11" VPOS="2482" HPOS="918"/>
                  <String HEIGHT="64" WIDTH="67" VPOS="2482" HPOS="885" CONTENT="in"/>
                  <SP HEIGHT="64" WIDTH="11" VPOS="2482" HPOS="952"/>
                  <String HEIGHT="64" WIDTH="78" VPOS="2482" HPOS="918" CONTENT="deo"/>
                  <SP HEIGHT="64" WIDTH="11" VPOS="2482" HPOS="996"/>
                  <String HEIGHT="64" WIDTH="78" VPOS="2482" HPOS="963" CONTENT="non"/>
                  <SP HEIGHT="64" WIDTH="11" VPOS="2482" HPOS="1040"/>
                  <String HEIGHT="64"
                          WIDTH="78"
                          VPOS="2482"
                          HPOS="1007"
                          CONTENT="est"/>
                  <SP HEIGHT="64" WIDTH="11" VPOS="2482" HPOS="1085"/>
                  <String HEIGHT="64"
                          WIDTH="89"
                          VPOS="2482"
                          HPOS="1051"
                          CONTENT="ordo"/>
                  <SP HEIGHT="64" WIDTH="11" VPOS="2482" HPOS="1140"/>
                  <String HEIGHT="64"
                          WIDTH="133"
                          VPOS="2482"
                          HPOS="1096"
                          CONTENT="perfectio"
                          SUBS_TYPE="HypPart1"
                          SUBS_CONTENT="perfectionis."/>
                  <HYP CONTENT="-"/>
               </TextLine>
               <TextLine ID="r2l55"
                         BASELINE="2580"
                         HEIGHT="52"
                         WIDTH="711"
                         VPOS="2528"
                         HPOS="520">
                  <String HEIGHT="52"
                          WIDTH="98"
                          VPOS="2528"
                          HPOS="508"
                          CONTENT="nis."
                          SUBS_TYPE="HypPart2"
                          SUBS_CONTENT="perfectionis."/>
                  <SP HEIGHT="52" WIDTH="12" VPOS="2528" HPOS="606"/>
                  <String HEIGHT="52" WIDTH="74" VPOS="2528" HPOS="569" CONTENT="Ex"/>
                  <SP HEIGHT="52" WIDTH="12" VPOS="2528" HPOS="643"/>
                  <String HEIGHT="52" WIDTH="86" VPOS="2528" HPOS="606" CONTENT="hoc"/>
                  <SP HEIGHT="52" WIDTH="12" VPOS="2528" HPOS="692"/>
                  <String HEIGHT="52"
                          WIDTH="110"
                          VPOS="2528"
                          HPOS="655"
                          CONTENT="patet"/>
                  <SP HEIGHT="52" WIDTH="12" VPOS="2528" HPOS="765"/>
                  <String HEIGHT="52"
                          WIDTH="98"
                          VPOS="2528"
                          HPOS="728"
                          CONTENT="quod"/>
                  <SP HEIGHT="52" WIDTH="12" VPOS="2528" HPOS="826"/>
                  <String HEIGHT="52"
                          WIDTH="110"
                          VPOS="2528"
                          HPOS="790"
                          CONTENT="ratio"/>
                  <SP HEIGHT="52" WIDTH="12" VPOS="2528" HPOS="900"/>
                  <String HEIGHT="52" WIDTH="86" VPOS="2528" HPOS="863" CONTENT="sua"/>
                  <SP HEIGHT="52" WIDTH="12" VPOS="2528" HPOS="949"/>
                  <String HEIGHT="52" WIDTH="86" VPOS="2528" HPOS="912" CONTENT="non"/>
                  <SP HEIGHT="52" WIDTH="12" VPOS="2528" HPOS="998"/>
                  <String HEIGHT="52"
                          WIDTH="172"
                          VPOS="2528"
                          HPOS="961"
                          CONTENT="concludit."/>
                  <SP HEIGHT="52" WIDTH="12" VPOS="2528" HPOS="1133"/>
                  <String HEIGHT="52"
                          WIDTH="98"
                          VPOS="2528"
                          HPOS="1096"
                          CONTENT="quia"/>
                  <SP HEIGHT="52" WIDTH="12" VPOS="2528" HPOS="1194"/>
                  <String HEIGHT="52"
                          WIDTH="86"
                          VPOS="2528"
                          HPOS="1145"
                          CONTENT="maior"/>
               </TextLine>
               <TextLine ID="r2l56"
                         BASELINE="2639"
                         HEIGHT="74"
                         WIDTH="704"
                         VPOS="2565"
                         HPOS="521">
                  <String HEIGHT="74" WIDTH="75" VPOS="2565" HPOS="510" CONTENT="sua"/>
                  <SP HEIGHT="74" WIDTH="11" VPOS="2565" HPOS="585"/>
                  <String HEIGHT="74"
                          WIDTH="85"
                          VPOS="2565"
                          HPOS="553"
                          CONTENT="quam"/>
                  <SP HEIGHT="74" WIDTH="11" VPOS="2565" HPOS="638"/>
                  <String HEIGHT="74"
                          WIDTH="117"
                          VPOS="2565"
                          HPOS="606"
                          CONTENT="accipit"/>
                  <SP HEIGHT="74" WIDTH="11" VPOS="2565" HPOS="724"/>
                  <String HEIGHT="74" WIDTH="75" VPOS="2565" HPOS="692" CONTENT="est"/>
                  <SP HEIGHT="74" WIDTH="11" VPOS="2565" HPOS="766"/>
                  <String HEIGHT="74"
                          WIDTH="160"
                          VPOS="2565"
                          HPOS="734"
                          CONTENT="simpliciter"/>
                  <SP HEIGHT="74" WIDTH="11" VPOS="2565" HPOS="894"/>
                  <String HEIGHT="74"
                          WIDTH="96"
                          VPOS="2565"
                          HPOS="862"
                          CONTENT="falsa"/>
                  <SP HEIGHT="74" WIDTH="11" VPOS="2565" HPOS="958"/>
                  <String HEIGHT="74"
                          WIDTH="128"
                          VPOS="2565"
                          HPOS="926"
                          CONTENT="scilicet"/>
                  <SP HEIGHT="74" WIDTH="11" VPOS="2565" HPOS="1054"/>
                  <String HEIGHT="74"
                          WIDTH="149"
                          VPOS="2565"
                          HPOS="1022"
                          CONTENT="quemcunque"/>
                  <SP HEIGHT="74" WIDTH="11" VPOS="2565" HPOS="1172"/>
                  <String HEIGHT="74"
                          WIDTH="96"
                          VPOS="2565"
                          HPOS="1129"
                          CONTENT="ordinem"/>
               </TextLine>
            </TextBlock>
            <TextBlock ID="TextRegion_1597774386606_2249"
                       HEIGHT="2500"
                       WIDTH="772"
                       VPOS="108"
                       HPOS="1287">
               <Shape>
                  <Polygon POINTS="1287,108 2011,108 2044,1809 2059,2608 1287,2608"/>
               </Shape>
               <TextLine ID="r3l2"
                         BASELINE="235"
                         HEIGHT="71"
                         WIDTH="704"
                         VPOS="164"
                         HPOS="1292">
                  <String HEIGHT="71"
                          WIDTH="154"
                          VPOS="164"
                          HPOS="1279"
                          CONTENT="haberent"/>
                  <SP HEIGHT="71" WIDTH="13" VPOS="164" HPOS="1433"/>
                  <String HEIGHT="71"
                          WIDTH="128"
                          VPOS="164"
                          HPOS="1394"
                          CONTENT="aliqua"/>
                  <SP HEIGHT="71" WIDTH="13" VPOS="164" HPOS="1522"/>
                  <String HEIGHT="71" WIDTH="77" VPOS="164" HPOS="1484" CONTENT="si"/>
                  <SP HEIGHT="71" WIDTH="13" VPOS="164" HPOS="1561"/>
                  <String HEIGHT="71"
                          WIDTH="128"
                          VPOS="164"
                          HPOS="1522"
                          CONTENT="essent"/>
                  <SP HEIGHT="71" WIDTH="13" VPOS="164" HPOS="1650"/>
                  <String HEIGHT="71"
                          WIDTH="166"
                          VPOS="164"
                          HPOS="1612"
                          CONTENT="distincta"/>
                  <SP HEIGHT="71" WIDTH="13" VPOS="164" HPOS="1778"/>
                  <String HEIGHT="71"
                          WIDTH="154"
                          VPOS="164"
                          HPOS="1740"
                          CONTENT="realiter"/>
                  <SP HEIGHT="71" WIDTH="13" VPOS="164" HPOS="1894"/>
                  <String HEIGHT="71"
                          WIDTH="128"
                          VPOS="164"
                          HPOS="1855"
                          CONTENT="eundem"/>
                  <SP HEIGHT="71" WIDTH="13" VPOS="164" HPOS="1983"/>
                  <String HEIGHT="71"
                          WIDTH="64"
                          VPOS="164"
                          HPOS="1932"
                          CONTENT="or"
                          SUBS_TYPE="HypPart1"
                          SUBS_CONTENT="ordinem"/>
                  <HYP CONTENT="-"/>
               </TextLine>
               <TextLine ID="r3l3"
                         BASELINE="282"
                         HEIGHT="70"
                         WIDTH="718"
                         VPOS="212"
                         HPOS="1282">
                  <String HEIGHT="70"
                          WIDTH="106"
                          VPOS="212"
                          HPOS="1270"
                          CONTENT="dinem"
                          SUBS_TYPE="HypPart2"
                          SUBS_CONTENT="ordinem"/>
                  <SP HEIGHT="70" WIDTH="12" VPOS="212" HPOS="1376"/>
                  <String HEIGHT="70"
                          WIDTH="118"
                          VPOS="212"
                          HPOS="1341"
                          CONTENT="habent"/>
                  <SP HEIGHT="70" WIDTH="12" VPOS="212" HPOS="1459"/>
                  <String HEIGHT="70"
                          WIDTH="153"
                          VPOS="212"
                          HPOS="1423"
                          CONTENT="vbicumque"/>
                  <SP HEIGHT="70" WIDTH="12" VPOS="212" HPOS="1576"/>
                  <String HEIGHT="70"
                          WIDTH="94"
                          VPOS="212"
                          HPOS="1541"
                          CONTENT="sunt"/>
                  <SP HEIGHT="70" WIDTH="12" VPOS="212" HPOS="1635"/>
                  <String HEIGHT="70"
                          WIDTH="153"
                          VPOS="212"
                          HPOS="1600"
                          CONTENT="quocumque"/>
                  <SP HEIGHT="70" WIDTH="12" VPOS="212" HPOS="1753"/>
                  <String HEIGHT="70"
                          WIDTH="94"
                          VPOS="212"
                          HPOS="1718"
                          CONTENT="modo"/>
                  <SP HEIGHT="70" WIDTH="12" VPOS="212" HPOS="1812"/>
                  <String HEIGHT="70"
                          WIDTH="165"
                          VPOS="212"
                          HPOS="1776"
                          CONTENT="distincta."/>
                  <SP HEIGHT="70" WIDTH="12" VPOS="212" HPOS="1941"/>
                  <String HEIGHT="70"
                          WIDTH="94"
                          VPOS="212"
                          HPOS="1906"
                          CONTENT="quia"/>
                  <SP HEIGHT="70" WIDTH="12" VPOS="212" HPOS="2000"/>
                  <String HEIGHT="70" WIDTH="47" VPOS="212" HPOS="1953" CONTENT="si"/>
               </TextLine>
               <TextLine ID="r3l4"
                         BASELINE="323"
                         HEIGHT="67"
                         WIDTH="714"
                         VPOS="256"
                         HPOS="1292">
                  <String HEIGHT="67"
                          WIDTH="156"
                          VPOS="256"
                          HPOS="1279"
                          CONTENT="essentia"/>
                  <SP HEIGHT="67" WIDTH="13" VPOS="256" HPOS="1435"/>
                  <String HEIGHT="67" WIDTH="78" VPOS="256" HPOS="1396" CONTENT="et"/>
                  <SP HEIGHT="67" WIDTH="13" VPOS="256" HPOS="1474"/>
                  <String HEIGHT="67"
                          WIDTH="143"
                          VPOS="256"
                          HPOS="1435"
                          CONTENT="relatio"/>
                  <SP HEIGHT="67" WIDTH="13" VPOS="256" HPOS="1578"/>
                  <String HEIGHT="67"
                          WIDTH="130"
                          VPOS="256"
                          HPOS="1539"
                          CONTENT="essent"/>
                  <SP HEIGHT="67" WIDTH="13" VPOS="256" HPOS="1668"/>
                  <String HEIGHT="67"
                          WIDTH="169"
                          VPOS="256"
                          HPOS="1630"
                          CONTENT="distincta"/>
                  <SP HEIGHT="67" WIDTH="13" VPOS="256" HPOS="1798"/>
                  <String HEIGHT="67"
                          WIDTH="169"
                          VPOS="256"
                          HPOS="1759"
                          CONTENT="realiter."/>
                  <SP HEIGHT="67" WIDTH="13" VPOS="256" HPOS="1928"/>
                  <String HEIGHT="67" WIDTH="91" VPOS="256" HPOS="1889" CONTENT="sic"/>
                  <SP HEIGHT="67" WIDTH="13" VPOS="256" HPOS="1980"/>
                  <String HEIGHT="67"
                          WIDTH="78"
                          VPOS="256"
                          HPOS="1928"
                          CONTENT="ordi"/>
               </TextLine>
               <TextLine ID="r3l5"
                         BASELINE="371"
                         HEIGHT="64"
                         WIDTH="719"
                         VPOS="307"
                         HPOS="1287">
                  <String HEIGHT="64"
                          WIDTH="141"
                          VPOS="307"
                          HPOS="1275"
                          CONTENT="narentur"/>
                  <SP HEIGHT="64" WIDTH="12" VPOS="307" HPOS="1417"/>
                  <String HEIGHT="64"
                          WIDTH="94"
                          VPOS="307"
                          HPOS="1381"
                          CONTENT="quod"/>
                  <SP HEIGHT="64" WIDTH="12" VPOS="307" HPOS="1476"/>
                  <String HEIGHT="64"
                          WIDTH="141"
                          VPOS="307"
                          HPOS="1440"
                          CONTENT="essentia"/>
                  <SP HEIGHT="64" WIDTH="12" VPOS="307" HPOS="1582"/>
                  <String HEIGHT="64"
                          WIDTH="106"
                          VPOS="307"
                          HPOS="1546"
                          CONTENT="esset"/>
                  <SP HEIGHT="64" WIDTH="12" VPOS="307" HPOS="1652"/>
                  <String HEIGHT="64"
                          WIDTH="177"
                          VPOS="307"
                          HPOS="1617"
                          CONTENT="simpliciter"/>
                  <SP HEIGHT="64" WIDTH="12" VPOS="307" HPOS="1794"/>
                  <String HEIGHT="64"
                          WIDTH="177"
                          VPOS="307"
                          HPOS="1758"
                          CONTENT="perfectior."/>
                  <SP HEIGHT="64" WIDTH="12" VPOS="307" HPOS="1935"/>
                  <String HEIGHT="64" WIDTH="71" VPOS="307" HPOS="1900" CONTENT="et"/>
                  <SP HEIGHT="64" WIDTH="12" VPOS="307" HPOS="1971"/>
                  <String HEIGHT="64"
                          WIDTH="83"
                          VPOS="307"
                          HPOS="1923"
                          CONTENT="rela"
                          SUBS_TYPE="HypPart1"
                          SUBS_CONTENT="relatio"/>
                  <HYP CONTENT="-"/>
               </TextLine>
               <TextLine ID="r3l6"
                         BASELINE="414"
                         HEIGHT="68"
                         WIDTH="712"
                         VPOS="346"
                         HPOS="1290">
                  <String HEIGHT="68"
                          WIDTH="89"
                          VPOS="346"
                          HPOS="1277"
                          CONTENT="tio"
                          SUBS_TYPE="HypPart2"
                          SUBS_CONTENT="relatio"/>
                  <SP HEIGHT="68" WIDTH="13" VPOS="346" HPOS="1366"/>
                  <String HEIGHT="68"
                          WIDTH="191"
                          VPOS="346"
                          HPOS="1328"
                          CONTENT="impfectior."/>
                  <SP HEIGHT="68" WIDTH="13" VPOS="346" HPOS="1519"/>
                  <String HEIGHT="68"
                          WIDTH="102"
                          VPOS="346"
                          HPOS="1481"
                          CONTENT="ergo"/>
                  <SP HEIGHT="68" WIDTH="13" VPOS="346" HPOS="1582"/>
                  <String HEIGHT="68"
                          WIDTH="102"
                          VPOS="346"
                          HPOS="1544"
                          CONTENT="modo"/>
                  <SP HEIGHT="68" WIDTH="13" VPOS="346" HPOS="1646"/>
                  <String HEIGHT="68"
                          WIDTH="153"
                          VPOS="346"
                          HPOS="1608"
                          CONTENT="essentia"/>
                  <SP HEIGHT="68" WIDTH="13" VPOS="346" HPOS="1760"/>
                  <String HEIGHT="68" WIDTH="76" VPOS="346" HPOS="1722" CONTENT="et"/>
                  <SP HEIGHT="68" WIDTH="13" VPOS="346" HPOS="1799"/>
                  <String HEIGHT="68"
                          WIDTH="140"
                          VPOS="346"
                          HPOS="1760"
                          CONTENT="relatio"/>
                  <SP HEIGHT="68" WIDTH="13" VPOS="346" HPOS="1900"/>
                  <String HEIGHT="68" WIDTH="89" VPOS="346" HPOS="1862" CONTENT="sic"/>
                  <SP HEIGHT="68" WIDTH="13" VPOS="346" HPOS="1951"/>
                  <String HEIGHT="68"
                          WIDTH="102"
                          VPOS="346"
                          HPOS="1900"
                          CONTENT="ordina"/>
               </TextLine>
               <TextLine ID="r3l7"
                         BASELINE="457"
                         HEIGHT="59"
                         WIDTH="714"
                         VPOS="398"
                         HPOS="1287">
                  <String HEIGHT="59"
                          WIDTH="121"
                          VPOS="398"
                          HPOS="1275"
                          CONTENT="buntur"/>
                  <SP HEIGHT="59" WIDTH="12" VPOS="398" HPOS="1396"/>
                  <String HEIGHT="59"
                          WIDTH="97"
                          VPOS="398"
                          HPOS="1360"
                          CONTENT="quod"/>
                  <SP HEIGHT="59" WIDTH="12" VPOS="398" HPOS="1456"/>
                  <String HEIGHT="59"
                          WIDTH="145"
                          VPOS="398"
                          HPOS="1420"
                          CONTENT="essentia"/>
                  <SP HEIGHT="59" WIDTH="12" VPOS="398" HPOS="1565"/>
                  <String HEIGHT="59" WIDTH="85" VPOS="398" HPOS="1529" CONTENT="est"/>
                  <SP HEIGHT="59" WIDTH="12" VPOS="398" HPOS="1614"/>
                  <String HEIGHT="59"
                          WIDTH="169"
                          VPOS="398"
                          HPOS="1577"
                          CONTENT="perfectior"/>
                  <SP HEIGHT="59" WIDTH="12" VPOS="398" HPOS="1747"/>
                  <String HEIGHT="59" WIDTH="73" VPOS="398" HPOS="1711" CONTENT="et"/>
                  <SP HEIGHT="59" WIDTH="12" VPOS="398" HPOS="1783"/>
                  <String HEIGHT="59"
                          WIDTH="133"
                          VPOS="398"
                          HPOS="1747"
                          CONTENT="relatio"/>
                  <SP HEIGHT="59" WIDTH="12" VPOS="398" HPOS="1880"/>
                  <String HEIGHT="59"
                          WIDTH="169"
                          VPOS="398"
                          HPOS="1832"
                          CONTENT="imperfectior"/>
               </TextLine>
               <TextLine ID="r3l8"
                         BASELINE="511"
                         HEIGHT="64"
                         WIDTH="695"
                         VPOS="447"
                         HPOS="1296">
                  <String HEIGHT="64" WIDTH="54" VPOS="447" HPOS="1285" CONTENT="⁋"/>
                  <SP HEIGHT="64" WIDTH="11" VPOS="447" HPOS="1339"/>
                  <String HEIGHT="64" WIDTH="65" VPOS="447" HPOS="1307" CONTENT="Si"/>
                  <SP HEIGHT="64" WIDTH="11" VPOS="447" HPOS="1372"/>
                  <String HEIGHT="64"
                          WIDTH="119"
                          VPOS="447"
                          HPOS="1339"
                          CONTENT="dicatur"/>
                  <SP HEIGHT="64" WIDTH="11" VPOS="447" HPOS="1459"/>
                  <String HEIGHT="64"
                          WIDTH="87"
                          VPOS="447"
                          HPOS="1426"
                          CONTENT="quod"/>
                  <SP HEIGHT="64" WIDTH="11" VPOS="447" HPOS="1513"/>
                  <String HEIGHT="64"
                          WIDTH="119"
                          VPOS="447"
                          HPOS="1481"
                          CONTENT="relatio"/>
                  <SP HEIGHT="64" WIDTH="11" VPOS="447" HPOS="1600"/>
                  <String HEIGHT="64" WIDTH="76" VPOS="447" HPOS="1567" CONTENT="est"/>
                  <SP HEIGHT="64" WIDTH="11" VPOS="447" HPOS="1644"/>
                  <String HEIGHT="64"
                          WIDTH="174"
                          VPOS="447"
                          HPOS="1611"
                          CONTENT="imperfectior"/>
                  <SP HEIGHT="64" WIDTH="11" VPOS="447" HPOS="1785"/>
                  <String HEIGHT="64"
                          WIDTH="130"
                          VPOS="447"
                          HPOS="1752"
                          CONTENT="secundum"/>
                  <SP HEIGHT="64" WIDTH="11" VPOS="447" HPOS="1882"/>
                  <String HEIGHT="64"
                          WIDTH="130"
                          VPOS="447"
                          HPOS="1850"
                          CONTENT="ratione."/>
                  <SP HEIGHT="64" WIDTH="11" VPOS="447" HPOS="1980"/>
                  <String HEIGHT="64" WIDTH="54" VPOS="447" HPOS="1937" CONTENT="Con"/>
               </TextLine>
               <TextLine ID="r3l9"
                         BASELINE="549"
                         HEIGHT="74"
                         WIDTH="704"
                         VPOS="475"
                         HPOS="1290">
                  <String HEIGHT="74" WIDTH="74" VPOS="475" HPOS="1279" CONTENT="tra"/>
                  <SP HEIGHT="74" WIDTH="11" VPOS="475" HPOS="1353"/>
                  <String HEIGHT="74"
                          WIDTH="95"
                          VPOS="475"
                          HPOS="1322"
                          CONTENT="nihil"/>
                  <SP HEIGHT="74" WIDTH="11" VPOS="475" HPOS="1416"/>
                  <String HEIGHT="74" WIDTH="63" VPOS="475" HPOS="1385" CONTENT="in"/>
                  <SP HEIGHT="74" WIDTH="11" VPOS="475" HPOS="1448"/>
                  <String HEIGHT="74"
                          WIDTH="116"
                          VPOS="475"
                          HPOS="1416"
                          CONTENT="diuinis"/>
                  <SP HEIGHT="74" WIDTH="11" VPOS="475" HPOS="1532"/>
                  <String HEIGHT="74" WIDTH="74" VPOS="475" HPOS="1500" CONTENT="est"/>
                  <SP HEIGHT="74" WIDTH="11" VPOS="475" HPOS="1574"/>
                  <String HEIGHT="74"
                          WIDTH="168"
                          VPOS="475"
                          HPOS="1542"
                          CONTENT="imperfectius"/>
                  <SP HEIGHT="74" WIDTH="11" VPOS="475" HPOS="1710"/>
                  <String HEIGHT="74" WIDTH="74" VPOS="475" HPOS="1679" CONTENT="nec"/>
                  <SP HEIGHT="74" WIDTH="11" VPOS="475" HPOS="1752"/>
                  <String HEIGHT="74"
                          WIDTH="126"
                          VPOS="475"
                          HPOS="1721"
                          CONTENT="secundum"/>
                  <SP HEIGHT="74" WIDTH="11" VPOS="475" HPOS="1847"/>
                  <String HEIGHT="74" WIDTH="74" VPOS="475" HPOS="1815" CONTENT="rem"/>
                  <SP HEIGHT="74" WIDTH="11" VPOS="475" HPOS="1889"/>
                  <String HEIGHT="74" WIDTH="74" VPOS="475" HPOS="1857" CONTENT="nec"/>
                  <SP HEIGHT="74" WIDTH="11" VPOS="475" HPOS="1931"/>
                  <String HEIGHT="74"
                          WIDTH="105"
                          VPOS="475"
                          HPOS="1889"
                          CONTENT="secundum"/>
               </TextLine>
               <TextLine ID="r3l10"
                         BASELINE="588"
                         HEIGHT="73"
                         WIDTH="693"
                         VPOS="515"
                         HPOS="1297">
                  <String HEIGHT="73"
                          WIDTH="126"
                          VPOS="515"
                          HPOS="1287"
                          CONTENT="rationem"/>
                  <SP HEIGHT="73" WIDTH="11" VPOS="515" HPOS="1413"/>
                  <String HEIGHT="73"
                          WIDTH="84"
                          VPOS="515"
                          HPOS="1381"
                          CONTENT="nisi"/>
                  <SP HEIGHT="73" WIDTH="11" VPOS="515" HPOS="1465"/>
                  <String HEIGHT="73"
                          WIDTH="126"
                          VPOS="515"
                          HPOS="1434"
                          CONTENT="secundum"/>
                  <SP HEIGHT="73" WIDTH="11" VPOS="515" HPOS="1560"/>
                  <String HEIGHT="73"
                          WIDTH="126"
                          VPOS="515"
                          HPOS="1528"
                          CONTENT="rationem"/>
                  <SP HEIGHT="73" WIDTH="11" VPOS="515" HPOS="1654"/>
                  <String HEIGHT="73"
                          WIDTH="105"
                          VPOS="515"
                          HPOS="1623"
                          CONTENT="falsam"/>
                  <SP HEIGHT="73" WIDTH="11" VPOS="515" HPOS="1728"/>
                  <String HEIGHT="73"
                          WIDTH="84"
                          VPOS="515"
                          HPOS="1696"
                          CONTENT="quae"/>
                  <SP HEIGHT="73" WIDTH="11" VPOS="515" HPOS="1780"/>
                  <String HEIGHT="73"
                          WIDTH="105"
                          VPOS="515"
                          HPOS="1749"
                          CONTENT="omnino"/>
                  <SP HEIGHT="73" WIDTH="11" VPOS="515" HPOS="1854"/>
                  <String HEIGHT="73"
                          WIDTH="147"
                          VPOS="515"
                          HPOS="1822"
                          CONTENT="abiicienda"/>
                  <SP HEIGHT="73" WIDTH="11" VPOS="515" HPOS="1969"/>
                  <String HEIGHT="73"
                          WIDTH="63"
                          VPOS="515"
                          HPOS="1927"
                          CONTENT="est."/>
               </TextLine>
               <TextLine ID="r3l11"
                         BASELINE="650"
                         HEIGHT="79"
                         WIDTH="714"
                         VPOS="571"
                         HPOS="1292">
                  <String HEIGHT="79"
                          WIDTH="83"
                          VPOS="571"
                          HPOS="1282"
                          CONTENT="ergo"/>
                  <SP HEIGHT="79" WIDTH="10" VPOS="571" HPOS="1364"/>
                  <String HEIGHT="79"
                          WIDTH="93"
                          VPOS="571"
                          HPOS="1333"
                          CONTENT="nihil"/>
                  <SP HEIGHT="79" WIDTH="10" VPOS="571" HPOS="1427"/>
                  <String HEIGHT="79" WIDTH="72" VPOS="571" HPOS="1395" CONTENT="est"/>
                  <SP HEIGHT="79" WIDTH="10" VPOS="571" HPOS="1468"/>
                  <String HEIGHT="79"
                          WIDTH="103"
                          VPOS="571"
                          HPOS="1437"
                          CONTENT="dicere"/>
                  <SP HEIGHT="79" WIDTH="10" VPOS="571" HPOS="1540"/>
                  <String HEIGHT="79"
                          WIDTH="83"
                          VPOS="571"
                          HPOS="1509"
                          CONTENT="quod"/>
                  <SP HEIGHT="79" WIDTH="10" VPOS="571" HPOS="1592"/>
                  <String HEIGHT="79"
                          WIDTH="114"
                          VPOS="571"
                          HPOS="1561"
                          CONTENT="relatio"/>
                  <SP HEIGHT="79" WIDTH="10" VPOS="571" HPOS="1675"/>
                  <String HEIGHT="79" WIDTH="72" VPOS="571" HPOS="1644" CONTENT="est"/>
                  <SP HEIGHT="79" WIDTH="10" VPOS="571" HPOS="1716"/>
                  <String HEIGHT="79"
                          WIDTH="166"
                          VPOS="571"
                          HPOS="1685"
                          CONTENT="imperfectior"/>
                  <SP HEIGHT="79" WIDTH="10" VPOS="571" HPOS="1851"/>
                  <String HEIGHT="79"
                          WIDTH="124"
                          VPOS="571"
                          HPOS="1820"
                          CONTENT="secundum"/>
                  <SP HEIGHT="79" WIDTH="10" VPOS="571" HPOS="1944"/>
                  <String HEIGHT="79"
                          WIDTH="103"
                          VPOS="571"
                          HPOS="1903"
                          CONTENT="rationem"/>
               </TextLine>
               <TextLine ID="line_1597774386726_2252"
                         BASELINE="689"
                         HEIGHT="66"
                         WIDTH="710"
                         VPOS="623"
                         HPOS="1316">
                  <String HEIGHT="66" WIDTH="59" VPOS="623" HPOS="1304" CONTENT="⁋"/>
                  <SP HEIGHT="66" WIDTH="12" VPOS="623" HPOS="1363"/>
                  <String HEIGHT="66"
                          WIDTH="142"
                          VPOS="623"
                          HPOS="1328"
                          CONTENT="Preterea"/>
                  <SP HEIGHT="66" WIDTH="12" VPOS="623" HPOS="1470"/>
                  <String HEIGHT="66"
                          WIDTH="166"
                          VPOS="623"
                          HPOS="1434"
                          CONTENT="formaliter"/>
                  <SP HEIGHT="66" WIDTH="12" VPOS="623" HPOS="1600"/>
                  <String HEIGHT="66"
                          WIDTH="154"
                          VPOS="623"
                          HPOS="1565"
                          CONTENT="infinitum"/>
                  <SP HEIGHT="66" WIDTH="12" VPOS="623" HPOS="1718"/>
                  <String HEIGHT="66"
                          WIDTH="107"
                          VPOS="623"
                          HPOS="1683"
                          CONTENT="nullo"/>
                  <SP HEIGHT="66" WIDTH="12" VPOS="623" HPOS="1789"/>
                  <String HEIGHT="66"
                          WIDTH="107"
                          VPOS="623"
                          HPOS="1754"
                          CONTENT="mnodo"/>
                  <SP HEIGHT="66" WIDTH="12" VPOS="623" HPOS="1860"/>
                  <String HEIGHT="66" WIDTH="83" VPOS="623" HPOS="1825" CONTENT="nec"/>
                  <SP HEIGHT="66" WIDTH="12" VPOS="623" HPOS="1908"/>
                  <String HEIGHT="66"
                          WIDTH="142"
                          VPOS="623"
                          HPOS="1872"
                          CONTENT="secundum"/>
                  <SP HEIGHT="66" WIDTH="12" VPOS="623" HPOS="2014"/>
                  <String HEIGHT="66" WIDTH="59" VPOS="623" HPOS="1967" CONTENT="rem"/>
               </TextLine>
               <TextLine ID="r3l13"
                         BASELINE="730"
                         HEIGHT="71"
                         WIDTH="704"
                         VPOS="659"
                         HPOS="1299">
                  <String HEIGHT="71" WIDTH="72" VPOS="659" HPOS="1289" CONTENT="nec"/>
                  <SP HEIGHT="71" WIDTH="10" VPOS="659" HPOS="1361"/>
                  <String HEIGHT="71"
                          WIDTH="124"
                          VPOS="659"
                          HPOS="1330"
                          CONTENT="secundum"/>
                  <SP HEIGHT="71" WIDTH="10" VPOS="659" HPOS="1454"/>
                  <String HEIGHT="71"
                          WIDTH="124"
                          VPOS="659"
                          HPOS="1423"
                          CONTENT="rationem"/>
                  <SP HEIGHT="71" WIDTH="10" VPOS="659" HPOS="1547"/>
                  <String HEIGHT="71" WIDTH="72" VPOS="659" HPOS="1516" CONTENT="est"/>
                  <SP HEIGHT="71" WIDTH="10" VPOS="659" HPOS="1589"/>
                  <String HEIGHT="71"
                          WIDTH="166"
                          VPOS="659"
                          HPOS="1558"
                          CONTENT="imperfectius"/>
                  <SP HEIGHT="71" WIDTH="10" VPOS="659" HPOS="1723"/>
                  <String HEIGHT="71"
                          WIDTH="114"
                          VPOS="659"
                          HPOS="1692"
                          CONTENT="aliquo."/>
                  <SP HEIGHT="71" WIDTH="10" VPOS="659" HPOS="1806"/>
                  <String HEIGHT="71" WIDTH="72" VPOS="659" HPOS="1775" CONTENT="sed"/>
                  <SP HEIGHT="71" WIDTH="10" VPOS="659" HPOS="1848"/>
                  <String HEIGHT="71" WIDTH="72" VPOS="659" HPOS="1817" CONTENT="per"/>
                  <SP HEIGHT="71" WIDTH="10" VPOS="659" HPOS="1889"/>
                  <String HEIGHT="71"
                          WIDTH="93"
                          VPOS="659"
                          HPOS="1858"
                          CONTENT="istos"/>
                  <SP HEIGHT="71" WIDTH="10" VPOS="659" HPOS="1951"/>
                  <String HEIGHT="71"
                          WIDTH="93"
                          VPOS="659"
                          HPOS="1910"
                          CONTENT="sapien"
                          SUBS_TYPE="HypPart1"
                          SUBS_CONTENT="sapientia"/>
                  <HYP CONTENT="-"/>
               </TextLine>
               <TextLine ID="r3l14"
                         BASELINE="769"
                         HEIGHT="55"
                         WIDTH="713"
                         VPOS="714"
                         HPOS="1287">
                  <String HEIGHT="55"
                          WIDTH="77"
                          VPOS="714"
                          HPOS="1276"
                          CONTENT="tia"
                          SUBS_TYPE="HypPart2"
                          SUBS_CONTENT="sapientia"/>
                  <SP HEIGHT="55" WIDTH="11" VPOS="714" HPOS="1353"/>
                  <String HEIGHT="55"
                          WIDTH="110"
                          VPOS="714"
                          HPOS="1320"
                          CONTENT="diuina"/>
                  <SP HEIGHT="55" WIDTH="11" VPOS="714" HPOS="1430"/>
                  <String HEIGHT="55" WIDTH="77" VPOS="714" HPOS="1397" CONTENT="est"/>
                  <SP HEIGHT="55" WIDTH="11" VPOS="714" HPOS="1473"/>
                  <String HEIGHT="55"
                          WIDTH="154"
                          VPOS="714"
                          HPOS="1441"
                          CONTENT="formaliter"/>
                  <SP HEIGHT="55" WIDTH="11" VPOS="714" HPOS="1594"/>
                  <String HEIGHT="55"
                          WIDTH="143"
                          VPOS="714"
                          HPOS="1561"
                          CONTENT="infinita."/>
                  <SP HEIGHT="55" WIDTH="11" VPOS="714" HPOS="1704"/>
                  <String HEIGHT="55"
                          WIDTH="88"
                          VPOS="714"
                          HPOS="1671"
                          CONTENT="ergo"/>
                  <SP HEIGHT="55" WIDTH="11" VPOS="714" HPOS="1759"/>
                  <String HEIGHT="55"
                          WIDTH="99"
                          VPOS="714"
                          HPOS="1726"
                          CONTENT="nullo"/>
                  <SP HEIGHT="55" WIDTH="11" VPOS="714" HPOS="1824"/>
                  <String HEIGHT="55"
                          WIDTH="88"
                          VPOS="714"
                          HPOS="1792"
                          CONTENT="modo"/>
                  <SP HEIGHT="55" WIDTH="11" VPOS="714" HPOS="1879"/>
                  <String HEIGHT="55" WIDTH="77" VPOS="714" HPOS="1846" CONTENT="est"/>
                  <SP HEIGHT="55" WIDTH="11" VPOS="714" HPOS="1923"/>
                  <String HEIGHT="55"
                          WIDTH="121"
                          VPOS="714"
                          HPOS="1879"
                          CONTENT="imperfer"
                          SUBS_TYPE="HypPart1"
                          SUBS_CONTENT="imperferctior"/>
                  <HYP CONTENT="-"/>
               </TextLine>
               <TextLine ID="r3l15"
                         BASELINE="812"
                         HEIGHT="69"
                         WIDTH="718"
                         VPOS="743"
                         HPOS="1292">
                  <String HEIGHT="69"
                          WIDTH="111"
                          VPOS="743"
                          HPOS="1280"
                          CONTENT="ctior"
                          SUBS_TYPE="HypPart2"
                          SUBS_CONTENT="imperferctior"/>
                  <SP HEIGHT="69" WIDTH="12" VPOS="743" HPOS="1391"/>
                  <String HEIGHT="69"
                          WIDTH="149"
                          VPOS="743"
                          HPOS="1354"
                          CONTENT="essentia"/>
                  <SP HEIGHT="69" WIDTH="12" VPOS="743" HPOS="1502"/>
                  <String HEIGHT="69"
                          WIDTH="136"
                          VPOS="743"
                          HPOS="1465"
                          CONTENT="diuina."/>
                  <SP HEIGHT="69" WIDTH="12" VPOS="743" HPOS="1601"/>
                  <String HEIGHT="69"
                          WIDTH="99"
                          VPOS="743"
                          HPOS="1564"
                          CONTENT="ergo"/>
                  <SP HEIGHT="69" WIDTH="12" VPOS="743" HPOS="1663"/>
                  <String HEIGHT="69"
                          WIDTH="111"
                          VPOS="743"
                          HPOS="1626"
                          CONTENT="inter"/>
                  <SP HEIGHT="69" WIDTH="12" VPOS="743" HPOS="1738"/>
                  <String HEIGHT="69"
                          WIDTH="161"
                          VPOS="743"
                          HPOS="1701"
                          CONTENT="essentiam"/>
                  <SP HEIGHT="69" WIDTH="12" VPOS="743" HPOS="1861"/>
                  <String HEIGHT="69"
                          WIDTH="136"
                          VPOS="743"
                          HPOS="1824"
                          CONTENT="diuinam"/>
                  <SP HEIGHT="69" WIDTH="12" VPOS="743" HPOS="1960"/>
                  <String HEIGHT="69" WIDTH="74" VPOS="743" HPOS="1923" CONTENT="et"/>
                  <SP HEIGHT="69" WIDTH="12" VPOS="743" HPOS="1998"/>
                  <String HEIGHT="69"
                          WIDTH="62"
                          VPOS="743"
                          HPOS="1948"
                          CONTENT="sa"
                          SUBS_TYPE="HypPart1"
                          SUBS_CONTENT="sapientiam"/>
                  <HYP CONTENT="-"/>
               </TextLine>
               <TextLine ID="line_1597774386727_2254"
                         BASELINE="854"
                         HEIGHT="65"
                         WIDTH="723"
                         VPOS="789"
                         HPOS="1307">
                  <String HEIGHT="65"
                          WIDTH="161"
                          VPOS="789"
                          HPOS="1294"
                          CONTENT="pientiam"
                          SUBS_TYPE="HypPart2"
                          SUBS_CONTENT="sapientiam"/>
                  <SP HEIGHT="65" WIDTH="13" VPOS="789" HPOS="1454"/>
                  <String HEIGHT="65"
                          WIDTH="134"
                          VPOS="789"
                          HPOS="1414"
                          CONTENT="nullus"/>
                  <SP HEIGHT="65" WIDTH="13" VPOS="789" HPOS="1548"/>
                  <String HEIGHT="65" WIDTH="94" VPOS="789" HPOS="1508" CONTENT="est"/>
                  <SP HEIGHT="65" WIDTH="13" VPOS="789" HPOS="1602"/>
                  <String HEIGHT="65"
                          WIDTH="107"
                          VPOS="789"
                          HPOS="1561"
                          CONTENT="ordo"/>
                  <SP HEIGHT="65" WIDTH="13" VPOS="789" HPOS="1669"/>
                  <String HEIGHT="65"
                          WIDTH="228"
                          VPOS="789"
                          HPOS="1628"
                          CONTENT="imperfectione"/>
                  <SP HEIGHT="65" WIDTH="13" VPOS="789" HPOS="1856"/>
                  <String HEIGHT="65" WIDTH="67" VPOS="789" HPOS="1816" CONTENT="⁋"/>
                  <SP HEIGHT="65" WIDTH="13" VPOS="789" HPOS="1883"/>
                  <String HEIGHT="65"
                          WIDTH="161"
                          VPOS="789"
                          HPOS="1843"
                          CONTENT="Preterea"/>
                  <SP HEIGHT="65" WIDTH="13" VPOS="789" HPOS="2003"/>
                  <String HEIGHT="65"
                          WIDTH="80"
                          VPOS="789"
                          HPOS="1950"
                          CONTENT="iste"/>
               </TextLine>
               <TextLine ID="r3l17"
                         BASELINE="904"
                         HEIGHT="64"
                         WIDTH="703"
                         VPOS="840"
                         HPOS="1298">
                  <String HEIGHT="64"
                          WIDTH="119"
                          VPOS="840"
                          HPOS="1285"
                          CONTENT="alibi"/>
                  <SP HEIGHT="64" WIDTH="13" VPOS="840" HPOS="1404"/>
                  <String HEIGHT="64"
                          WIDTH="119"
                          VPOS="840"
                          HPOS="1364"
                          CONTENT="habet"/>
                  <SP HEIGHT="64" WIDTH="13" VPOS="840" HPOS="1484"/>
                  <String HEIGHT="64" WIDTH="93" VPOS="840" HPOS="1444" CONTENT="pro"/>
                  <SP HEIGHT="64" WIDTH="13" VPOS="840" HPOS="1537"/>
                  <String HEIGHT="64"
                          WIDTH="225"
                          VPOS="840"
                          HPOS="1497"
                          CONTENT="inconuenienti"/>
                  <SP HEIGHT="64" WIDTH="13" VPOS="840" HPOS="1722"/>
                  <String HEIGHT="64" WIDTH="80" VPOS="840" HPOS="1683" CONTENT="et"/>
                  <SP HEIGHT="64" WIDTH="13" VPOS="840" HPOS="1762"/>
                  <String HEIGHT="64"
                          WIDTH="133"
                          VPOS="840"
                          HPOS="1722"
                          CONTENT="merito"/>
                  <SP HEIGHT="64" WIDTH="13" VPOS="840" HPOS="1855"/>
                  <String HEIGHT="64"
                          WIDTH="133"
                          VPOS="840"
                          HPOS="1815"
                          CONTENT="ponere"/>
                  <SP HEIGHT="64" WIDTH="13" VPOS="840" HPOS="1948"/>
                  <String HEIGHT="64" WIDTH="80" VPOS="840" HPOS="1908" CONTENT="in"/>
                  <SP HEIGHT="64" WIDTH="13" VPOS="840" HPOS="1988"/>
                  <String HEIGHT="64" WIDTH="66" VPOS="840" HPOS="1935" CONTENT="deo"/>
               </TextLine>
               <TextLine ID="r3l18"
                         BASELINE="949"
                         HEIGHT="63"
                         WIDTH="707"
                         VPOS="886"
                         HPOS="1310">
                  <String HEIGHT="63"
                          WIDTH="158"
                          VPOS="886"
                          HPOS="1298"
                          CONTENT="potentiam"/>
                  <SP HEIGHT="63" WIDTH="12" VPOS="886" HPOS="1456"/>
                  <String HEIGHT="63" WIDTH="85" VPOS="886" HPOS="1420" CONTENT="vel"/>
                  <SP HEIGHT="63" WIDTH="12" VPOS="886" HPOS="1505"/>
                  <String HEIGHT="63"
                          WIDTH="110"
                          VPOS="886"
                          HPOS="1468"
                          CONTENT="quasi"/>
                  <SP HEIGHT="63" WIDTH="12" VPOS="886" HPOS="1578"/>
                  <String HEIGHT="63"
                          WIDTH="171"
                          VPOS="886"
                          HPOS="1542"
                          CONTENT="potentiam."/>
                  <SP HEIGHT="63" WIDTH="12" VPOS="886" HPOS="1712"/>
                  <String HEIGHT="63"
                          WIDTH="98"
                          VPOS="886"
                          HPOS="1676"
                          CONTENT="ergo"/>
                  <SP HEIGHT="63" WIDTH="12" VPOS="886" HPOS="1773"/>
                  <String HEIGHT="63"
                          WIDTH="110"
                          VPOS="886"
                          HPOS="1737"
                          CONTENT="multo"/>
                  <SP HEIGHT="63" WIDTH="12" VPOS="886" HPOS="1846"/>
                  <String HEIGHT="63"
                          WIDTH="134"
                          VPOS="886"
                          HPOS="1810"
                          CONTENT="fortius"/>
                  <SP HEIGHT="63" WIDTH="12" VPOS="886" HPOS="1944"/>
                  <String HEIGHT="63"
                          WIDTH="110"
                          VPOS="886"
                          HPOS="1907"
                          CONTENT="debet"/>
                  <SP HEIGHT="63" WIDTH="12" VPOS="886" HPOS="2017"/>
                  <String HEIGHT="63" WIDTH="49" VPOS="886" HPOS="1968" CONTENT="ha"/>
               </TextLine>
               <TextLine ID="r3l19"
                         BASELINE="989"
                         HEIGHT="67"
                         WIDTH="710"
                         VPOS="922"
                         HPOS="1299">
                  <String HEIGHT="67"
                          WIDTH="100"
                          VPOS="922"
                          HPOS="1287"
                          CONTENT="bere"/>
                  <SP HEIGHT="67" WIDTH="12" VPOS="922" HPOS="1386"/>
                  <String HEIGHT="67" WIDTH="87" VPOS="922" HPOS="1349" CONTENT="pro"/>
                  <SP HEIGHT="67" WIDTH="12" VPOS="922" HPOS="1436"/>
                  <String HEIGHT="67"
                          WIDTH="212"
                          VPOS="922"
                          HPOS="1399"
                          CONTENT="inconuenienti"/>
                  <SP HEIGHT="67" WIDTH="12" VPOS="922" HPOS="1610"/>
                  <String HEIGHT="67"
                          WIDTH="125"
                          VPOS="922"
                          HPOS="1573"
                          CONTENT="ponere"/>
                  <SP HEIGHT="67" WIDTH="12" VPOS="922" HPOS="1698"/>
                  <String HEIGHT="67" WIDTH="75" VPOS="922" HPOS="1660" CONTENT="in"/>
                  <SP HEIGHT="67" WIDTH="12" VPOS="922" HPOS="1735"/>
                  <String HEIGHT="67" WIDTH="87" VPOS="922" HPOS="1698" CONTENT="deo"/>
                  <SP HEIGHT="67" WIDTH="12" VPOS="922" HPOS="1785"/>
                  <String HEIGHT="67"
                          WIDTH="199"
                          VPOS="922"
                          HPOS="1747"
                          CONTENT="perfectionem"/>
                  <SP HEIGHT="67" WIDTH="12" VPOS="922" HPOS="1947"/>
                  <String HEIGHT="67" WIDTH="87" VPOS="922" HPOS="1909" CONTENT="vel"/>
                  <SP HEIGHT="67" WIDTH="12" VPOS="922" HPOS="1997"/>
                  <String HEIGHT="67" WIDTH="62" VPOS="922" HPOS="1947" CONTENT="qua"/>
               </TextLine>
               <TextLine ID="r3l20"
                         BASELINE="1031"
                         HEIGHT="63"
                         WIDTH="727"
                         VPOS="968"
                         HPOS="1299">
                  <String HEIGHT="63" WIDTH="74" VPOS="968" HPOS="1287" CONTENT="si"/>
                  <SP HEIGHT="63" WIDTH="12" VPOS="968" HPOS="1361"/>
                  <String HEIGHT="63"
                          WIDTH="234"
                          VPOS="968"
                          HPOS="1324"
                          CONTENT="imperfectionem."/>
                  <SP HEIGHT="63" WIDTH="12" VPOS="968" HPOS="1558"/>
                  <String HEIGHT="63"
                          WIDTH="99"
                          VPOS="968"
                          HPOS="1521"
                          CONTENT="ergo"/>
                  <SP HEIGHT="63" WIDTH="12" VPOS="968" HPOS="1619"/>
                  <String HEIGHT="63" WIDTH="74" VPOS="968" HPOS="1582" CONTENT="in"/>
                  <SP HEIGHT="63" WIDTH="12" VPOS="968" HPOS="1656"/>
                  <String HEIGHT="63" WIDTH="86" VPOS="968" HPOS="1619" CONTENT="deo"/>
                  <SP HEIGHT="63" WIDTH="12" VPOS="968" HPOS="1706"/>
                  <String HEIGHT="63"
                          WIDTH="123"
                          VPOS="968"
                          HPOS="1669"
                          CONTENT="nullus"/>
                  <SP HEIGHT="63" WIDTH="12" VPOS="968" HPOS="1792"/>
                  <String HEIGHT="63" WIDTH="86" VPOS="968" HPOS="1755" CONTENT="est"/>
                  <SP HEIGHT="63" WIDTH="12" VPOS="968" HPOS="1841"/>
                  <String HEIGHT="63"
                          WIDTH="148"
                          VPOS="968"
                          HPOS="1804"
                          CONTENT="ponendus"/>
                  <SP HEIGHT="63" WIDTH="12" VPOS="968" HPOS="1952"/>
                  <String HEIGHT="63"
                          WIDTH="99"
                          VPOS="968"
                          HPOS="1915"
                          CONTENT="ordo"/>
                  <SP HEIGHT="63" WIDTH="12" VPOS="968" HPOS="2014"/>
                  <String HEIGHT="63" WIDTH="62" VPOS="968" HPOS="1964" CONTENT="per"/>
               </TextLine>
               <TextLine ID="line_1597774386728_2256"
                         BASELINE="1085"
                         HEIGHT="72"
                         WIDTH="712"
                         VPOS="1013"
                         HPOS="1308">
                  <String HEIGHT="72"
                          WIDTH="157"
                          VPOS="1013"
                          HPOS="1296"
                          CONTENT="fectonis."/>
                  <SP HEIGHT="72" WIDTH="12" VPOS="1013" HPOS="1453"/>
                  <String HEIGHT="72" WIDTH="60" VPOS="1013" HPOS="1417" CONTENT="⁋"/>
                  <SP HEIGHT="72" WIDTH="12" VPOS="1013" HPOS="1477"/>
                  <String HEIGHT="72"
                          WIDTH="145"
                          VPOS="1013"
                          HPOS="1441"
                          CONTENT="Preterea"/>
                  <SP HEIGHT="72" WIDTH="12" VPOS="1013" HPOS="1586"/>
                  <String HEIGHT="72"
                          WIDTH="97"
                          VPOS="1013"
                          HPOS="1549"
                          CONTENT="quod"/>
                  <SP HEIGHT="72" WIDTH="12" VPOS="1013" HPOS="1646"/>
                  <String HEIGHT="72"
                          WIDTH="133"
                          VPOS="1013"
                          HPOS="1610"
                          CONTENT="dicitur"/>
                  <SP HEIGHT="72" WIDTH="12" VPOS="1013" HPOS="1742"/>
                  <String HEIGHT="72"
                          WIDTH="97"
                          VPOS="1013"
                          HPOS="1706"
                          CONTENT="quod"/>
                  <SP HEIGHT="72" WIDTH="12" VPOS="1013" HPOS="1803"/>
                  <String HEIGHT="72"
                          WIDTH="145"
                          VPOS="1013"
                          HPOS="1767"
                          CONTENT="essentia"/>
                  <SP HEIGHT="72" WIDTH="12" VPOS="1013" HPOS="1911"/>
                  <String HEIGHT="72"
                          WIDTH="121"
                          VPOS="1013"
                          HPOS="1875"
                          CONTENT="diuina"/>
                  <SP HEIGHT="72" WIDTH="12" VPOS="1013" HPOS="1996"/>
                  <String HEIGHT="72"
                          WIDTH="84"
                          VPOS="1013"
                          HPOS="1960"
                          CONTENT="est"/>
                  <SP HEIGHT="72" WIDTH="12" VPOS="1013" HPOS="2044"/>
                  <String HEIGHT="72" WIDTH="24" VPOS="1013" HPOS="1996" CONTENT=""/>
               </TextLine>
               <TextLine ID="r3l22"
                         BASELINE="1119"
                         HEIGHT="67"
                         WIDTH="693"
                         VPOS="1052"
                         HPOS="1313">
                  <String HEIGHT="67"
                          WIDTH="104"
                          VPOS="1052"
                          HPOS="1301"
                          CONTENT="prior"/>
                  <SP HEIGHT="67" WIDTH="12" VPOS="1052" HPOS="1405"/>
                  <String HEIGHT="67"
                          WIDTH="139"
                          VPOS="1052"
                          HPOS="1371"
                          CONTENT="origine."/>
                  <SP HEIGHT="67" WIDTH="12" VPOS="1052" HPOS="1509"/>
                  <String HEIGHT="67"
                          WIDTH="81"
                          VPOS="1052"
                          HPOS="1475"
                          CONTENT="non"/>
                  <SP HEIGHT="67" WIDTH="12" VPOS="1052" HPOS="1556"/>
                  <String HEIGHT="67"
                          WIDTH="127"
                          VPOS="1052"
                          HPOS="1521"
                          CONTENT="videtur"/>
                  <SP HEIGHT="67" WIDTH="12" VPOS="1052" HPOS="1648"/>
                  <String HEIGHT="67"
                          WIDTH="116"
                          VPOS="1052"
                          HPOS="1613"
                          CONTENT="verum."/>
                  <SP HEIGHT="67" WIDTH="12" VPOS="1052" HPOS="1729"/>
                  <String HEIGHT="67"
                          WIDTH="92"
                          VPOS="1052"
                          HPOS="1694"
                          CONTENT="quia"/>
                  <SP HEIGHT="67" WIDTH="12" VPOS="1052" HPOS="1787"/>
                  <String HEIGHT="67"
                          WIDTH="150"
                          VPOS="1052"
                          HPOS="1752"
                          CONTENT="sapientia"/>
                  <SP HEIGHT="67" WIDTH="12" VPOS="1052" HPOS="1902"/>
                  <String HEIGHT="67"
                          WIDTH="116"
                          VPOS="1052"
                          HPOS="1867"
                          CONTENT="diuina"/>
                  <SP HEIGHT="67" WIDTH="12" VPOS="1052" HPOS="1983"/>
                  <String HEIGHT="67"
                          WIDTH="69"
                          VPOS="1052"
                          HPOS="1937"
                          CONTENT="nul"
                          SUBS_TYPE="HypPart1"
                          SUBS_CONTENT="nullo"/>
                  <HYP CONTENT="-"/>
               </TextLine>
               <TextLine ID="r3l24"
                         BASELINE="1167"
                         HEIGHT="66"
                         WIDTH="717"
                         VPOS="1101"
                         HPOS="1298">
                  <String HEIGHT="66"
                          WIDTH="75"
                          VPOS="1101"
                          HPOS="1285"
                          CONTENT="lo"
                          SUBS_TYPE="HypPart2"
                          SUBS_CONTENT="nullo"/>
                  <SP HEIGHT="66" WIDTH="13" VPOS="1101" HPOS="1361"/>
                  <String HEIGHT="66"
                          WIDTH="101"
                          VPOS="1101"
                          HPOS="1323"
                          CONTENT="modo"/>
                  <SP HEIGHT="66" WIDTH="13" VPOS="1101" HPOS="1424"/>
                  <String HEIGHT="66"
                          WIDTH="88"
                          VPOS="1101"
                          HPOS="1386"
                          CONTENT="est"/>
                  <SP HEIGHT="66" WIDTH="13" VPOS="1101" HPOS="1474"/>
                  <String HEIGHT="66"
                          WIDTH="176"
                          VPOS="1101"
                          HPOS="1436"
                          CONTENT="originata."/>
                  <SP HEIGHT="66" WIDTH="13" VPOS="1101" HPOS="1612"/>
                  <String HEIGHT="66"
                          WIDTH="88"
                          VPOS="1101"
                          HPOS="1575"
                          CONTENT="nec"/>
                  <SP HEIGHT="66" WIDTH="13" VPOS="1101" HPOS="1663"/>
                  <String HEIGHT="66"
                          WIDTH="151"
                          VPOS="1101"
                          HPOS="1625"
                          CONTENT="essentia"/>
                  <SP HEIGHT="66" WIDTH="13" VPOS="1101" HPOS="1776"/>
                  <String HEIGHT="66"
                          WIDTH="126"
                          VPOS="1101"
                          HPOS="1738"
                          CONTENT="divina"/>
                  <SP HEIGHT="66" WIDTH="13" VPOS="1101" HPOS="1864"/>
                  <String HEIGHT="66"
                          WIDTH="88"
                          VPOS="1101"
                          HPOS="1826"
                          CONTENT="est"/>
                  <SP HEIGHT="66" WIDTH="13" VPOS="1101" HPOS="1914"/>
                  <String HEIGHT="66"
                          WIDTH="151"
                          VPOS="1101"
                          HPOS="1864"
                          CONTENT="originans."/>
               </TextLine>
               <TextLine ID="line_1597774386729_2258"
                         BASELINE="1206"
                         HEIGHT="63"
                         WIDTH="717"
                         VPOS="1143"
                         HPOS="1320">
                  <String HEIGHT="63" WIDTH="48" VPOS="1143" HPOS="1310" CONTENT="⁋"/>
                  <SP HEIGHT="63" WIDTH="10" VPOS="1143" HPOS="1358"/>
                  <String HEIGHT="63" WIDTH="57" VPOS="1143" HPOS="1330" CONTENT="Ex"/>
                  <SP HEIGHT="63" WIDTH="10" VPOS="1143" HPOS="1387"/>
                  <String HEIGHT="63"
                          WIDTH="67"
                          VPOS="1143"
                          HPOS="1358"
                          CONTENT="hoc"/>
                  <SP HEIGHT="63" WIDTH="10" VPOS="1143" HPOS="1425"/>
                  <String HEIGHT="63"
                          WIDTH="96"
                          VPOS="1143"
                          HPOS="1396"
                          CONTENT="contra"/>
                  <SP HEIGHT="63" WIDTH="10" VPOS="1143" HPOS="1492"/>
                  <String HEIGHT="63"
                          WIDTH="115"
                          VPOS="1143"
                          HPOS="1463"
                          CONTENT="secundum"/>
                  <SP HEIGHT="63" WIDTH="10" VPOS="1143" HPOS="1578"/>
                  <String HEIGHT="63"
                          WIDTH="76"
                          VPOS="1143"
                          HPOS="1549"
                          CONTENT="quia"/>
                  <SP HEIGHT="63" WIDTH="10" VPOS="1143" HPOS="1626"/>
                  <String HEIGHT="63"
                          WIDTH="76"
                          VPOS="1143"
                          HPOS="1597"
                          CONTENT="modo"/>
                  <SP HEIGHT="63" WIDTH="10" VPOS="1143" HPOS="1674"/>
                  <String HEIGHT="63"
                          WIDTH="67"
                          VPOS="1143"
                          HPOS="1645"
                          CONTENT="est"/>
                  <SP HEIGHT="63" WIDTH="10" VPOS="1143" HPOS="1712"/>
                  <String HEIGHT="63"
                          WIDTH="76"
                          VPOS="1143"
                          HPOS="1683"
                          CONTENT="bene"/>
                  <SP HEIGHT="63" WIDTH="10" VPOS="1143" HPOS="1760"/>
                  <String HEIGHT="63"
                          WIDTH="96"
                          VPOS="1143"
                          HPOS="1731"
                          CONTENT="dictum"/>
                  <SP HEIGHT="63" WIDTH="10" VPOS="1143" HPOS="1827"/>
                  <String HEIGHT="63"
                          WIDTH="76"
                          VPOS="1143"
                          HPOS="1798"
                          CONTENT="quod"/>
                  <SP HEIGHT="63" WIDTH="10" VPOS="1143" HPOS="1874"/>
                  <String HEIGHT="63"
                          WIDTH="86"
                          VPOS="1143"
                          HPOS="1846"
                          CONTENT="omnia"/>
                  <SP HEIGHT="63" WIDTH="10" VPOS="1143" HPOS="1932"/>
                  <String HEIGHT="63"
                          WIDTH="86"
                          VPOS="1143"
                          HPOS="1903"
                          CONTENT="quasi"/>
                  <SP HEIGHT="63" WIDTH="10" VPOS="1143" HPOS="1989"/>
                  <String HEIGHT="63"
                          WIDTH="96"
                          VPOS="1143"
                          HPOS="1961"
                          CONTENT="fluant"/>
                  <SP HEIGHT="63" WIDTH="10" VPOS="1143" HPOS="2056"/>
                  <String HEIGHT="63" WIDTH="19" VPOS="1143" HPOS="2018" CONTENT=""/>
               </TextLine>
               <TextLine ID="line_1598966587618_107"
                         BASELINE="1253"
                         HEIGHT="67"
                         WIDTH="719"
                         VPOS="1186"
                         HPOS="1298">
                  <String HEIGHT="67" WIDTH="63" VPOS="1186" HPOS="1285" CONTENT="a"/>
                  <SP HEIGHT="67" WIDTH="13" VPOS="1186" HPOS="1348"/>
                  <String HEIGHT="67"
                          WIDTH="126"
                          VPOS="1186"
                          HPOS="1311"
                          CONTENT="diuina"/>
                  <SP HEIGHT="67" WIDTH="13" VPOS="1186" HPOS="1437"/>
                  <String HEIGHT="67"
                          WIDTH="151"
                          VPOS="1186"
                          HPOS="1399"
                          CONTENT="essentia"/>
                  <SP HEIGHT="67" WIDTH="13" VPOS="1186" HPOS="1550"/>
                  <String HEIGHT="67"
                          WIDTH="101"
                          VPOS="1186"
                          HPOS="1512"
                          CONTENT="quia"/>
                  <SP HEIGHT="67" WIDTH="13" VPOS="1186" HPOS="1613"/>
                  <String HEIGHT="67"
                          WIDTH="114"
                          VPOS="1186"
                          HPOS="1576"
                          CONTENT="nihil"/>
                  <SP HEIGHT="67" WIDTH="13" VPOS="1186" HPOS="1689"/>
                  <String HEIGHT="67"
                          WIDTH="88"
                          VPOS="1186"
                          HPOS="1651"
                          CONTENT="est"/>
                  <SP HEIGHT="67" WIDTH="13" VPOS="1186" HPOS="1739"/>
                  <String HEIGHT="67" WIDTH="76" VPOS="1186" HPOS="1702" CONTENT="in"/>
                  <SP HEIGHT="67" WIDTH="13" VPOS="1186" HPOS="1777"/>
                  <String HEIGHT="67"
                          WIDTH="114"
                          VPOS="1186"
                          HPOS="1739"
                          CONTENT="patre"/>
                  <SP HEIGHT="67" WIDTH="13" VPOS="1186" HPOS="1853"/>
                  <String HEIGHT="67"
                          WIDTH="189"
                          VPOS="1186"
                          HPOS="1815"
                          CONTENT="quomocumque"/>
                  <SP HEIGHT="67" WIDTH="13" VPOS="1186" HPOS="2004"/>
                  <String HEIGHT="67"
                          WIDTH="63"
                          VPOS="1186"
                          HPOS="1954"
                          CONTENT="flu"/>
               </TextLine>
               <TextLine ID="r3l27"
                         BASELINE="1305"
                         HEIGHT="76"
                         WIDTH="707"
                         VPOS="1229"
                         HPOS="1299">
                  <String HEIGHT="76"
                          WIDTH="93"
                          VPOS="1229"
                          HPOS="1286"
                          CONTENT="ens"/>
                  <SP HEIGHT="76" WIDTH="13" VPOS="1229" HPOS="1379"/>
                  <String HEIGHT="76" WIDTH="80" VPOS="1229" HPOS="1339" CONTENT="ab"/>
                  <SP HEIGHT="76" WIDTH="13" VPOS="1229" HPOS="1419"/>
                  <String HEIGHT="76"
                          WIDTH="120"
                          VPOS="1229"
                          HPOS="1379"
                          CONTENT="alio."/>
                  <SP HEIGHT="76" WIDTH="13" VPOS="1229" HPOS="1499"/>
                  <String HEIGHT="76"
                          WIDTH="93"
                          VPOS="1229"
                          HPOS="1459"
                          CONTENT="sed"/>
                  <SP HEIGHT="76" WIDTH="13" VPOS="1229" HPOS="1552"/>
                  <String HEIGHT="76"
                          WIDTH="173"
                          VPOS="1229"
                          HPOS="1512"
                          CONTENT="sapientia"/>
                  <SP HEIGHT="76" WIDTH="13" VPOS="1229" HPOS="1686"/>
                  <String HEIGHT="76"
                          WIDTH="147"
                          VPOS="1229"
                          HPOS="1646"
                          CONTENT="bonitas"/>
                  <SP HEIGHT="76" WIDTH="13" VPOS="1229" HPOS="1793"/>
                  <String HEIGHT="76"
                          WIDTH="200"
                          VPOS="1229"
                          HPOS="1753"
                          CONTENT="paternitas."/>
                  <SP HEIGHT="76" WIDTH="13" VPOS="1229" HPOS="1953"/>
                  <String HEIGHT="76" WIDTH="80" VPOS="1229" HPOS="1913" CONTENT="et"/>
                  <SP HEIGHT="76" WIDTH="13" VPOS="1229" HPOS="1993"/>
                  <String HEIGHT="76"
                          WIDTH="67"
                          VPOS="1229"
                          HPOS="1939"
                          CONTENT="spi"/>
               </TextLine>
               <TextLine ID="line_1598966620405_118"
                         BASELINE="1345"
                         HEIGHT="74"
                         WIDTH="724"
                         VPOS="1271"
                         HPOS="1296">
                  <String HEIGHT="74"
                          WIDTH="116"
                          VPOS="1271"
                          HPOS="1283"
                          CONTENT="ratio"/>
                  <SP HEIGHT="74" WIDTH="13" VPOS="1271" HPOS="1399"/>
                  <String HEIGHT="74"
                          WIDTH="103"
                          VPOS="1271"
                          HPOS="1361"
                          CONTENT="sunt"/>
                  <SP HEIGHT="74" WIDTH="13" VPOS="1271" HPOS="1464"/>
                  <String HEIGHT="74" WIDTH="78" VPOS="1271" HPOS="1425" CONTENT="in"/>
                  <SP HEIGHT="74" WIDTH="13" VPOS="1271" HPOS="1503"/>
                  <String HEIGHT="74"
                          WIDTH="129"
                          VPOS="1271"
                          HPOS="1464"
                          CONTENT="patre."/>
                  <SP HEIGHT="74" WIDTH="13" VPOS="1271" HPOS="1593"/>
                  <String HEIGHT="74"
                          WIDTH="103"
                          VPOS="1271"
                          HPOS="1555"
                          CONTENT="ergo"/>
                  <SP HEIGHT="74" WIDTH="13" VPOS="1271" HPOS="1658"/>
                  <String HEIGHT="74"
                          WIDTH="116"
                          VPOS="1271"
                          HPOS="1619"
                          CONTENT="nullo"/>
                  <SP HEIGHT="74" WIDTH="13" VPOS="1271" HPOS="1736"/>
                  <String HEIGHT="74"
                          WIDTH="103"
                          VPOS="1271"
                          HPOS="1697"
                          CONTENT="modo"/>
                  <SP HEIGHT="74" WIDTH="13" VPOS="1271" HPOS="1800"/>
                  <String HEIGHT="74"
                          WIDTH="142"
                          VPOS="1271"
                          HPOS="1761"
                          CONTENT="fluunt."/>
                  <SP HEIGHT="74" WIDTH="13" VPOS="1271" HPOS="1904"/>
                  <String HEIGHT="74" WIDTH="65" VPOS="1271" HPOS="1865" CONTENT="⁋"/>
                  <SP HEIGHT="74" WIDTH="13" VPOS="1271" HPOS="1930"/>
                  <String HEIGHT="74"
                          WIDTH="155"
                          VPOS="1271"
                          HPOS="1891"
                          CONTENT="Preterea"/>
                  <SP HEIGHT="74" WIDTH="13" VPOS="1271" HPOS="2046"/>
                  <String HEIGHT="74" WIDTH="26" VPOS="1271" HPOS="1994" CONTENT=""/>
               </TextLine>
               <TextLine ID="r3l29"
                         BASELINE="1386"
                         HEIGHT="67"
                         WIDTH="722"
                         VPOS="1319"
                         HPOS="1298">
                  <String HEIGHT="67"
                          WIDTH="149"
                          VPOS="1319"
                          HPOS="1286"
                          CONTENT="ostensum"/>
                  <SP HEIGHT="67" WIDTH="12" VPOS="1319" HPOS="1435"/>
                  <String HEIGHT="67"
                          WIDTH="87"
                          VPOS="1319"
                          HPOS="1398"
                          CONTENT="est"/>
                  <SP HEIGHT="67" WIDTH="12" VPOS="1319" HPOS="1485"/>
                  <String HEIGHT="67"
                          WIDTH="112"
                          VPOS="1319"
                          HPOS="1447"
                          CONTENT="prius"/>
                  <SP HEIGHT="67" WIDTH="12" VPOS="1319" HPOS="1559"/>
                  <String HEIGHT="67"
                          WIDTH="100"
                          VPOS="1319"
                          HPOS="1522"
                          CONTENT="quod"/>
                  <SP HEIGHT="67" WIDTH="12" VPOS="1319" HPOS="1622"/>
                  <String HEIGHT="67"
                          WIDTH="162"
                          VPOS="1319"
                          HPOS="1584"
                          CONTENT="sapientia"/>
                  <SP HEIGHT="67" WIDTH="12" VPOS="1319" HPOS="1746"/>
                  <String HEIGHT="67"
                          WIDTH="124"
                          VPOS="1319"
                          HPOS="1709"
                          CONTENT="diuina"/>
                  <SP HEIGHT="67" WIDTH="12" VPOS="1319" HPOS="1833"/>
                  <String HEIGHT="67"
                          WIDTH="112"
                          VPOS="1319"
                          HPOS="1796"
                          CONTENT="nullo"/>
                  <SP HEIGHT="67" WIDTH="12" VPOS="1319" HPOS="1908"/>
                  <String HEIGHT="67"
                          WIDTH="100"
                          VPOS="1319"
                          HPOS="1871"
                          CONTENT="modo"/>
                  <SP HEIGHT="67" WIDTH="12" VPOS="1319" HPOS="1970"/>
                  <String HEIGHT="67"
                          WIDTH="100"
                          VPOS="1319"
                          HPOS="1920"
                          CONTENT="disti"
                          SUBS_TYPE="HypPart1"
                          SUBS_CONTENT="distiguitur"/>
                  <HYP CONTENT="-"/>
               </TextLine>
               <TextLine ID="line_1597774386732_2264"
                         BASELINE="1435"
                         HEIGHT="62"
                         WIDTH="739"
                         VPOS="1373"
                         HPOS="1302">
                  <String HEIGHT="62"
                          WIDTH="130"
                          VPOS="1373"
                          HPOS="1289"
                          CONTENT="guitur"
                          SUBS_TYPE="HypPart2"
                          SUBS_CONTENT="distiguitur"/>
                  <SP HEIGHT="62" WIDTH="13" VPOS="1373" HPOS="1419"/>
                  <String HEIGHT="62" WIDTH="78" VPOS="1373" HPOS="1380" CONTENT="ab"/>
                  <SP HEIGHT="62" WIDTH="13" VPOS="1373" HPOS="1458"/>
                  <String HEIGHT="62"
                          WIDTH="169"
                          VPOS="1373"
                          HPOS="1419"
                          CONTENT="essentia."/>
                  <SP HEIGHT="62" WIDTH="13" VPOS="1373" HPOS="1587"/>
                  <String HEIGHT="62"
                          WIDTH="104"
                          VPOS="1373"
                          HPOS="1548"
                          CONTENT="ergo"/>
                  <SP HEIGHT="62" WIDTH="13" VPOS="1373" HPOS="1652"/>
                  <String HEIGHT="62"
                          WIDTH="117"
                          VPOS="1373"
                          HPOS="1613"
                          CONTENT="nullo"/>
                  <SP HEIGHT="62" WIDTH="13" VPOS="1373" HPOS="1730"/>
                  <String HEIGHT="62"
                          WIDTH="104"
                          VPOS="1373"
                          HPOS="1691"
                          CONTENT="modo"/>
                  <SP HEIGHT="62" WIDTH="13" VPOS="1373" HPOS="1795"/>
                  <String HEIGHT="62"
                          WIDTH="117"
                          VPOS="1373"
                          HPOS="1756"
                          CONTENT="fluit"/>
                  <SP HEIGHT="62" WIDTH="13" VPOS="1373" HPOS="1872"/>
                  <String HEIGHT="62" WIDTH="78" VPOS="1373" HPOS="1834" CONTENT="ab"/>
                  <SP HEIGHT="62" WIDTH="13" VPOS="1373" HPOS="1911"/>
                  <String HEIGHT="62"
                          WIDTH="117"
                          VPOS="1373"
                          HPOS="1872"
                          CONTENT="ipsa."/>
                  <SP HEIGHT="62" WIDTH="13" VPOS="1373" HPOS="1989"/>
                  <String HEIGHT="62" WIDTH="65" VPOS="1373" HPOS="1950" CONTENT="⁋"/>
                  <SP HEIGHT="62" WIDTH="13" VPOS="1373" HPOS="2015"/>
                  <String HEIGHT="62"
                          WIDTH="91"
                          VPOS="1373"
                          HPOS="1976"
                          CONTENT="Con"/>
                  <SP HEIGHT="62" WIDTH="13" VPOS="1373" HPOS="2067"/>
                  <String HEIGHT="62" WIDTH="26" VPOS="1373" HPOS="2015" CONTENT=""/>
               </TextLine>
               <TextLine ID="r3l31"
                         BASELINE="1472"
                         HEIGHT="65"
                         WIDTH="714"
                         VPOS="1407"
                         HPOS="1311">
                  <String HEIGHT="65"
                          WIDTH="100"
                          VPOS="1407"
                          HPOS="1297"
                          CONTENT="tra"/>
                  <SP HEIGHT="65" WIDTH="14" VPOS="1407" HPOS="1397"/>
                  <String HEIGHT="65"
                          WIDTH="157"
                          VPOS="1407"
                          HPOS="1354"
                          CONTENT="tertium"/>
                  <SP HEIGHT="65" WIDTH="14" VPOS="1407" HPOS="1511"/>
                  <String HEIGHT="65"
                          WIDTH="129"
                          VPOS="1407"
                          HPOS="1468"
                          CONTENT="arguo"/>
                  <SP HEIGHT="65" WIDTH="14" VPOS="1407" HPOS="1597"/>
                  <String HEIGHT="65"
                          WIDTH="114"
                          VPOS="1407"
                          HPOS="1554"
                          CONTENT="sic."/>
                  <SP HEIGHT="65" WIDTH="14" VPOS="1407" HPOS="1668"/>
                  <String HEIGHT="65"
                          WIDTH="114"
                          VPOS="1407"
                          HPOS="1625"
                          CONTENT="omne"/>
                  <SP HEIGHT="65" WIDTH="14" VPOS="1407" HPOS="1739"/>
                  <String HEIGHT="65"
                          WIDTH="171"
                          VPOS="1407"
                          HPOS="1697"
                          CONTENT="obiectum"/>
                  <SP HEIGHT="65" WIDTH="14" VPOS="1407" HPOS="1868"/>
                  <String HEIGHT="65"
                          WIDTH="186"
                          VPOS="1407"
                          HPOS="1825"
                          CONTENT="adequatum"/>
                  <SP HEIGHT="65" WIDTH="14" VPOS="1407" HPOS="2011"/>
                  <String HEIGHT="65"
                          WIDTH="71"
                          VPOS="1407"
                          HPOS="1954"
                          CONTENT="ali"/>
               </TextLine>
               <TextLine ID="r3l32"
                         BASELINE="1516"
                         HEIGHT="64"
                         WIDTH="729"
                         VPOS="1452"
                         HPOS="1299">
                  <String HEIGHT="64"
                          WIDTH="98"
                          VPOS="1452"
                          HPOS="1288"
                          CONTENT="cuius"/>
                  <SP HEIGHT="64" WIDTH="11" VPOS="1452" HPOS="1386"/>
                  <String HEIGHT="64"
                          WIDTH="131"
                          VPOS="1452"
                          HPOS="1353"
                          CONTENT="potentie"/>
                  <SP HEIGHT="64" WIDTH="11" VPOS="1452" HPOS="1484"/>
                  <String HEIGHT="64" WIDTH="65" VPOS="1452" HPOS="1451" CONTENT="et"/>
                  <SP HEIGHT="64" WIDTH="11" VPOS="1452" HPOS="1517"/>
                  <String HEIGHT="64"
                          WIDTH="109"
                          VPOS="1452"
                          HPOS="1484"
                          CONTENT="primum"/>
                  <SP HEIGHT="64" WIDTH="11" VPOS="1452" HPOS="1593"/>
                  <String HEIGHT="64"
                          WIDTH="141"
                          VPOS="1452"
                          HPOS="1560"
                          CONTENT="primitate"/>
                  <SP HEIGHT="64" WIDTH="11" VPOS="1452" HPOS="1702"/>
                  <String HEIGHT="64"
                          WIDTH="87"
                          VPOS="1452"
                          HPOS="1669"
                          CONTENT="illa"/>
                  <SP HEIGHT="64" WIDTH="11" VPOS="1452" HPOS="1756"/>
                  <String HEIGHT="64" WIDTH="65" VPOS="1452" HPOS="1723" CONTENT="de"/>
                  <SP HEIGHT="64" WIDTH="11" VPOS="1452" HPOS="1789"/>
                  <String HEIGHT="64"
                          WIDTH="76"
                          VPOS="1452"
                          HPOS="1756"
                          CONTENT="qua"/>
                  <SP HEIGHT="64" WIDTH="11" VPOS="1452" HPOS="1832"/>
                  <String HEIGHT="64"
                          WIDTH="131"
                          VPOS="1452"
                          HPOS="1800"
                          CONTENT="loquitur"/>
                  <SP HEIGHT="64" WIDTH="11" VPOS="1452" HPOS="1930"/>
                  <String HEIGHT="64"
                          WIDTH="141"
                          VPOS="1452"
                          HPOS="1887"
                          CONTENT="philosophus"/>
               </TextLine>
               <TextLine ID="r3l33"
                         BASELINE="1558"
                         HEIGHT="67"
                         WIDTH="708"
                         VPOS="1491"
                         HPOS="1320">
                  <String HEIGHT="67"
                          WIDTH="104"
                          VPOS="1491"
                          HPOS="1308"
                          CONTENT="primo"/>
                  <SP HEIGHT="67" WIDTH="12" VPOS="1491" HPOS="1413"/>
                  <String HEIGHT="67"
                          WIDTH="116"
                          VPOS="1491"
                          HPOS="1378"
                          CONTENT="poste."/>
                  <SP HEIGHT="67" WIDTH="12" VPOS="1491" HPOS="1494"/>
                  <String HEIGHT="67"
                          WIDTH="93"
                          VPOS="1491"
                          HPOS="1459"
                          CONTENT="vere"/>
                  <SP HEIGHT="67" WIDTH="12" VPOS="1491" HPOS="1552"/>
                  <String HEIGHT="67"
                          WIDTH="174"
                          VPOS="1491"
                          HPOS="1517"
                          CONTENT="praedicatur"/>
                  <SP HEIGHT="67" WIDTH="12" VPOS="1491" HPOS="1691"/>
                  <String HEIGHT="67"
                          WIDTH="81"
                          VPOS="1491"
                          HPOS="1657"
                          CONTENT="vel"/>
                  <SP HEIGHT="67" WIDTH="12" VPOS="1491" HPOS="1738"/>
                  <String HEIGHT="67"
                          WIDTH="81"
                          VPOS="1491"
                          HPOS="1703"
                          CONTENT="per"/>
                  <SP HEIGHT="67" WIDTH="12" VPOS="1491" HPOS="1784"/>
                  <String HEIGHT="67" WIDTH="70" VPOS="1491" HPOS="1749" CONTENT="se"/>
                  <SP HEIGHT="67" WIDTH="12" VPOS="1491" HPOS="1819"/>
                  <String HEIGHT="67"
                          WIDTH="81"
                          VPOS="1491"
                          HPOS="1784"
                          CONTENT="vel"/>
                  <SP HEIGHT="67" WIDTH="12" VPOS="1491" HPOS="1866"/>
                  <String HEIGHT="67"
                          WIDTH="81"
                          VPOS="1491"
                          HPOS="1831"
                          CONTENT="per"/>
                  <SP HEIGHT="67" WIDTH="12" VPOS="1491" HPOS="1912"/>
                  <String HEIGHT="67"
                          WIDTH="151"
                          VPOS="1491"
                          HPOS="1877"
                          CONTENT="accidens."/>
                  <SP HEIGHT="67" WIDTH="12" VPOS="1491" HPOS="2028"/>
                  <String HEIGHT="67" WIDTH="46" VPOS="1491" HPOS="1982" CONTENT="si"/>
               </TextLine>
               <TextLine ID="r3l34"
                         BASELINE="1603"
                         HEIGHT="66"
                         WIDTH="712"
                         VPOS="1537"
                         HPOS="1320">
                  <String HEIGHT="66"
                          WIDTH="86"
                          VPOS="1537"
                          HPOS="1308"
                          CONTENT="est"/>
                  <SP HEIGHT="66" WIDTH="12" VPOS="1537" HPOS="1394"/>
                  <String HEIGHT="66" WIDTH="74" VPOS="1537" HPOS="1357" CONTENT="in"/>
                  <SP HEIGHT="66" WIDTH="12" VPOS="1537" HPOS="1430"/>
                  <String HEIGHT="66"
                          WIDTH="147"
                          VPOS="1537"
                          HPOS="1394"
                          CONTENT="concreto"/>
                  <SP HEIGHT="66" WIDTH="12" VPOS="1537" HPOS="1541"/>
                  <String HEIGHT="66"
                          WIDTH="86"
                          VPOS="1537"
                          HPOS="1504"
                          CONTENT="vel"/>
                  <SP HEIGHT="66" WIDTH="12" VPOS="1537" HPOS="1590"/>
                  <String HEIGHT="66" WIDTH="74" VPOS="1537" HPOS="1553" CONTENT="in"/>
                  <SP HEIGHT="66" WIDTH="12" VPOS="1537" HPOS="1627"/>
                  <String HEIGHT="66"
                          WIDTH="160"
                          VPOS="1537"
                          HPOS="1590"
                          CONTENT="abstracto"/>
                  <SP HEIGHT="66" WIDTH="12" VPOS="1537" HPOS="1750"/>
                  <String HEIGHT="66" WIDTH="74" VPOS="1537" HPOS="1713" CONTENT="de"/>
                  <SP HEIGHT="66" WIDTH="12" VPOS="1537" HPOS="1786"/>
                  <String HEIGHT="66"
                          WIDTH="98"
                          VPOS="1537"
                          HPOS="1750"
                          CONTENT="omni"/>
                  <SP HEIGHT="66" WIDTH="12" VPOS="1537" HPOS="1848"/>
                  <String HEIGHT="66"
                          WIDTH="172"
                          VPOS="1537"
                          HPOS="1811"
                          CONTENT="apprehenso"/>
                  <SP HEIGHT="66" WIDTH="12" VPOS="1537" HPOS="1983"/>
                  <String HEIGHT="66" WIDTH="74" VPOS="1537" HPOS="1946" CONTENT="ab"/>
                  <SP HEIGHT="66" WIDTH="12" VPOS="1537" HPOS="2020"/>
                  <String HEIGHT="66"
                          WIDTH="61"
                          VPOS="1537"
                          HPOS="1971"
                          CONTENT="il"
                          SUBS_TYPE="HypPart1"
                          SUBS_CONTENT="illa"/>
                  <HYP CONTENT="-"/>
               </TextLine>
               <TextLine ID="r3l35"
                         BASELINE="1649"
                         HEIGHT="64"
                         WIDTH="711"
                         VPOS="1585"
                         HPOS="1320">
                  <String HEIGHT="64"
                          WIDTH="76"
                          VPOS="1585"
                          HPOS="1307"
                          CONTENT="la"
                          SUBS_TYPE="HypPart2"
                          SUBS_CONTENT="illa"/>
                  <SP HEIGHT="64" WIDTH="13" VPOS="1585" HPOS="1383"/>
                  <String HEIGHT="64"
                          WIDTH="165"
                          VPOS="1585"
                          HPOS="1345"
                          CONTENT="potentia."/>
                  <SP HEIGHT="64" WIDTH="13" VPOS="1585" HPOS="1510"/>
                  <String HEIGHT="64"
                          WIDTH="114"
                          VPOS="1585"
                          HPOS="1472"
                          CONTENT="sicut"/>
                  <SP HEIGHT="64" WIDTH="13" VPOS="1585" HPOS="1587"/>
                  <String HEIGHT="64"
                          WIDTH="102"
                          VPOS="1585"
                          HPOS="1549"
                          CONTENT="omne"/>
                  <SP HEIGHT="64" WIDTH="13" VPOS="1585" HPOS="1650"/>
                  <String HEIGHT="64"
                          WIDTH="152"
                          VPOS="1585"
                          HPOS="1612"
                          CONTENT="visibile"/>
                  <SP HEIGHT="64" WIDTH="13" VPOS="1585" HPOS="1764"/>
                  <String HEIGHT="64"
                          WIDTH="89"
                          VPOS="1585"
                          HPOS="1726"
                          CONTENT="vel"/>
                  <SP HEIGHT="64" WIDTH="13" VPOS="1585" HPOS="1815"/>
                  <String HEIGHT="64"
                          WIDTH="89"
                          VPOS="1585"
                          HPOS="1777"
                          CONTENT="est"/>
                  <SP HEIGHT="64" WIDTH="13" VPOS="1585" HPOS="1866"/>
                  <String HEIGHT="64"
                          WIDTH="114"
                          VPOS="1585"
                          HPOS="1828"
                          CONTENT="color"/>
                  <SP HEIGHT="64" WIDTH="13" VPOS="1585" HPOS="1942"/>
                  <String HEIGHT="64"
                          WIDTH="89"
                          VPOS="1585"
                          HPOS="1904"
                          CONTENT="vel"/>
                  <SP HEIGHT="64" WIDTH="13" VPOS="1585" HPOS="1993"/>
                  <String HEIGHT="64"
                          WIDTH="89"
                          VPOS="1585"
                          HPOS="1942"
                          CONTENT="colo"
                          SUBS_TYPE="HypPart1"
                          SUBS_CONTENT="coloratum"/>
                  <HYP CONTENT="-"/>
               </TextLine>
               <TextLine ID="r3l36"
                         BASELINE="1693"
                         HEIGHT="64"
                         WIDTH="714"
                         VPOS="1629"
                         HPOS="1316">
                  <String HEIGHT="64"
                          WIDTH="129"
                          VPOS="1629"
                          HPOS="1302"
                          CONTENT="ratum"
                          SUBS_TYPE="HypPart2"
                          SUBS_CONTENT="coloratum"/>
                  <SP HEIGHT="64" WIDTH="14" VPOS="1629" HPOS="1430"/>
                  <String HEIGHT="64"
                          WIDTH="100"
                          VPOS="1629"
                          HPOS="1387"
                          CONTENT="vel"/>
                  <SP HEIGHT="64" WIDTH="14" VPOS="1629" HPOS="1487"/>
                  <String HEIGHT="64"
                          WIDTH="200"
                          VPOS="1629"
                          HPOS="1445"
                          CONTENT="coloratio."/>
                  <SP HEIGHT="64" WIDTH="14" VPOS="1629" HPOS="1644"/>
                  <String HEIGHT="64" WIDTH="86" VPOS="1629" HPOS="1602" CONTENT="si"/>
                  <SP HEIGHT="64" WIDTH="14" VPOS="1629" HPOS="1687"/>
                  <String HEIGHT="64"
                          WIDTH="129"
                          VPOS="1629"
                          HPOS="1644"
                          CONTENT="color"/>
                  <SP HEIGHT="64" WIDTH="14" VPOS="1629" HPOS="1773"/>
                  <String HEIGHT="64"
                          WIDTH="100"
                          VPOS="1629"
                          HPOS="1730"
                          CONTENT="sit"/>
                  <SP HEIGHT="64" WIDTH="14" VPOS="1629" HPOS="1830"/>
                  <String HEIGHT="64"
                          WIDTH="171"
                          VPOS="1629"
                          HPOS="1787"
                          CONTENT="obiectum"/>
                  <SP HEIGHT="64" WIDTH="14" VPOS="1629" HPOS="1959"/>
                  <String HEIGHT="64"
                          WIDTH="129"
                          VPOS="1629"
                          HPOS="1901"
                          CONTENT="adequa"
                          SUBS_TYPE="HypPart1"
                          SUBS_CONTENT="adequatum"/>
                  <HYP CONTENT="-"/>
               </TextLine>
               <TextLine ID="r3l37"
                         BASELINE="1732"
                         HEIGHT="67"
                         WIDTH="716"
                         VPOS="1665"
                         HPOS="1308">
                  <String HEIGHT="67"
                          WIDTH="95"
                          VPOS="1665"
                          HPOS="1294"
                          CONTENT="tum"
                          SUBS_TYPE="HypPart2"
                          SUBS_CONTENT="adequatum"/>
                  <SP HEIGHT="67" WIDTH="14" VPOS="1665" HPOS="1389"/>
                  <String HEIGHT="67"
                          WIDTH="135"
                          VPOS="1665"
                          HPOS="1349"
                          CONTENT="visus."/>
                  <SP HEIGHT="67" WIDTH="14" VPOS="1665" HPOS="1484"/>
                  <String HEIGHT="67"
                          WIDTH="95"
                          VPOS="1665"
                          HPOS="1443"
                          CONTENT="sed"/>
                  <SP HEIGHT="67" WIDTH="14" VPOS="1665" HPOS="1538"/>
                  <String HEIGHT="67"
                          WIDTH="135"
                          VPOS="1665"
                          HPOS="1497"
                          CONTENT="diuina"/>
                  <SP HEIGHT="67" WIDTH="14" VPOS="1665" HPOS="1632"/>
                  <String HEIGHT="67"
                          WIDTH="162"
                          VPOS="1665"
                          HPOS="1592"
                          CONTENT="essentia"/>
                  <SP HEIGHT="67" WIDTH="14" VPOS="1665" HPOS="1754"/>
                  <String HEIGHT="67"
                          WIDTH="95"
                          VPOS="1665"
                          HPOS="1713"
                          CONTENT="nec"/>
                  <SP HEIGHT="67" WIDTH="14" VPOS="1665" HPOS="1808"/>
                  <String HEIGHT="67" WIDTH="81" VPOS="1665" HPOS="1767" CONTENT="in"/>
                  <SP HEIGHT="67" WIDTH="14" VPOS="1665" HPOS="1848"/>
                  <String HEIGHT="67"
                          WIDTH="162"
                          VPOS="1665"
                          HPOS="1808"
                          CONTENT="concreto"/>
                  <SP HEIGHT="67" WIDTH="14" VPOS="1665" HPOS="1970"/>
                  <String HEIGHT="67"
                          WIDTH="95"
                          VPOS="1665"
                          HPOS="1929"
                          CONTENT="nec"/>
                  <SP HEIGHT="67" WIDTH="14" VPOS="1665" HPOS="2024"/>
                  <String HEIGHT="67" WIDTH="54" VPOS="1665" HPOS="1970" CONTENT="in"/>
               </TextLine>
               <TextLine ID="r3l38"
                         BASELINE="1778"
                         HEIGHT="64"
                         WIDTH="708"
                         VPOS="1714"
                         HPOS="1319">
                  <String HEIGHT="64"
                          WIDTH="170"
                          VPOS="1714"
                          HPOS="1306"
                          CONTENT="abstracto"/>
                  <SP HEIGHT="64" WIDTH="13" VPOS="1714" HPOS="1476"/>
                  <String HEIGHT="64"
                          WIDTH="197"
                          VPOS="1714"
                          HPOS="1437"
                          CONTENT="praedicatur"/>
                  <SP HEIGHT="64" WIDTH="13" VPOS="1714" HPOS="1634"/>
                  <String HEIGHT="64"
                          WIDTH="105"
                          VPOS="1714"
                          HPOS="1594"
                          CONTENT="vere"/>
                  <SP HEIGHT="64" WIDTH="13" VPOS="1714" HPOS="1699"/>
                  <String HEIGHT="64" WIDTH="79" VPOS="1714" HPOS="1660" CONTENT="de"/>
                  <SP HEIGHT="64" WIDTH="13" VPOS="1714" HPOS="1739"/>
                  <String HEIGHT="64"
                          WIDTH="105"
                          VPOS="1714"
                          HPOS="1699"
                          CONTENT="omni"/>
                  <SP HEIGHT="64" WIDTH="13" VPOS="1714" HPOS="1804"/>
                  <String HEIGHT="64"
                          WIDTH="223"
                          VPOS="1714"
                          HPOS="1765"
                          CONTENT="intelligibili"/>
                  <SP HEIGHT="64" WIDTH="13" VPOS="1714" HPOS="1988"/>
                  <String HEIGHT="64" WIDTH="79" VPOS="1714" HPOS="1948" CONTENT="ab"/>
                  <SP HEIGHT="64" WIDTH="13" VPOS="1714" HPOS="2027"/>
                  <String HEIGHT="64" WIDTH="52" VPOS="1714" HPOS="1975" CONTENT="in"/>
               </TextLine>
               <TextLine ID="r3l39"
                         BASELINE="1823"
                         HEIGHT="64"
                         WIDTH="716"
                         VPOS="1759"
                         HPOS="1314">
                  <String HEIGHT="64"
                          WIDTH="156"
                          VPOS="1759"
                          HPOS="1301"
                          CONTENT="tellectu"/>
                  <SP HEIGHT="64" WIDTH="13" VPOS="1759" HPOS="1457"/>
                  <String HEIGHT="64"
                          WIDTH="143"
                          VPOS="1759"
                          HPOS="1418"
                          CONTENT="diuino."/>
                  <SP HEIGHT="64" WIDTH="13" VPOS="1759" HPOS="1561"/>
                  <String HEIGHT="64"
                          WIDTH="104"
                          VPOS="1759"
                          HPOS="1522"
                          CONTENT="ergo"/>
                  <SP HEIGHT="64" WIDTH="13" VPOS="1759" HPOS="1626"/>
                  <String HEIGHT="64"
                          WIDTH="91"
                          VPOS="1759"
                          HPOS="1587"
                          CONTENT="non"/>
                  <SP HEIGHT="64" WIDTH="13" VPOS="1759" HPOS="1679"/>
                  <String HEIGHT="64"
                          WIDTH="91"
                          VPOS="1759"
                          HPOS="1639"
                          CONTENT="est"/>
                  <SP HEIGHT="64" WIDTH="13" VPOS="1759" HPOS="1731"/>
                  <String HEIGHT="64"
                          WIDTH="156"
                          VPOS="1759"
                          HPOS="1692"
                          CONTENT="obiectum"/>
                  <SP HEIGHT="64" WIDTH="13" VPOS="1759" HPOS="1848"/>
                  <String HEIGHT="64"
                          WIDTH="169"
                          VPOS="1759"
                          HPOS="1809"
                          CONTENT="adequatum"/>
                  <SP HEIGHT="64" WIDTH="13" VPOS="1759" HPOS="1978"/>
                  <String HEIGHT="64" WIDTH="78" VPOS="1759" HPOS="1939" CONTENT="et"/>
                  <SP HEIGHT="64" WIDTH="13" VPOS="1759" HPOS="2017"/>
                  <String HEIGHT="64"
                          WIDTH="65"
                          VPOS="1759"
                          HPOS="1965"
                          CONTENT="pri"/>
               </TextLine>
               <TextLine ID="r3l40"
                         BASELINE="1864"
                         HEIGHT="64"
                         WIDTH="706"
                         VPOS="1800"
                         HPOS="1317">
                  <String HEIGHT="64"
                          WIDTH="85"
                          VPOS="1800"
                          HPOS="1305"
                          CONTENT="mum"/>
                  <SP HEIGHT="64" WIDTH="12" VPOS="1800" HPOS="1390"/>
                  <String HEIGHT="64"
                          WIDTH="97"
                          VPOS="1800"
                          HPOS="1354"
                          CONTENT="tali"/>
                  <SP HEIGHT="64" WIDTH="12" VPOS="1800" HPOS="1451"/>
                  <String HEIGHT="64"
                          WIDTH="170"
                          VPOS="1800"
                          HPOS="1414"
                          CONTENT="primitate."/>
                  <SP HEIGHT="64" WIDTH="12" VPOS="1800" HPOS="1585"/>
                  <String HEIGHT="64"
                          WIDTH="110"
                          VPOS="1800"
                          HPOS="1548"
                          CONTENT="maior"/>
                  <SP HEIGHT="64" WIDTH="12" VPOS="1800" HPOS="1658"/>
                  <String HEIGHT="64"
                          WIDTH="110"
                          VPOS="1800"
                          HPOS="1621"
                          CONTENT="patet"/>
                  <SP HEIGHT="64" WIDTH="12" VPOS="1800" HPOS="1731"/>
                  <String HEIGHT="64"
                          WIDTH="170"
                          VPOS="1800"
                          HPOS="1694"
                          CONTENT="inductiue."/>
                  <SP HEIGHT="64" WIDTH="12" VPOS="1800" HPOS="1865"/>
                  <String HEIGHT="64"
                          WIDTH="97"
                          VPOS="1800"
                          HPOS="1828"
                          CONTENT="quia"/>
                  <SP HEIGHT="64" WIDTH="12" VPOS="1800" HPOS="1926"/>
                  <String HEIGHT="64"
                          WIDTH="122"
                          VPOS="1800"
                          HPOS="1889"
                          CONTENT="semper"/>
                  <SP HEIGHT="64" WIDTH="12" VPOS="1800" HPOS="2011"/>
                  <String HEIGHT="64"
                          WIDTH="61"
                          VPOS="1800"
                          HPOS="1962"
                          CONTENT="sub"/>
               </TextLine>
               <TextLine ID="r3l41"
                         BASELINE="1906"
                         HEIGHT="66"
                         WIDTH="712"
                         VPOS="1840"
                         HPOS="1323">
                  <String HEIGHT="66"
                          WIDTH="129"
                          VPOS="1840"
                          HPOS="1310"
                          CONTENT="iectum"/>
                  <SP HEIGHT="66" WIDTH="13" VPOS="1840" HPOS="1440"/>
                  <String HEIGHT="66"
                          WIDTH="129"
                          VPOS="1840"
                          HPOS="1401"
                          CONTENT="primum"/>
                  <SP HEIGHT="66" WIDTH="13" VPOS="1840" HPOS="1530"/>
                  <String HEIGHT="66" WIDTH="78" VPOS="1840" HPOS="1491" CONTENT="et"/>
                  <SP HEIGHT="66" WIDTH="13" VPOS="1840" HPOS="1569"/>
                  <String HEIGHT="66"
                          WIDTH="168"
                          VPOS="1840"
                          HPOS="1530"
                          CONTENT="adequatum"/>
                  <SP HEIGHT="66" WIDTH="13" VPOS="1840" HPOS="1698"/>
                  <String HEIGHT="66" WIDTH="78" VPOS="1840" HPOS="1660" CONTENT="et"/>
                  <SP HEIGHT="66" WIDTH="13" VPOS="1840" HPOS="1737"/>
                  <String HEIGHT="66"
                          WIDTH="194"
                          VPOS="1840"
                          HPOS="1698"
                          CONTENT="praedicatum"/>
                  <SP HEIGHT="66" WIDTH="13" VPOS="1840" HPOS="1893"/>
                  <String HEIGHT="66"
                          WIDTH="104"
                          VPOS="1840"
                          HPOS="1854"
                          CONTENT="sunt"/>
                  <SP HEIGHT="66" WIDTH="13" VPOS="1840" HPOS="1957"/>
                  <String HEIGHT="66"
                          WIDTH="129"
                          VPOS="1840"
                          HPOS="1906"
                          CONTENT="conuerti"/>
               </TextLine>
               <TextLine ID="r3l42"
                         BASELINE="1955"
                         HEIGHT="66"
                         WIDTH="714"
                         VPOS="1889"
                         HPOS="1317">
                  <String HEIGHT="66"
                          WIDTH="125"
                          VPOS="1889"
                          HPOS="1304"
                          CONTENT="bilia."/>
                  <SP HEIGHT="66" WIDTH="13" VPOS="1889" HPOS="1430"/>
                  <String HEIGHT="66" WIDTH="75" VPOS="1889" HPOS="1392" CONTENT="et"/>
                  <SP HEIGHT="66" WIDTH="13" VPOS="1889" HPOS="1467"/>
                  <String HEIGHT="66" WIDTH="75" VPOS="1889" HPOS="1430" CONTENT="de"/>
                  <SP HEIGHT="66" WIDTH="13" VPOS="1889" HPOS="1505"/>
                  <String HEIGHT="66"
                          WIDTH="163"
                          VPOS="1889"
                          HPOS="1467"
                          CONTENT="quocumque"/>
                  <SP HEIGHT="66" WIDTH="13" VPOS="1889" HPOS="1630"/>
                  <String HEIGHT="66"
                          WIDTH="188"
                          VPOS="1889"
                          HPOS="1593"
                          CONTENT="praedicatur"/>
                  <SP HEIGHT="66" WIDTH="13" VPOS="1889" HPOS="1780"/>
                  <String HEIGHT="66"
                          WIDTH="100"
                          VPOS="1889"
                          HPOS="1743"
                          CONTENT="vnum"/>
                  <SP HEIGHT="66" WIDTH="13" VPOS="1889" HPOS="1843"/>
                  <String HEIGHT="66"
                          WIDTH="225"
                          VPOS="1889"
                          HPOS="1806"
                          CONTENT="conuertibilium"/>
                  <SP HEIGHT="66" WIDTH="13" VPOS="1889" HPOS="2031"/>
                  <String HEIGHT="66" WIDTH="50" VPOS="1889" HPOS="1981" CONTENT="et"/>
               </TextLine>
               <TextLine ID="r3l43"
                         BASELINE="1995"
                         HEIGHT="65"
                         WIDTH="706"
                         VPOS="1930"
                         HPOS="1321">
                  <String HEIGHT="65"
                          WIDTH="161"
                          VPOS="1930"
                          HPOS="1309"
                          CONTENT="reliquum."/>
                  <SP HEIGHT="65" WIDTH="12" VPOS="1930" HPOS="1470"/>
                  <String HEIGHT="65"
                          WIDTH="111"
                          VPOS="1930"
                          HPOS="1432"
                          CONTENT="Patet"/>
                  <SP HEIGHT="65" WIDTH="12" VPOS="1930" HPOS="1544"/>
                  <String HEIGHT="65"
                          WIDTH="111"
                          VPOS="1930"
                          HPOS="1507"
                          CONTENT="etiam"/>
                  <SP HEIGHT="65" WIDTH="12" VPOS="1930" HPOS="1618"/>
                  <String HEIGHT="65"
                          WIDTH="99"
                          VPOS="1930"
                          HPOS="1581"
                          CONTENT="quod"/>
                  <SP HEIGHT="65" WIDTH="12" VPOS="1930" HPOS="1680"/>
                  <String HEIGHT="65"
                          WIDTH="161"
                          VPOS="1930"
                          HPOS="1643"
                          CONTENT="coloratum"/>
                  <SP HEIGHT="65" WIDTH="12" VPOS="1930" HPOS="1804"/>
                  <String HEIGHT="65"
                          WIDTH="186"
                          VPOS="1930"
                          HPOS="1767"
                          CONTENT="praedicatur"/>
                  <SP HEIGHT="65" WIDTH="12" VPOS="1930" HPOS="1953"/>
                  <String HEIGHT="65" WIDTH="74" VPOS="1930" HPOS="1916" CONTENT="de"/>
                  <SP HEIGHT="65" WIDTH="12" VPOS="1930" HPOS="1990"/>
                  <String HEIGHT="65"
                          WIDTH="87"
                          VPOS="1930"
                          HPOS="1940"
                          CONTENT="appre"/>
               </TextLine>
               <TextLine ID="r3l44"
                         BASELINE="2038"
                         HEIGHT="60"
                         WIDTH="708"
                         VPOS="1978"
                         HPOS="1322">
                  <String HEIGHT="60"
                          WIDTH="110"
                          VPOS="1978"
                          HPOS="1310"
                          CONTENT="henso"/>
                  <SP HEIGHT="60" WIDTH="12" VPOS="1978" HPOS="1420"/>
                  <String HEIGHT="60"
                          WIDTH="85"
                          VPOS="1978"
                          HPOS="1383"
                          CONTENT="per"/>
                  <SP HEIGHT="60" WIDTH="12" VPOS="1978" HPOS="1468"/>
                  <String HEIGHT="60"
                          WIDTH="159"
                          VPOS="1978"
                          HPOS="1432"
                          CONTENT="accidens."/>
                  <SP HEIGHT="60" WIDTH="12" VPOS="1978" HPOS="1591"/>
                  <String HEIGHT="60"
                          WIDTH="98"
                          VPOS="1978"
                          HPOS="1554"
                          CONTENT="ergo"/>
                  <SP HEIGHT="60" WIDTH="12" VPOS="1978" HPOS="1652"/>
                  <String HEIGHT="60"
                          WIDTH="195"
                          VPOS="1978"
                          HPOS="1615"
                          CONTENT="multofortius"/>
                  <SP HEIGHT="60" WIDTH="12" VPOS="1978" HPOS="1810"/>
                  <String HEIGHT="60" WIDTH="73" VPOS="1978" HPOS="1774" CONTENT="de"/>
                  <SP HEIGHT="60" WIDTH="12" VPOS="1978" HPOS="1847"/>
                  <String HEIGHT="60"
                          WIDTH="171"
                          VPOS="1978"
                          HPOS="1810"
                          CONTENT="apprehenso"/>
                  <SP HEIGHT="60" WIDTH="12" VPOS="1978" HPOS="1981"/>
                  <String HEIGHT="60"
                          WIDTH="85"
                          VPOS="1978"
                          HPOS="1945"
                          CONTENT="per"/>
                  <SP HEIGHT="60" WIDTH="12" VPOS="1978" HPOS="2030"/>
                  <String HEIGHT="60" WIDTH="49" VPOS="1978" HPOS="1981" CONTENT="se"/>
               </TextLine>
               <TextLine ID="r3l45"
                         BASELINE="2086"
                         HEIGHT="59"
                         WIDTH="704"
                         VPOS="2027"
                         HPOS="1323">
                  <String HEIGHT="59" WIDTH="68" VPOS="2027" HPOS="1312" CONTENT="et"/>
                  <SP HEIGHT="59" WIDTH="11" VPOS="2027" HPOS="1380"/>
                  <String HEIGHT="59"
                          WIDTH="79"
                          VPOS="2027"
                          HPOS="1346"
                          CONTENT="non"/>
                  <SP HEIGHT="59" WIDTH="11" VPOS="2027" HPOS="1425"/>
                  <String HEIGHT="59"
                          WIDTH="114"
                          VPOS="2027"
                          HPOS="1391"
                          CONTENT="tantum"/>
                  <SP HEIGHT="59" WIDTH="11" VPOS="2027" HPOS="1505"/>
                  <String HEIGHT="59"
                          WIDTH="79"
                          VPOS="2027"
                          HPOS="1471"
                          CONTENT="per"/>
                  <SP HEIGHT="59" WIDTH="11" VPOS="2027" HPOS="1550"/>
                  <String HEIGHT="59"
                          WIDTH="136"
                          VPOS="2027"
                          HPOS="1516"
                          CONTENT="accidens"/>
                  <SP HEIGHT="59" WIDTH="11" VPOS="2027" HPOS="1652"/>
                  <String HEIGHT="59"
                          WIDTH="182"
                          VPOS="2027"
                          HPOS="1618"
                          CONTENT="praedicatur."/>
                  <SP HEIGHT="59" WIDTH="11" VPOS="2027" HPOS="1800"/>
                  <String HEIGHT="59"
                          WIDTH="102"
                          VPOS="2027"
                          HPOS="1766"
                          CONTENT="minor"/>
                  <SP HEIGHT="59" WIDTH="11" VPOS="2027" HPOS="1868"/>
                  <String HEIGHT="59"
                          WIDTH="114"
                          VPOS="2027"
                          HPOS="1834"
                          CONTENT="patet."/>
                  <SP HEIGHT="59" WIDTH="11" VPOS="2027" HPOS="1948"/>
                  <String HEIGHT="59"
                          WIDTH="91"
                          VPOS="2027"
                          HPOS="1913"
                          CONTENT="quia"/>
                  <SP HEIGHT="59" WIDTH="11" VPOS="2027" HPOS="2004"/>
                  <String HEIGHT="59"
                          WIDTH="68"
                          VPOS="2027"
                          HPOS="1959"
                          CONTENT="vtra"/>
               </TextLine>
               <TextLine ID="r3l46"
                         BASELINE="2135"
                         HEIGHT="66"
                         WIDTH="717"
                         VPOS="2069"
                         HPOS="1320">
                  <String HEIGHT="66"
                          WIDTH="81"
                          VPOS="2069"
                          HPOS="1308"
                          CONTENT="que"/>
                  <SP HEIGHT="66" WIDTH="12" VPOS="2069" HPOS="1389"/>
                  <String HEIGHT="66"
                          WIDTH="127"
                          VPOS="2069"
                          HPOS="1355"
                          CONTENT="istarum"/>
                  <SP HEIGHT="66" WIDTH="12" VPOS="2069" HPOS="1482"/>
                  <String HEIGHT="66"
                          WIDTH="81"
                          VPOS="2069"
                          HPOS="1447"
                          CONTENT="est"/>
                  <SP HEIGHT="66" WIDTH="12" VPOS="2069" HPOS="1528"/>
                  <String HEIGHT="66"
                          WIDTH="116"
                          VPOS="2069"
                          HPOS="1493"
                          CONTENT="falsa."/>
                  <SP HEIGHT="66" WIDTH="12" VPOS="2069" HPOS="1609"/>
                  <String HEIGHT="66"
                          WIDTH="93"
                          VPOS="2069"
                          HPOS="1574"
                          CONTENT="homo"/>
                  <SP HEIGHT="66" WIDTH="12" VPOS="2069" HPOS="1667"/>
                  <String HEIGHT="66"
                          WIDTH="81"
                          VPOS="2069"
                          HPOS="1632"
                          CONTENT="est"/>
                  <SP HEIGHT="66" WIDTH="12" VPOS="2069" HPOS="1713"/>
                  <String HEIGHT="66"
                          WIDTH="116"
                          VPOS="2069"
                          HPOS="1679"
                          CONTENT="diuina"/>
                  <SP HEIGHT="66" WIDTH="12" VPOS="2069" HPOS="1794"/>
                  <String HEIGHT="66"
                          WIDTH="150"
                          VPOS="2069"
                          HPOS="1759"
                          CONTENT="essentia."/>
                  <SP HEIGHT="66" WIDTH="12" VPOS="2069" HPOS="1910"/>
                  <String HEIGHT="66"
                          WIDTH="93"
                          VPOS="2069"
                          HPOS="1875"
                          CONTENT="homo"/>
                  <SP HEIGHT="66" WIDTH="12" VPOS="2069" HPOS="1968"/>
                  <String HEIGHT="66"
                          WIDTH="81"
                          VPOS="2069"
                          HPOS="1933"
                          CONTENT="est"/>
                  <SP HEIGHT="66" WIDTH="12" VPOS="2069" HPOS="2014"/>
                  <String HEIGHT="66"
                          WIDTH="69"
                          VPOS="2069"
                          HPOS="1968"
                          CONTENT="deus"/>
               </TextLine>
               <TextLine ID="r3l47"
                         BASELINE="2171"
                         HEIGHT="66"
                         WIDTH="707"
                         VPOS="2105"
                         HPOS="1327">
                  <String HEIGHT="66" WIDTH="85" VPOS="2105" HPOS="1313" CONTENT="et"/>
                  <SP HEIGHT="66" WIDTH="14" VPOS="2105" HPOS="1398"/>
                  <String HEIGHT="66"
                          WIDTH="127"
                          VPOS="2105"
                          HPOS="1355"
                          CONTENT="tamen"/>
                  <SP HEIGHT="66" WIDTH="14" VPOS="2105" HPOS="1483"/>
                  <String HEIGHT="66"
                          WIDTH="113"
                          VPOS="2105"
                          HPOS="1440"
                          CONTENT="homo"/>
                  <SP HEIGHT="66" WIDTH="14" VPOS="2105" HPOS="1553"/>
                  <String HEIGHT="66"
                          WIDTH="212"
                          VPOS="2105"
                          HPOS="1511"
                          CONTENT="apphenditur"/>
                  <SP HEIGHT="66" WIDTH="14" VPOS="2105" HPOS="1723"/>
                  <String HEIGHT="66" WIDTH="85" VPOS="2105" HPOS="1681" CONTENT="ab"/>
                  <SP HEIGHT="66" WIDTH="14" VPOS="2105" HPOS="1765"/>
                  <String HEIGHT="66"
                          WIDTH="198"
                          VPOS="2105"
                          HPOS="1723"
                          CONTENT="intellectu"/>
                  <SP HEIGHT="66" WIDTH="14" VPOS="2105" HPOS="1921"/>
                  <String HEIGHT="66"
                          WIDTH="156"
                          VPOS="2105"
                          HPOS="1878"
                          CONTENT="diuino."/>
                  <SP HEIGHT="66" WIDTH="14" VPOS="2105" HPOS="2034"/>
                  <String HEIGHT="66" WIDTH="57" VPOS="2105" HPOS="1977" CONTENT="Et"/>
               </TextLine>
               <TextLine ID="r3l48"
                         BASELINE="2218"
                         HEIGHT="59"
                         WIDTH="709"
                         VPOS="2159"
                         HPOS="1332">
                  <String HEIGHT="59" WIDTH="71" VPOS="2159" HPOS="1320" CONTENT="si"/>
                  <SP HEIGHT="59" WIDTH="12" VPOS="2159" HPOS="1391"/>
                  <String HEIGHT="59"
                          WIDTH="130"
                          VPOS="2159"
                          HPOS="1356"
                          CONTENT="dicatur"/>
                  <SP HEIGHT="59" WIDTH="12" VPOS="2159" HPOS="1486"/>
                  <String HEIGHT="59"
                          WIDTH="95"
                          VPOS="2159"
                          HPOS="1450"
                          CONTENT="quod"/>
                  <SP HEIGHT="59" WIDTH="12" VPOS="2159" HPOS="1545"/>
                  <String HEIGHT="59"
                          WIDTH="83"
                          VPOS="2159"
                          HPOS="1509"
                          CONTENT="non"/>
                  <SP HEIGHT="59" WIDTH="12" VPOS="2159" HPOS="1592"/>
                  <String HEIGHT="59"
                          WIDTH="177"
                          VPOS="2159"
                          HPOS="1557"
                          CONTENT="apphenditur"/>
                  <SP HEIGHT="59" WIDTH="12" VPOS="2159" HPOS="1734"/>
                  <String HEIGHT="59"
                          WIDTH="83"
                          VPOS="2159"
                          HPOS="1698"
                          CONTENT="per"/>
                  <SP HEIGHT="59" WIDTH="12" VPOS="2159" HPOS="1781"/>
                  <String HEIGHT="59" WIDTH="71" VPOS="2159" HPOS="1746" CONTENT="se"/>
                  <SP HEIGHT="59" WIDTH="12" VPOS="2159" HPOS="1816"/>
                  <String HEIGHT="59"
                          WIDTH="83"
                          VPOS="2159"
                          HPOS="1781"
                          CONTENT="sed"/>
                  <SP HEIGHT="59" WIDTH="12" VPOS="2159" HPOS="1864"/>
                  <String HEIGHT="59"
                          WIDTH="83"
                          VPOS="2159"
                          HPOS="1828"
                          CONTENT="per"/>
                  <SP HEIGHT="59" WIDTH="12" VPOS="2159" HPOS="1911"/>
                  <String HEIGHT="59"
                          WIDTH="118"
                          VPOS="2159"
                          HPOS="1876"
                          CONTENT="aliud."/>
                  <SP HEIGHT="59" WIDTH="12" VPOS="2159" HPOS="1994"/>
                  <String HEIGHT="59"
                          WIDTH="95"
                          VPOS="2159"
                          HPOS="1946"
                          CONTENT="Contra"/>
               </TextLine>
               <TextLine ID="r3l49"
                         BASELINE="2272"
                         HEIGHT="68"
                         WIDTH="709"
                         VPOS="2204"
                         HPOS="1323">
                  <String HEIGHT="68"
                          WIDTH="84"
                          VPOS="2204"
                          HPOS="1311"
                          CONTENT="aut"/>
                  <SP HEIGHT="68" WIDTH="12" VPOS="2204" HPOS="1395"/>
                  <String HEIGHT="68"
                          WIDTH="84"
                          VPOS="2204"
                          HPOS="1359"
                          CONTENT="non"/>
                  <SP HEIGHT="68" WIDTH="12" VPOS="2204" HPOS="1443"/>
                  <String HEIGHT="68"
                          WIDTH="180"
                          VPOS="2204"
                          HPOS="1407"
                          CONTENT="apphenditur"/>
                  <SP HEIGHT="68" WIDTH="12" VPOS="2204" HPOS="1587"/>
                  <String HEIGHT="68"
                          WIDTH="84"
                          VPOS="2204"
                          HPOS="1551"
                          CONTENT="per"/>
                  <SP HEIGHT="68" WIDTH="12" VPOS="2204" HPOS="1635"/>
                  <String HEIGHT="68"
                          WIDTH="84"
                          VPOS="2204"
                          HPOS="1599"
                          CONTENT="se."/>
                  <SP HEIGHT="68" WIDTH="12" VPOS="2204" HPOS="1684"/>
                  <String HEIGHT="68"
                          WIDTH="96"
                          VPOS="2204"
                          HPOS="1647"
                          CONTENT="quia"/>
                  <SP HEIGHT="68" WIDTH="12" VPOS="2204" HPOS="1744"/>
                  <String HEIGHT="68"
                          WIDTH="120"
                          VPOS="2204"
                          HPOS="1708"
                          CONTENT="tantum"/>
                  <SP HEIGHT="68" WIDTH="12" VPOS="2204" HPOS="1828"/>
                  <String HEIGHT="68"
                          WIDTH="180"
                          VPOS="2204"
                          HPOS="1792"
                          CONTENT="apphenditur"/>
                  <SP HEIGHT="68" WIDTH="12" VPOS="2204" HPOS="1972"/>
                  <String HEIGHT="68"
                          WIDTH="84"
                          VPOS="2204"
                          HPOS="1936"
                          CONTENT="per"/>
                  <SP HEIGHT="68" WIDTH="12" VPOS="2204" HPOS="2020"/>
                  <String HEIGHT="68"
                          WIDTH="60"
                          VPOS="2204"
                          HPOS="1972"
                          CONTENT="ac"
                          SUBS_TYPE="HypPart1"
                          SUBS_CONTENT="accidens."/>
                  <HYP CONTENT="-"/>
               </TextLine>
               <TextLine ID="r3l50"
                         BASELINE="2302"
                         HEIGHT="53"
                         WIDTH="709"
                         VPOS="2249"
                         HPOS="1327">
                  <String HEIGHT="53"
                          WIDTH="147"
                          VPOS="2249"
                          HPOS="1314"
                          CONTENT="cidens."
                          SUBS_TYPE="HypPart2"
                          SUBS_CONTENT="accidens."/>
                  <SP HEIGHT="53" WIDTH="13" VPOS="2249" HPOS="1461"/>
                  <String HEIGHT="53"
                          WIDTH="94"
                          VPOS="2249"
                          HPOS="1421"
                          CONTENT="aut"/>
                  <SP HEIGHT="53" WIDTH="13" VPOS="2249" HPOS="1514"/>
                  <String HEIGHT="53"
                          WIDTH="107"
                          VPOS="2249"
                          HPOS="1474"
                          CONTENT="quia"/>
                  <SP HEIGHT="53" WIDTH="13" VPOS="2249" HPOS="1581"/>
                  <String HEIGHT="53"
                          WIDTH="94"
                          VPOS="2249"
                          HPOS="1541"
                          CONTENT="non"/>
                  <SP HEIGHT="53" WIDTH="13" VPOS="2249" HPOS="1635"/>
                  <String HEIGHT="53"
                          WIDTH="227"
                          VPOS="2249"
                          HPOS="1595"
                          CONTENT="apprehenditur"/>
                  <SP HEIGHT="53" WIDTH="13" VPOS="2249" HPOS="1822"/>
                  <String HEIGHT="53"
                          WIDTH="94"
                          VPOS="2249"
                          HPOS="1782"
                          CONTENT="sub"/>
                  <SP HEIGHT="53" WIDTH="13" VPOS="2249" HPOS="1875"/>
                  <String HEIGHT="53"
                          WIDTH="147"
                          VPOS="2249"
                          HPOS="1835"
                          CONTENT="obiecto"/>
                  <SP HEIGHT="53" WIDTH="13" VPOS="2249" HPOS="1982"/>
                  <String HEIGHT="53"
                          WIDTH="107"
                          VPOS="2249"
                          HPOS="1929"
                          CONTENT="primo."/>
               </TextLine>
               <TextLine ID="r3l51"
                         BASELINE="2345"
                         HEIGHT="59"
                         WIDTH="703"
                         VPOS="2286"
                         HPOS="1324">
                  <String HEIGHT="59" WIDTH="67" VPOS="2286" HPOS="1313" CONTENT="si"/>
                  <SP HEIGHT="59" WIDTH="11" VPOS="2286" HPOS="1380"/>
                  <String HEIGHT="59"
                          WIDTH="112"
                          VPOS="2286"
                          HPOS="1346"
                          CONTENT="primum"/>
                  <SP HEIGHT="59" WIDTH="11" VPOS="2286" HPOS="1458"/>
                  <String HEIGHT="59"
                          WIDTH="112"
                          VPOS="2286"
                          HPOS="1424"
                          CONTENT="detur."/>
                  <SP HEIGHT="59" WIDTH="11" VPOS="2286" HPOS="1536"/>
                  <String HEIGHT="59"
                          WIDTH="89"
                          VPOS="2286"
                          HPOS="1503"
                          CONTENT="ergo"/>
                  <SP HEIGHT="59" WIDTH="11" VPOS="2286" HPOS="1592"/>
                  <String HEIGHT="59"
                          WIDTH="78"
                          VPOS="2286"
                          HPOS="1558"
                          CONTENT="non"/>
                  <SP HEIGHT="59" WIDTH="11" VPOS="2286" HPOS="1636"/>
                  <String HEIGHT="59"
                          WIDTH="89"
                          VPOS="2286"
                          HPOS="1603"
                          CONTENT="plus"/>
                  <SP HEIGHT="59" WIDTH="11" VPOS="2286" HPOS="1692"/>
                  <String HEIGHT="59"
                          WIDTH="201"
                          VPOS="2286"
                          HPOS="1659"
                          CONTENT="apprehenduntur"/>
                  <SP HEIGHT="59" WIDTH="11" VPOS="2286" HPOS="1860"/>
                  <String HEIGHT="59"
                          WIDTH="112"
                          VPOS="2286"
                          HPOS="1826"
                          CONTENT="creata"/>
                  <SP HEIGHT="59" WIDTH="11" VPOS="2286" HPOS="1938"/>
                  <String HEIGHT="59" WIDTH="56" VPOS="2286" HPOS="1904" CONTENT="a"/>
                  <SP HEIGHT="59" WIDTH="11" VPOS="2286" HPOS="1960"/>
                  <String HEIGHT="59"
                          WIDTH="78"
                          VPOS="2286"
                          HPOS="1927"
                          CONTENT="deo"/>
                  <SP HEIGHT="59" WIDTH="11" VPOS="2286" HPOS="2005"/>
                  <String HEIGHT="59"
                          WIDTH="67"
                          VPOS="2286"
                          HPOS="1960"
                          CONTENT="quam"/>
               </TextLine>
               <TextLine ID="r3l52"
                         BASELINE="2391"
                         HEIGHT="64"
                         WIDTH="709"
                         VPOS="2327"
                         HPOS="1324">
                  <String HEIGHT="64"
                          WIDTH="108"
                          VPOS="2327"
                          HPOS="1312"
                          CONTENT="anima"/>
                  <SP HEIGHT="64" WIDTH="12" VPOS="2327" HPOS="1420"/>
                  <String HEIGHT="64"
                          WIDTH="192"
                          VPOS="2327"
                          HPOS="1384"
                          CONTENT="appreheditur"/>
                  <SP HEIGHT="64" WIDTH="12" VPOS="2327" HPOS="1576"/>
                  <String HEIGHT="64" WIDTH="60" VPOS="2327" HPOS="1540" CONTENT="a"/>
                  <SP HEIGHT="64" WIDTH="12" VPOS="2327" HPOS="1600"/>
                  <String HEIGHT="64"
                          WIDTH="96"
                          VPOS="2327"
                          HPOS="1564"
                          CONTENT="visu"/>
                  <SP HEIGHT="64" WIDTH="12" VPOS="2327" HPOS="1660"/>
                  <String HEIGHT="64"
                          WIDTH="168"
                          VPOS="2327"
                          HPOS="1624"
                          CONTENT="corporali."/>
                  <SP HEIGHT="64" WIDTH="12" VPOS="2327" HPOS="1793"/>
                  <String HEIGHT="64"
                          WIDTH="96"
                          VPOS="2327"
                          HPOS="1757"
                          CONTENT="quod"/>
                  <SP HEIGHT="64" WIDTH="12" VPOS="2327" HPOS="1853"/>
                  <String HEIGHT="64"
                          WIDTH="84"
                          VPOS="2327"
                          HPOS="1817"
                          CONTENT="est"/>
                  <SP HEIGHT="64" WIDTH="12" VPOS="2327" HPOS="1901"/>
                  <String HEIGHT="64"
                          WIDTH="180"
                          VPOS="2327"
                          HPOS="1853"
                          CONTENT="inconueniens."/>
               </TextLine>
               <TextLine ID="r3l53"
                         BASELINE="2435"
                         HEIGHT="65"
                         WIDTH="713"
                         VPOS="2370"
                         HPOS="1329">
                  <String HEIGHT="65" WIDTH="76" VPOS="2370" HPOS="1316" CONTENT="Si"/>
                  <SP HEIGHT="65" WIDTH="13" VPOS="2370" HPOS="1393"/>
                  <String HEIGHT="65"
                          WIDTH="115"
                          VPOS="2370"
                          HPOS="1354"
                          CONTENT="detur"/>
                  <SP HEIGHT="65" WIDTH="13" VPOS="2370" HPOS="1469"/>
                  <String HEIGHT="65"
                          WIDTH="166"
                          VPOS="2370"
                          HPOS="1431"
                          CONTENT="secundum."/>
                  <SP HEIGHT="65" WIDTH="13" VPOS="2370" HPOS="1596"/>
                  <String HEIGHT="65"
                          WIDTH="140"
                          VPOS="2370"
                          HPOS="1558"
                          CONTENT="Contra."/>
                  <SP HEIGHT="65" WIDTH="13" VPOS="2370" HPOS="1698"/>
                  <String HEIGHT="65"
                          WIDTH="89"
                          VPOS="2370"
                          HPOS="1660"
                          CONTENT="ita"/>
                  <SP HEIGHT="65" WIDTH="13" VPOS="2370" HPOS="1749"/>
                  <String HEIGHT="65"
                          WIDTH="153"
                          VPOS="2370"
                          HPOS="1711"
                          CONTENT="perfecte"/>
                  <SP HEIGHT="65" WIDTH="13" VPOS="2370" HPOS="1864"/>
                  <String HEIGHT="65" WIDTH="76" VPOS="2370" HPOS="1826" CONTENT="et"/>
                  <SP HEIGHT="65" WIDTH="13" VPOS="2370" HPOS="1902"/>
                  <String HEIGHT="65"
                          WIDTH="89"
                          VPOS="2370"
                          HPOS="1864"
                          CONTENT="ita"/>
                  <SP HEIGHT="65" WIDTH="13" VPOS="2370" HPOS="1953"/>
                  <String HEIGHT="65"
                          WIDTH="140"
                          VPOS="2370"
                          HPOS="1902"
                          CONTENT="distincte"/>
               </TextLine>
               <TextLine ID="r3l54"
                         BASELINE="2478"
                         HEIGHT="67"
                         WIDTH="706"
                         VPOS="2411"
                         HPOS="1329">
                  <String HEIGHT="67"
                          WIDTH="202"
                          VPOS="2411"
                          HPOS="1316"
                          CONTENT="appreheditur"/>
                  <SP HEIGHT="67" WIDTH="13" VPOS="2411" HPOS="1518"/>
                  <String HEIGHT="67" WIDTH="76" VPOS="2411" HPOS="1480" CONTENT="ab"/>
                  <SP HEIGHT="67" WIDTH="13" VPOS="2411" HPOS="1556"/>
                  <String HEIGHT="67"
                          WIDTH="177"
                          VPOS="2411"
                          HPOS="1518"
                          CONTENT="intellectu"/>
                  <SP HEIGHT="67" WIDTH="13" VPOS="2411" HPOS="1695"/>
                  <String HEIGHT="67"
                          WIDTH="126"
                          VPOS="2411"
                          HPOS="1657"
                          CONTENT="diuino"/>
                  <SP HEIGHT="67" WIDTH="13" VPOS="2411" HPOS="1783"/>
                  <String HEIGHT="67"
                          WIDTH="113"
                          VPOS="2411"
                          HPOS="1745"
                          CONTENT="sicut"/>
                  <SP HEIGHT="67" WIDTH="13" VPOS="2411" HPOS="1859"/>
                  <String HEIGHT="67"
                          WIDTH="202"
                          VPOS="2411"
                          HPOS="1821"
                          CONTENT="appreheditur"/>
                  <SP HEIGHT="67" WIDTH="13" VPOS="2411" HPOS="2022"/>
                  <String HEIGHT="67"
                          WIDTH="63"
                          VPOS="2411"
                          HPOS="1972"
                          CONTENT="al"
                          SUBS_TYPE="HypPart1"
                          SUBS_CONTENT="albedo"/>
                  <HYP CONTENT="-"/>
               </TextLine>
               <TextLine ID="r3l55"
                         BASELINE="2525"
                         HEIGHT="70"
                         WIDTH="726"
                         VPOS="2455"
                         HPOS="1322">
                  <String HEIGHT="70"
                          WIDTH="92"
                          VPOS="2455"
                          HPOS="1310"
                          CONTENT="bedo"
                          SUBS_TYPE="HypPart2"
                          SUBS_CONTENT="albedo"/>
                  <SP HEIGHT="70" WIDTH="12" VPOS="2455" HPOS="1403"/>
                  <String HEIGHT="70" WIDTH="58" VPOS="2455" HPOS="1368" CONTENT="a"/>
                  <SP HEIGHT="70" WIDTH="12" VPOS="2455" HPOS="1426"/>
                  <String HEIGHT="70"
                          WIDTH="115"
                          VPOS="2455"
                          HPOS="1391"
                          CONTENT="sensu."/>
                  <SP HEIGHT="70" WIDTH="12" VPOS="2455" HPOS="1506"/>
                  <String HEIGHT="70" WIDTH="69" VPOS="2455" HPOS="1472" CONTENT="et"/>
                  <SP HEIGHT="70" WIDTH="12" VPOS="2455" HPOS="1541"/>
                  <String HEIGHT="70"
                          WIDTH="81"
                          VPOS="2455"
                          HPOS="1506"
                          CONTENT="per"/>
                  <SP HEIGHT="70" WIDTH="12" VPOS="2455" HPOS="1587"/>
                  <String HEIGHT="70"
                          WIDTH="161"
                          VPOS="2455"
                          HPOS="1552"
                          CONTENT="consequens"/>
                  <SP HEIGHT="70" WIDTH="12" VPOS="2455" HPOS="1714"/>
                  <String HEIGHT="70"
                          WIDTH="138"
                          VPOS="2455"
                          HPOS="1679"
                          CONTENT="obiectum"/>
                  <SP HEIGHT="70" WIDTH="12" VPOS="2455" HPOS="1818"/>
                  <String HEIGHT="70" WIDTH="69" VPOS="2455" HPOS="1783" CONTENT="de"/>
                  <SP HEIGHT="70" WIDTH="12" VPOS="2455" HPOS="1852"/>
                  <String HEIGHT="70"
                          WIDTH="81"
                          VPOS="2455"
                          HPOS="1818"
                          CONTENT="quo"/>
                  <SP HEIGHT="70" WIDTH="12" VPOS="2455" HPOS="1898"/>
                  <String HEIGHT="70"
                          WIDTH="173"
                          VPOS="2455"
                          HPOS="1864"
                          CONTENT="praedicatur"/>
                  <SP HEIGHT="70" WIDTH="12" VPOS="2455" HPOS="2036"/>
                  <String HEIGHT="70"
                          WIDTH="58"
                          VPOS="2455"
                          HPOS="1990"
                          CONTENT="hoc"/>
               </TextLine>
               <TextLine ID="r3l56"
                         BASELINE="2571"
                         HEIGHT="73"
                         WIDTH="722"
                         VPOS="2498"
                         HPOS="1326">
                  <String HEIGHT="73"
                          WIDTH="132"
                          VPOS="2498"
                          HPOS="1314"
                          CONTENT="passio."/>
                  <SP HEIGHT="73" WIDTH="12" VPOS="2498" HPOS="1446"/>
                  <String HEIGHT="73"
                          WIDTH="217"
                          VPOS="2498"
                          HPOS="1410"
                          CONTENT="apprehensibile"/>
                  <SP HEIGHT="73" WIDTH="12" VPOS="2498" HPOS="1627"/>
                  <String HEIGHT="73" WIDTH="72" VPOS="2498" HPOS="1591" CONTENT="ab"/>
                  <SP HEIGHT="73" WIDTH="12" VPOS="2498" HPOS="1663"/>
                  <String HEIGHT="73"
                          WIDTH="168"
                          VPOS="2498"
                          HPOS="1627"
                          CONTENT="intellectu"/>
                  <SP HEIGHT="73" WIDTH="12" VPOS="2498" HPOS="1795"/>
                  <String HEIGHT="73"
                          WIDTH="96"
                          VPOS="2498"
                          HPOS="1759"
                          CONTENT="dei."/>
                  <SP HEIGHT="73" WIDTH="12" VPOS="2498" HPOS="1855"/>
                  <String HEIGHT="73"
                          WIDTH="84"
                          VPOS="2498"
                          HPOS="1819"
                          CONTENT="est"/>
                  <SP HEIGHT="73" WIDTH="12" VPOS="2498" HPOS="1904"/>
                  <String HEIGHT="73"
                          WIDTH="84"
                          VPOS="2498"
                          HPOS="1868"
                          CONTENT="per"/>
                  <SP HEIGHT="73" WIDTH="12" VPOS="2498" HPOS="1952"/>
                  <String HEIGHT="73" WIDTH="72" VPOS="2498" HPOS="1916" CONTENT="se"/>
                  <SP HEIGHT="73" WIDTH="12" VPOS="2498" HPOS="1988"/>
                  <String HEIGHT="73"
                          WIDTH="108"
                          VPOS="2498"
                          HPOS="1940"
                          CONTENT="superi"
                          SUBS_TYPE="HypPart1"
                          SUBS_CONTENT="superitus"/>
                  <HYP CONTENT="-"/>
               </TextLine>
               <TextLine ID="r3l57"
                         BASELINE="2616"
                         HEIGHT="66"
                         WIDTH="725"
                         VPOS="2550"
                         HPOS="1317">
                  <String HEIGHT="66"
                          WIDTH="106"
                          VPOS="2550"
                          HPOS="1302"
                          CONTENT="tus"
                          SUBS_TYPE="HypPart2"
                          SUBS_CONTENT="superitus"/>
                  <SP HEIGHT="66" WIDTH="15" VPOS="2550" HPOS="1408"/>
                  <String HEIGHT="66" WIDTH="91" VPOS="2550" HPOS="1362" CONTENT="ad"/>
                  <SP HEIGHT="66" WIDTH="15" VPOS="2550" HPOS="1453"/>
                  <String HEIGHT="66"
                          WIDTH="106"
                          VPOS="2550"
                          HPOS="1408"
                          CONTENT="hoc"/>
                  <SP HEIGHT="66" WIDTH="15" VPOS="2550" HPOS="1513"/>
                  <String HEIGHT="66"
                          WIDTH="257"
                          VPOS="2550"
                          HPOS="1468"
                          CONTENT="intelligibile"/>
                  <SP HEIGHT="66" WIDTH="15" VPOS="2550" HPOS="1725"/>
                  <String HEIGHT="66"
                          WIDTH="227"
                          VPOS="2550"
                          HPOS="1680"
                          CONTENT="demonstrato"/>
                  <SP HEIGHT="66" WIDTH="15" VPOS="2550" HPOS="1906"/>
                  <String HEIGHT="66"
                          WIDTH="121"
                          VPOS="2550"
                          HPOS="1861"
                          CONTENT="alio"/>
                  <SP HEIGHT="66" WIDTH="15" VPOS="2550" HPOS="1982"/>
                  <String HEIGHT="66" WIDTH="76" VPOS="2550" HPOS="1936" CONTENT="a"/>
                  <SP HEIGHT="66" WIDTH="15" VPOS="2550" HPOS="2012"/>
                  <String HEIGHT="66"
                          WIDTH="91"
                          VPOS="2550"
                          HPOS="1951"
                          CONTENT="deo."/>
               </TextLine>
            </TextBlock>
         </PrintSpace>
      </Page>
   </Layout>
</alto>
