2237 3056
402 179 164 72 effecit
521 179 134 72 nihil
611 179 89 72 ad
655 179 104 72 rem
715 179 179 72 pertinet
849 179 134 72 vtrum
938 179 134 72 foris
1013 179 104 72 habea

402 240 155 61 exemplar
518 240 78 61 ad
557 240 103 61 quod
622 240 142 61 referat
725 240 129 61 oculus
816 240 78 61 an
855 240 116 61 intus
932 240 103 61 quod
997 240 103 61 ipse
1048 240 78 61 conm

404 292 140 41 cepit.
502 292 84 41 Ex
544 292 112 41 ista
613 292 209 41 auctoritate
781 292 140 41 patet.
879 292 112 41 quod
949 292 112 41 idee
1018 292 112 41 sunt
1074 292 56 41 co

400 331 124 59 gnita
483 331 138 59 quedam
580 331 166 59 exempla.
704 331 83 59 et
746 331 83 59 ad
787 331 124 59 illas
870 331 207 59 respiciendo
1022 331 111 59 potest

394 374 201 62 cognoscens
552 374 158 62 aliquid
667 374 187 62 producere
811 374 86 62 in
854 374 115 62 esse
926 374 129 62 reali
1012 374 72 62 ⁋
1026 374 101 62 Circa

404 416 160 50 secundum
524 416 107 50 dico
590 416 107 50 quod
657 416 107 50 ista
723 416 186 50 descriptio
870 416 93 50 non
923 416 213 50 conuenitipsi
1083 416 53 50 di

410 462 108 51 uine
477 462 161 51 essentie
598 462 94 51 nec
652 462 135 51 alicui
746 462 175 51 respectui
880 462 175 51 rationis:
1015 462 94 51 sed
1055 462 81 51 ipsi

412 509 85 47 met
461 509 159 47 creature.
583 509 122 47 Primum
668 509 110 47 patet
741 509 122 47 primo.
827 509 98 47 quia
888 509 146 47 secundum
998 509 110 47 omnes
1059 509 73 47 plu-

393 556 108 45 res
454 556 123 45 sunt
531 556 139 45 idee.
624 556 123 45 Unde
701 556 139 45 dicit
794 556 216 45 Augustinus
963 556 108 45 vbi
1010 556 123 45 supra.

406 591 94 54 alia
465 591 130 54 ratione
560 591 142 54 conditus
666 591 83 54 est
713 591 106 54 homo.
784 591 71 54 et
819 591 94 54 alia
878 591 130 54 ratione
973 591 142 54 conditus
1067 591 59 54 est

396 641 136 44 equus.
491 641 81 44 et
532 641 149 44 accepit
641 641 109 44 luod
708 641 149 44 ratione
817 641 95 44 pro
871 641 122 44 idea.
953 641 95 44 sed
993 641 136 44 essentia

398 682 136 54 diuina
494 682 95 54 est
548 682 122 54 vnica
630 682 122 54 nullo
711 682 109 54 modo
779 682 258 54 plurificabilis.
997 682 109 54 ergo
1051 682 82 54 ipsa

412 722 87 55 non
461 722 87 55 est
511 722 111 55 idea.
585 722 62 55 ⁋
610 722 74 55 Si
647 722 149 55 dicatur.
758 722 136 55 quamuis
858 722 99 55 ipsa
919 722 149 55 essentia
1031 722 87 55 non
1068 722 62 55 est

407 775 137 45 realiter
509 775 217 45 plurificabilis.
692 775 103 45 tamen
761 775 137 45 secundum
864 775 91 45 quod
921 775 114 45 potest
1001 775 69 45 ad
1024 775 114 45 diuersas

415 812 168 47 creaturas
544 812 168 47 comparari
674 812 129 47 potest
764 812 103 47 esse
829 812 103 47 alia
893 812 78 47 et
932 812 103 47 alia
997 812 116 47 idea.
1061 812 65 47 est

411 852 148 53 secundum
522 852 86 53 hoc
571 852 111 53 erunt
645 852 124 53 plures
732 852 111 53 idee:
806 852 86 53 non
855 852 124 53 quidem
942 852 148 53 realiter
1041 852 86 53 diffe

408 897 124 52 rentes.
498 897 79 52 sed
543 897 90 52 sola
599 897 135 52 ratione.
700 897 79 52 Sed
745 897 90 52 ista
801 897 67 52 et
835 897 157 52 consimilia
958 897 135 52 superius
1048 897 90 52 suffi-

402 940 140 52 cienter
504 940 204 52 improbantur.
670 940 89 52 vbi
721 940 179 52 ostenditur
862 940 102 52 quod
926 940 192 52 impossibile
1066 940 64 52 est

411 989 105 49 aliqua
484 989 84 49 idem
536 989 84 49 esse
589 989 136 49 realiter.
693 989 63 49 et
725 989 94 49 tamen
787 989 126 49 differre
882 989 126 49 ratione.
976 989 126 49 Similier
1060 989 73 49 siset

417 1032 128 49 diuina
507 1032 153 49 essentia
622 1032 115 49 esset
698 1032 153 49 realiter
813 1032 128 49 plures
903 1032 115 49 idee.
980 1032 141 49 quaero.
1069 1032 64 49 aut

413 1074 104 51 idea
478 1074 91 51 est
530 1074 156 51 praecise
646 1074 130 51 diuina
737 1074 169 51 essentia.
867 1074 91 51 aut
919 1074 91 51 est
970 1074 130 51 diuina
1048 1074 91 51 essen

422 1118 70 61 tia
462 1118 60 61 et
492 1118 111 61 aliquid
573 1118 91 61 aliud
633 1118 121 61 scilicet
724 1118 131 61 respectus
825 1118 121 61 rationis
915 1118 121 61 secundum
1006 1118 101 61 istos.
1077 1118 60 61 si
1097 1118 50 61 pri

406 1162 111 53 mum.
475 1162 111 53 ergo
545 1162 166 53 essentia
670 1162 139 53 diuina
767 1162 97 53 est
822 1162 139 53 plures
919 1162 166 53 essentie
1030 1162 111 53 diuine

414 1211 76 58 si
452 1211 102 58 sint
516 1211 127 58 plures
605 1211 114 58 idee.
681 1211 76 58 Si
719 1211 114 58 detur
795 1211 152 58 secundum
909 1211 102 58 ergo
973 1211 127 58 diuina
1049 1211 89 58 essen

411 1248 90 57 tia
462 1248 90 57 non
514 1248 90 57 est
565 1248 115 57 idea.
642 1248 64 57 ⁋
667 1248 141 57 Secundo
770 1248 141 57 ostendo
872 1248 102 57 quod
936 1248 154 57 essentia
1039 1248 102 57 diuina

404 1293 91 46 non
456 1293 91 46 est
508 1293 117 46 idea.
585 1293 104 46 quia
650 1293 142 46 quaero.
754 1293 91 46 aut
805 1293 104 46 idee
870 1293 104 46 sunt
935 1293 78 46 in
974 1293 117 46 mente
1038 1293 104 46 diuina

409 1339 208 49 subiectiue.
576 1339 97 49 aut
631 1339 194 49 obiectiue.
784 1339 97 49 non
840 1339 208 49 subiectiue.
1006 1339 111 49 quia
1062 1339 83 49 tunc

409 1382 137 44 essent
505 1382 96 44 ibi
560 1382 123 44 plura
642 1382 206 44 subiectiue.
807 1382 110 44 quod
875 1382 96 44 est
930 1382 178 44 manifeste
1054 1382 82 44 fal-

406 1426 96 55 sum.
466 1426 96 55 ergo
526 1426 96 55 sunt
586 1426 84 55 ibi
633 1426 120 55 tantum
717 1426 168 55 obiectiue.
849 1426 84 55 sed
897 1426 144 55 essentia
1004 1426 120 55 diuina
1076 1426 60 55 non

404 1474 92 46 est
457 1474 132 46 tantum
549 1474 185 46 obiectiue.
694 1474 106 46 ergo
760 1474 92 46 non
813 1474 92 46 est
866 1474 119 46 idea.
945 1474 158 46 Secundum
1051 1474 79 46 oste

425 1515 76 53 do.
469 1515 130 53 scilicet
566 1515 87 53 quod
621 1515 141 53 respectus
729 1515 76 53 non
773 1515 76 53 est
816 1515 98 53 idea.
881 1515 87 53 quia
936 1515 65 53 si
968 1515 87 53 sic.
1023 1515 76 53 aut
1055 1515 87 53 respe-

412 1562 93 56 ctus
470 1562 116 56 realis
551 1562 81 56 aut
597 1562 150 56 rationis.
713 1562 81 56 Non
759 1562 127 56 realis.
852 1562 93 56 quia
910 1562 139 56 secundum
1002 1562 139 56 praedictam

422 1604 184 48 opinionem
563 1604 99 48 dei
620 1604 85 48 ad
662 1604 184 48 creaturam
803 1604 99 48 non
860 1604 99 48 est
916 1604 155 48 relatio
1015 1604 127 48 realis.

421 1648 87 48 Nec
470 1648 162 48 respectus
595 1648 162 48 rationis.
720 1648 87 48 tum
770 1648 100 48 quia
832 1648 125 48 nullus
919 1648 112 48 talis
994 1648 87 48 est
1044 1648 87 48 dei
1094 1648 75 48 ad

423 1690 164 53 creaturam
549 1690 88 53 qui
600 1690 126 53 possit
688 1690 164 53 importari
814 1690 88 53 per
865 1690 113 53 nomen
940 1690 126 53 ideme.
1029 1690 88 53 tum
1066 1690 76 53 quia

419 1740 107 50 ille
486 1740 94 50 non
539 1740 134 50 potest
634 1740 107 50 esse
701 1740 161 50 exemplar
822 1740 175 50 creature.
956 1740 121 50 sicut
1037 1740 94 50 nec
1077 1740 67 50 ens

415 1783 164 46 rationis
539 1783 137 46 potest
634 1783 110 46 esse
703 1783 164 46 exemplar
826 1783 123 46 entis
908 1783 151 46 realis.
1018 1783 68 46 ⁋
1031 1783 110 46 Tertio

426 1823 136 53 ostendo
525 1823 99 53 quod
587 1823 99 53 ipsa
649 1823 149 53 creatura
760 1823 87 53 est
810 1823 99 53 idea
872 1823 124 53 primo:
958 1823 99 53 quia
1020 1823 99 53 sibi
1070 1823 74 53 com-

416 1872 128 50 petunt
506 1872 116 50 omnes
583 1872 167 50 particule
711 1872 167 50 praedicte
840 1872 231 50 descriptionis.
1032 1872 90 50 Nam
1071 1872 77 50 ipsa

422 1918 101 41 est
479 1918 159 41 cognita
595 1918 87 41 ab
638 1918 202 41 intellectu
797 1918 144 41 actiuo
898 1918 87 41 et
942 1918 116 41 deus
1014 1918 87 41 ad
1043 1918 101 41 ipsam

420 1951 140 54 aspicit
522 1951 76 54 vt
560 1951 203 54 rationaliter
725 1951 165 54 producat.
853 1951 89 54 Nam
903 1951 216 54 quantumcunque
1069 1951 76 54 deus

416 1996 209 47 cognosceret
583 1996 181 47 essentiam
723 1996 125 47 suam.
806 1996 84 47 si
848 1996 98 47 non
904 1996 209 47 cognosceret
1057 1996 84 47 suum

425 2043 207 54 producibile.
594 2043 181 54 ignoranter
736 2043 181 54 produceret
879 2043 78 54 et
918 2043 91 54 non
957 2043 181 54 rationabilis

428 2083 65 56 et
461 2083 75 56 per
504 2083 151 56 consequens
622 2083 75 56 non
665 2083 75 56 per
708 2083 108 56 ideam.
784 2083 86 56 ergo
837 2083 86 56 ipse
891 2083 65 56 in
924 2083 140 56 creaturam
1031 2083 86 56 vere
1074 2083 65 56 aspi

424 2122 99 61 cit.
486 2122 75 61 et
523 2122 112 61 ipsam
597 2122 174 61 aspiciendo
734 2122 124 61 potest
821 2122 87 61 eam
871 2122 174 61 producere.
1007 2122 62 61 ⁋
1020 2122 124 61 Preterea

426 2179 107 50 illud
498 2179 84 50 quo
545 2179 179 50 praecognito
689 2179 119 50 potest
772 2179 167 50 cognoscens
903 2179 215 50 rationabiliter
1070 2179 72 50 pro-

430 2220 138 48 ducere.
530 2220 75 48 et
567 2220 100 48 omni
630 2220 100 48 alio
692 2220 88 48 per
742 2220 188 48 impossibile
892 2220 88 48 non
942 2220 188 48 precognito.
1080 2220 63 48 est

423 2259 104 55 quo
482 2259 104 55 non
542 2259 207 55 precognito
704 2259 89 55 et
749 2259 192 55 quocumque
897 2259 118 55 alio
971 2259 163 55 cognito
1074 2259 74 55 non

428 2304 127 55 potest
517 2304 203 55 rationabilit
682 2304 165 55 producere
809 2304 89 55 est
859 2304 101 55 vere
923 2304 101 55 idea
986 2304 76 55 et
1011 2304 127 55 exemplar

417 2345 94 53 Sed
470 2345 135 53 posito
565 2345 94 53 per
619 2345 202 53 impossibile
781 2345 108 53 quod
848 2345 108 53 deus
916 2345 202 53 cognosceret
1064 2345 81 53 crea

426 2391 119 51 turam
505 2391 225 51 producibilem.
691 2391 80 51 et
731 2391 93 51 non
784 2391 199 51 cognosceret
943 2391 106 51 suam
996 2391 146 51 essentiam

422 2432 81 52 si
462 2432 148 52 haberet
570 2432 175 52 potentiam
705 2432 216 52 productiuam.
880 2432 135 52 posset
975 2432 108 52 vere
1029 2432 121 52 rationa

426 2477 134 47 biliter
524 2477 171 47 producere.
658 2477 73 47 et
695 2477 208 47 quantumcumque
866 2477 98 47 deus
927 2477 183 47 cognosceret
1061 2477 86 47 essen

425 2521 110 50 tiam
494 2521 123 50 suam.
576 2521 110 50 nisi
644 2521 205 50 cognosceret
809 2521 192 50 creaturam.
959 2521 96 50 non
1000 2521 151 50 diceretur

423 2565 215 73 rationabiliter
602 2565 155 73 producere
721 2565 203 73 quantumcunque
888 2565 179 73 produceret.
1031 2565 95 73 ergo
1079 2565 72 73 ipsa

1221 177 180 59 creatura
1356 177 105 59 est
1416 177 135 59 idea.
1506 177 75 59 ⁋
1536 177 180 59 Preterea
1670 177 120 59 idee
1745 177 105 59 pro
1790 177 180 59 portionabi

1223 229 134 55 liter
1312 229 119 55 sunt
1387 229 164 55 ponende
1506 229 89 55 in
1550 229 179 55 artifice
1684 229 149 55 creato
1788 229 89 55 et
1818 229 149 55 increato

1223 273 98 51 sed
1279 273 84 51 si
1321 273 153 51 artifex
1432 273 153 51 creatus
1544 273 167 51 praecise
1669 273 209 51 cognosceret
1837 273 125 51 illud
1906 273 56 51 ar

1223 323 200 45 tificiatum
1380 323 114 45 quod
1451 323 214 45 produceret.
1622 323 100 45 ita
1680 323 114 45 vere
1751 323 143 45 ageret
1851 323 100 45 per
1894 323 71 45 ex-

1221 361 137 49 emplar.
1320 361 75 49 et
1358 361 87 49 per
1408 361 175 49 consequens
1545 361 87 49 per
1595 361 125 49 ideam.
1682 361 112 49 sicut
1757 361 87 49 cum
1794 361 162 49 cognosceret

1232 414 103 43 vnum
1297 414 116 43 cuius
1374 414 129 43 simile
1464 414 116 43 debet
1541 414 180 43 producere.
1683 414 103 43 ergo
1747 414 155 43 respectu
1850 414 116 43 artifi-

1221 453 102 51 cis
1280 453 146 51 creati
1382 453 175 51 ipsummet
1513 453 219 51 producibile
1689 453 131 51 esset
1776 453 117 51 vere
1849 453 117 51 idea
1908 453 58 51 et

1225 499 169 41 exemplar.
1355 499 104 41 quia
1420 499 104 41 idem
1485 499 195 41 intelligunt
1640 499 143 41 autores
1744 499 91 41 per
1796 499 117 41 ideas
1874 499 78 41 et
1900 499 52 41 ex

1222 536 183 61 emplaria.
1363 536 113 61 ergo
1433 536 99 61 cum
1490 536 113 61 deus
1560 536 169 61 ipsammet
1687 536 183 61 creaturam
1814 536 141 61 produci-

1235 582 109 51 bile
1303 582 244 51 praecognoscit.
1507 582 149 51 ipsamet
1616 582 109 51 vere
1683 582 95 51 est
1738 582 122 51 idea.
1819 582 95 51 hoc
1860 582 95 51 etiam

1238 627 113 52 patet
1314 627 88 52 per
1364 627 138 52 signum.
1464 627 100 52 quia
1527 627 113 52 Plato
1603 627 113 52 cuius
1678 627 151 52 snieniam
1791 627 113 52 tenet
1854 627 100 52 beatus

1235 679 109 44 Aug.
1303 679 122 44 ideas
1385 679 149 44 hominis
1493 679 122 44 dixit
1575 679 109 44 esse
1643 679 163 44 hominem.
1765 679 95 44 vel
1806 679 149 44 quiddita-

1240 716 81 54 tem
1287 716 116 54 homis.
1368 716 81 54 vel
1414 716 174 54 vniversalem
1554 716 139 54 hominem.
1658 716 58 54 ⁋
1681 716 81 54 hoc
1728 716 93 54 idem
1786 716 104 54 etiam
1844 716 104 54 imponi-

1226 761 186 55 philosophus
1374 761 136 55 platoni
1474 761 99 55 quod
1536 761 112 55 ponat
1610 761 112 55 ideas
1684 761 99 55 esse
1746 761 136 55 quasdam
1845 761 99 55 res:
1895 761 62 55 rea

1227 805 123 61 liter
1309 805 205 61 distinctas.
1473 805 123 61 sicut
1555 805 109 61 ista
1623 805 164 61 producta
1746 805 109 61 sunt
1801 805 150 61 distincta

1230 849 131 49 specie.
1325 849 95 49 ergo
1384 849 142 49 intentio
1491 849 83 49 sua
1539 849 107 49 fuit.
1610 849 83 49 non
1657 849 95 49 quod
1717 849 119 49 diuina
1800 849 142 49 essentia
1895 849 59 49 est

1230 889 89 54 set
1281 889 115 54 idea.
1358 889 89 54 sed
1409 889 102 54 quod
1473 889 128 54 aliqua
1562 889 102 54 alia
1626 889 140 54 cognita
1728 889 64 54 a
1754 889 89 54 deo
1805 889 102 54 quae
1856 889 102 54 essent

1225 938 207 54 exemplaris.
1391 938 83 54 et
1432 938 83 54 ad
1473 938 110 54 quae
1542 938 110 54 deus
1611 938 179 54 aspiceret
1749 938 83 54 in
1777 938 165 54 producende

1242 979 91 53 sed
1294 979 117 53 inter
1372 979 117 53 omnia
1450 979 143 53 cognita
1554 979 117 53 nihil
1632 979 130 53 melius
1723 979 130 53 potest
1814 979 104 53 poni
1879 979 65 53 a
1892 979 65 53 the

1237 1031 128 48 ologo
1322 1031 114 48 esse
1393 1031 114 48 idea
1464 1031 114 48 quam
1535 1031 156 48 ipsamet
1649 1031 185 48 creatura.
1791 1031 128 48 sicut
1862 1031 99 48 magis

1231 1064 235 61 declarabitur
1422 1064 88 61 in
1466 1064 191 61 solutione
1613 1064 191 61 dubiorum.
1760 1064 117 61 ergo
1833 1064 117 61 etc.
1907 1064 73 61 ⁋
1921 1064 59 61 Ex

1240 1118 159 54 praedictis
1365 1118 102 54 patet
1433 1118 91 54 quid
1489 1118 79 54 est
1535 1118 102 54 idea.
1603 1118 91 54 quia
1660 1118 79 54 non
1705 1118 79 54 est
1751 1118 91 54 nisi
1807 1118 125 54 aliquod
1887 1118 68 54 con-

1235 1155 128 56 gnitum
1325 1155 77 56 ad
1363 1155 102 56 quod
1427 1155 115 56 agens
1504 1155 141 56 aspicit
1606 1155 77 56 in
1645 1155 192 56 producendo.
1798 1155 77 56 vt
1824 1155 128 56 secundum

1230 1207 118 48 ipsum
1308 1207 144 48 aliquod
1413 1207 131 48 simile
1504 1207 91 48 vel
1556 1207 144 48 ipsmmet
1661 1207 157 48 producat
1778 1207 78 48 in
1817 1207 104 48 esse
1870 1207 78 48 rea-

1235 1246 88 50 li.
1286 1246 113 50 sicut
1361 1246 88 50 vna
1411 1246 113 50 domus
1487 1246 126 50 potest
1574 1246 100 50 vere
1637 1246 100 50 esse
1700 1246 100 50 idea
1763 1246 75 50 et
1800 1246 151 50 exemplar
1901 1246 50 50 al

1242 1286 118 54 terius
1325 1286 118 54 domus.
1407 1286 94 54 quia
1466 1286 141 54 scilicet
1572 1286 130 54 aliquis
1666 1286 130 54 artifex
1761 1286 106 54 illam
1831 1286 106 54 domum
1890 1286 59 54 co-

1238 1334 175 54 gnoscendo
1372 1334 135 54 potest
1466 1334 94 54 per
1520 1334 94 54 hoc
1574 1334 148 54 aliquam
1682 1334 188 54 consimilem
1816 1334 135 54 fabrica-

1228 1383 106 45 re.
1289 1383 91 45 et
1334 1383 137 45 eodem
1426 1383 122 45 modo
1502 1383 91 45 si
1547 1383 167 45 ipsamet
1669 1383 137 45 domus
1760 1383 91 45 in
1791 1383 167 45 particula

1231 1420 84 50 ri
1273 1420 127 50 esset
1358 1420 84 50 ab
1400 1420 169 50 artifice
1527 1420 211 50 precognita.
1696 1420 84 50 et
1738 1420 155 50 virtute
1836 1420 113 50 illius

1238 1464 131 54 posset
1330 1464 118 54 domum
1408 1464 131 54 eandem
1500 1464 170 54 producere
1631 1464 79 54 in
1670 1464 105 54 esse
1735 1464 131 54 reali.
1827 1464 118 54 esset
1893 1464 65 54 sui

1224 1511 114 47 met
1289 1511 146 47 idea.
1386 1511 130 47 Unde
1468 1511 130 47 idea
1549 1511 195 47 importat
1695 1511 195 47 ipsammet
1825 1511 130 47 creatu

1235 1557 97 51 ram
1291 1557 84 51 in
1333 1557 139 51 recto.
1430 1557 84 51 et
1472 1557 125 51 etiam
1555 1557 167 51 ipsammet
1681 1557 84 51 in
1722 1557 167 51 obliquo.
1848 1557 84 51 et
1875 1557 70 51 pre

1240 1597 105 48 hoc
1300 1597 179 48 importat
1434 1597 135 48 ipsam
1524 1597 165 48 diuinam
1644 1597 209 48 cognitione
1808 1597 105 48 vel
1853 1597 105 48 cogno

1242 1639 142 50 scentem
1345 1639 77 50 in
1384 1639 155 50 obliquo.
1500 1639 77 50 et
1539 1639 103 50 ideo
1603 1639 77 50 de
1642 1639 142 50 ipsamet
1745 1639 155 50 creatura
1861 1639 90 50 est
1900 1639 64 50 pri

1232 1681 151 58 dicabilis
1349 1681 70 58 vt
1384 1681 93 58 ipsa
1442 1681 81 58 sit
1488 1681 105 58 idea.
1558 1681 81 58 sed
1605 1681 81 58 non
1651 1681 81 58 est
1698 1681 198 58 praedicabilis
1861 1681 70 58 de
1884 1681 70 58 agen

1233 1734 88 50 te
1277 1734 221 50 cognoscente
1454 1734 103 50 vel
1513 1734 221 50 cognitione.
1690 1734 118 50 quia
1764 1734 103 50 nec
1808 1734 147 50 cognitio

1230 1773 103 55 nec
1289 1773 206 55 cognoscens
1451 1773 103 55 est
1510 1773 118 55 idea
1583 1773 132 55 sicut
1671 1773 103 55 nec
1730 1773 176 55 exeplar.
1862 1773 74 55 ⁋
1877 1773 103 55 Circa

1242 1820 136 48 tertium
1341 1820 99 48 dico
1403 1820 99 48 quod
1465 1820 99 48 idee
1527 1820 87 48 non
1576 1820 99 48 sunt
1638 1820 136 48 ponende
1737 1820 74 48 vt
1775 1820 99 48 sint
1824 1820 124 48 rationes

1232 1860 205 54 cognoscendi
1397 1860 123 54 ipsas
1479 1860 178 54 creaturas
1616 1860 82 54 ab
1657 1860 96 54 eis
1712 1860 219 54 differuntes.
1876 1860 82 54 quia

1239 1902 130 56 praeter
1334 1902 106 56 ipsam
1405 1902 130 56 diuinam
1499 1902 154 56 essentiam
1617 1902 95 56 quae
1676 1902 83 56 est
1724 1902 130 56 omnibus
1818 1902 106 56 modis
1877 1902 71 56 ipsa

1243 1950 126 48 cognito
1334 1950 80 48 non
1380 1950 91 48 sunt
1437 1950 91 48 alia
1494 1950 91 48 quae
1551 1950 183 48 praesentesse
1700 1950 103 48 ratio
1768 1950 171 48 cognoscendi
1894 1950 57 48 cre

1238 1987 127 54 aturas
1327 1987 76 54 et
1366 1987 102 54 ideo
1429 1987 89 54 non
1480 1987 102 54 sunt
1544 1987 127 54 plures
1633 1987 153 54 rationes
1748 1987 191 54 cognoscendi
1888 1987 64 54 cre

1244 2031 112 57 aturas.
1325 2031 71 57 hoc
1366 2031 102 57 patet.
1437 2031 81 57 quia
1488 2031 112 57 quaero.
1569 2031 81 57 quid
1620 2031 163 57 intelligitur
1752 2031 71 57 per
1792 2031 122 57 rationem
1874 2031 81 57 cogno-

1242 2078 131 56 scendi
1334 2078 170 56 creaturam
1465 2078 92 56 aut
1517 2078 118 56 illud
1595 2078 105 56 quod
1661 2078 92 56 est
1713 2078 131 56 aliquo
1805 2078 105 56 modo
1857 2078 92 56 cogn-

1241 2123 144 51 tionis
1341 2123 173 51 creature
1471 2123 130 51 quasi
1558 2123 130 51 moues
1644 2123 187 51 effectiue
1774 2123 187 51 intellectum

1230 2167 165 46 diuinum
1350 2167 90 46 ad
1395 2167 240 46 cognoscendum
1590 2167 210 46 creaturas.
1754 2167 105 46 aut
1814 2167 105 46 est
1859 2167 90 46 ipsa

1231 2213 100 51 met
1288 2213 172 51 cognitio
1417 2213 100 51 qua
1474 2213 215 51 cognoscitur
1645 2213 186 51 creatura.
1788 2213 100 51 aut
1846 2213 100 51 est
1889 2213 72 51 ali

1236 2259 111 41 quid
1305 2259 111 41 quod
1375 2259 125 41 quasi
1458 2259 152 41 recipit
1568 2259 125 41 ipsam
1651 2259 208 41 cognitionem
1804 2259 138 41 creature

1244 2300 93 52 aut
1297 2300 93 52 est
1350 2300 147 52 aliquid
1457 2300 187 52 necessario
1604 2300 187 52 requisitum
1751 2300 80 52 ad
1778 2300 174 52 cognoscendu

1237 2341 189 52 creaturas.
1386 2341 135 52 Primum
1481 2341 95 52 non
1535 2341 135 52 potest
1630 2341 122 52 dari.
1711 2341 108 52 quia
1778 2341 108 52 ipsa
1832 2341 122 52 cognito

1239 2384 146 54 creature
1348 2384 85 54 cum
1397 2384 97 54 ipsa
1457 2384 121 54 diuina
1542 2384 146 54 essentia
1652 2384 85 54 est
1700 2384 146 54 communis
1809 2384 121 54 tribus
1882 2384 73 54 per-

1244 2434 113 48 sonis
1320 2434 88 48 est
1370 2434 125 48 omnino
1457 2434 213 48 incausabilis.
1633 2434 100 48 immo
1695 2434 113 48 etiam
1770 2434 125 48 omnino
1845 2434 113 48 improdu

1247 2475 128 50 cibilis.
1344 2475 64 50 et
1376 2475 75 50 per
1418 2475 150 50 consequens
1536 2475 160 50 intellectus
1664 2475 118 50 diuinus
1750 2475 53 50 a
1771 2475 96 50 nullo
1836 2475 118 50 penitus
1911 2475 53 50 est

1237 2522 172 48 mobilis:
1365 2522 114 48 immo
1437 2522 143 48 omnino
1537 2522 114 48 sibi
1609 2522 172 48 repugnat
1737 2522 72 48 a
1766 2522 186 48 quocumque
1895 2522 57 48 mo

1234 2556 137 76 neri.
1325 2556 137 76 sicut
1417 2556 153 76 diuine
1524 2556 214 76 cognitioni
1692 2556 183 76 repugnat
1830 2556 76 76 a
1845 2556 122 76 quocum
