2250 3082
447 199 102 67 bus
506 199 131 67 modis
593 199 116 67 ipsa
666 199 189 67 voluntas.
811 199 146 67 Aliter
913 199 189 67 accipitur
1044 199 131 67 volitio

455 262 142 44 diuina.
558 262 77 44 vt
597 262 90 44 sit
649 262 103 44 idem
713 262 103 44 quod
778 262 116 44 velle
855 262 168 44 creaturam
984 262 103 44 esse
1049 262 90 44 vel
1088 262 90 44 velle

444 301 187 51 remunerare.
593 301 87 51 vel
643 301 162 51 huiusmodi
768 301 150 51 aliquid.
880 301 75 51 et
918 301 87 51 sic
968 301 87 51 non
1018 301 150 51 praecise
1118 301 62 51 di-

443 349 91 50 cit
495 349 182 50 voluntatem
638 349 156 50 diuinam.
755 349 91 50 sed
807 349 117 50 etiam
885 349 156 50 connotat
1002 349 169 50 creaturam
1119 349 52 50 in

446 396 101 50 esse
509 396 126 50 reali.
598 396 76 50 et
636 396 88 50 sic
686 396 88 50 est
736 396 101 50 idem
799 396 101 50 quod
862 396 139 50 creatio
963 396 88 50 vel
1001 396 164 50 conseruatio

454 440 75 50 vel
497 440 118 50 aliquid
583 440 151 50 huiusmodi.
702 440 65 50 et
734 440 97 50 sicut
799 440 75 50 est
842 440 65 50 in
874 440 151 50 potenstate
993 440 86 50 sua.
1047 440 97 50 sicut
1100 440 65 50 con-

446 484 179 48 tingenter
584 484 124 48 creat
666 484 179 48 conseruat
804 484 83 48 et
845 484 193 48 huiusmodi.
997 484 69 48 ⁋
1024 484 83 48 Ad
1066 484 124 48 aliud

444 525 99 52 dico
505 525 99 52 quod
567 525 173 52 speculatio
703 525 99 52 quae
765 525 86 52 est
814 525 74 52 in
851 525 173 52 potenstate
987 525 173 52 voluntatis
1110 525 62 52 est

447 563 102 58 vere
511 563 140 58 praxis.
612 563 89 58 sic
663 563 127 58 dictum
752 563 89 58 est
803 563 114 58 prius
879 563 63 58 ⁋
904 563 76 58 Ad
942 563 127 58 primum
1031 563 76 58 in
1056 563 102 58 contra

437 617 88 57 rium
492 617 88 57 dico
547 617 88 57 quod
602 617 77 57 hec
646 617 77 57 est
690 617 99 57 falsa
756 617 176 57 simpliciter.
899 617 121 57 omnibus
987 617 132 57 praxibus
1075 617 88 57 genera

436 658 83 53 tur
484 658 130 53 habitus
578 658 166 53 practicus.
709 658 107 53 cuius
780 658 107 53 ratio
851 658 95 53 est.
910 658 95 53 quia
969 658 190 53 speculatiuum
1112 658 47 53 et

430 707 182 49 practicum
570 707 98 49 non
626 707 112 49 sunt
696 707 140 49 dicere
794 707 168 49 opposite
921 707 168 49 habituum
1033 707 126 49 intelle

426 750 156 53 ctualium.
546 750 72 53 et
582 750 96 53 ideo
643 750 84 53 non
691 750 120 53 semper
775 750 72 53 ex
811 750 144 53 praxibus
919 750 84 53 que
967 750 96 53 sunt
1028 750 72 53 in
1052 750 108 53 intelle

431 788 90 55 ctu
482 788 166 55 generatur
610 788 141 55 habitus
713 788 166 55 practicus
840 788 64 55 ⁋
866 788 77 55 Et
904 788 77 55 si
943 788 141 55 dicatur
1045 788 102 55 quod
1096 788 64 55 sal

422 840 90 48 tem
473 840 77 48 ex
512 840 154 48 praxibus
627 840 102 48 quae
691 840 102 48 sunt
755 840 77 48 in
794 840 179 48 intellectu
934 840 166 48 generatur
1050 840 115 48 habitus

425 881 172 55 practicus
557 881 79 55 et
597 881 119 55 nullo
676 881 106 55 modo
742 881 225 55 speculatiuus.
928 881 159 55 Dicendum
1047 881 106 55 quod
1100 881 66 55 non

427 926 118 52 semper
510 926 71 52 ex
545 926 154 52 praximbus
664 926 95 52 quae
723 926 95 52 sunt
782 926 71 52 in
817 926 165 52 intellectu
947 926 154 52 generatur
1054 926 106 52 habitus

431 974 158 51 practicus.
555 974 102 51 cuius
623 974 102 51 ratio
690 974 90 51 est.
747 974 90 51 quia
803 974 124 51 habitus
893 974 147 51 practicus
1006 974 147 51 generatur
1108 974 45 51 ex

429 1018 131 51 actibus
524 1018 167 51 practicis.
656 1018 83 51 sed
703 1018 119 51 aliqua
787 1018 107 51 actus
858 1018 215 51 intelligibiles
1037 1018 95 51 quae
1085 1018 72 51 sunt

428 1057 128 54 praxes
518 1057 102 54 sunt
582 1057 192 54 speculatiui
735 1057 77 54 et
773 1057 128 54 aliqua
863 1057 102 54 sunt
927 1057 166 54 practici.
1055 1057 77 54 et
1080 1057 77 54 ideo

432 1102 79 53 ex
471 1102 172 53 aliquibus
604 1102 146 53 talibus
710 1102 159 53 praxibus
829 1102 172 53 generatur
961 1102 146 53 habitus
1054 1102 106 53 practi

430 1144 111 56 cus.
500 1144 84 56 et
541 1144 84 56 ex
583 1144 181 56 aliquibus
722 1144 181 56 generatur
862 1144 153 56 habitus
959 1144 195 56 speculatiuus

452 1189 63 52 Ad
483 1189 94 52 cuius
545 1189 156 52 intellectum
670 1189 125 52 sciendum
764 1189 73 52 est
806 1189 83 52 quod
858 1189 167 52 differentiam
993 1189 73 52 est
1035 1189 94 52 inter
1087 1189 73 52 actum

432 1232 174 51 practicum
565 1232 80 51 et
606 1232 147 51 praxim.
713 1232 94 51 Nam
766 1232 134 51 praxis
860 1232 94 51 est
913 1232 161 51 operatio
1020 1232 134 51 existens

427 1283 72 50 in
463 1283 156 50 potestate
583 1283 180 50 voluntatis:
727 1283 96 50 quia
787 1283 108 50 omnis
860 1283 108 50 talis
932 1283 108 50 actus
1004 1283 120 50 potest
1076 1283 72 50 eli-

427 1316 86 58 ci
470 1316 173 58 virtuose
599 1316 86 58 et
643 1316 173 58 viciose.
772 1316 173 58 loquendo
902 1316 86 58 de
945 1316 115 58 actu
1003 1316 144 58 volunta-

430 1370 86 54 tis
479 1370 123 54 nostre
565 1370 74 54 de
602 1370 86 54 quo
652 1370 86 54 est
701 1370 99 54 modo
763 1370 123 54 sermo.
849 1370 86 54 sed
898 1370 111 54 actus
972 1370 160 54 practicus
1083 1370 62 54 est

414 1403 96 56 ille
474 1403 96 56 quae
534 1403 108 56 habet
606 1403 84 56 pro
654 1403 132 56 obiecto
750 1403 120 56 saltem
835 1403 144 56 partiali
943 1403 132 56 praxim.
1039 1403 84 56 vel
1075 1403 72 56 ali-

418 1456 115 50 quod
490 1456 187 50 operabile
633 1456 230 50 contingenter
820 1456 72 50 a
849 1456 201 50 voluntate.
1007 1456 101 50 Nam
1050 1456 101 50 multi

420 1497 106 53 sunt
486 1497 119 53 actus
565 1497 212 53 intelligendi
738 1497 185 53 existentes
883 1497 79 53 in
923 1497 132 53 nostra
1002 1497 146 53 potestate

436 1539 88 57 qui
486 1539 88 57 non
536 1539 125 57 habent
623 1539 125 57 praxim
711 1539 88 57 nec
761 1539 138 57 aliquod
861 1539 163 57 operabile
986 1539 63 57 a
1011 1539 113 57 nobis
1073 1539 75 57 pro-

430 1587 154 56 pbiecto
542 1587 182 56 partiali.
682 1587 126 56 sicut
766 1587 126 56 actus
849 1587 224 56 considerandi
1017 1587 140 56 geometri

420 1630 107 57 calia
492 1630 72 57 et
527 1630 155 57 similiter
647 1630 191 57 considerandi
801 1630 107 57 deum.
873 1630 72 57 et
909 1630 107 57 actus
980 1630 167 57 speculandi
1099 1630 48 57 me

425 1673 223 53 thaphisicalia
609 1673 105 53 sunt
674 1673 79 53 in
714 1673 171 53 potestate
845 1673 144 53 nostra.
950 1673 79 53 et
989 1673 144 53 possunt
1081 1673 66 53 vir

429 1721 114 53 tuose
505 1721 76 53 et
543 1721 139 53 viciose
645 1721 152 53 secundum
759 1721 152 53 diuersas
873 1721 228 53 circumstantias
1050 1721 89 53 finis

421 1760 68 55 et
455 1760 124 55 aliorum
545 1760 102 55 elici
613 1760 68 55 et
647 1760 113 55 impari
726 1760 57 55 a
749 1760 158 55 voluntate.
873 1760 79 55 non
919 1760 91 55 sunt
975 1760 102 55 tamen
1043 1760 91 55 ideo
1088 1760 57 55 pra

424 1809 123 48 ctici.
510 1809 86 48 sed
559 1809 111 48 tamen
633 1809 99 48 vere
695 1809 99 48 sunt
757 1809 136 48 praxes.
855 1809 74 48 Et
892 1809 99 48 ideo
954 1809 74 48 ex
991 1809 86 48 eis
1040 1809 86 48 non
1077 1809 74 48 gene

431 1855 102 50 ratur
499 1855 124 50 habitus
589 1855 147 50 practicus
702 1855 79 50 sed
747 1855 113 50 tantum
826 1855 192 50 speculatiuus.
985 1855 90 50 Quod
1041 1855 102 50 autem
1098 1855 45 50 ta

420 1889 85 49 lis
469 1889 170 49 speculatio
602 1889 85 49 sit
651 1889 97 49 vere
712 1889 134 49 praxis.
809 1889 122 49 patet.
895 1889 97 49 quia
955 1889 110 49 omnis
1016 1889 122 49 operatio

418 1936 137 50 secundum
520 1936 160 50 electionem
646 1936 126 50 hominis
737 1936 80 50 est
783 1936 91 50 vere
840 1936 126 50 praxis.
931 1936 80 50 sed
977 1936 103 50 talis
1034 1936 114 50 operatio

418 1979 106 51 potest
493 1979 85 51 esse
546 1979 127 51 secundum
641 1979 149 51 electionem
758 1979 117 51 homois.
843 1979 85 51 ergo
896 1979 85 51 vere
949 1979 106 51 potest
1024 1979 85 51 esse
1066 1979 85 51 praxis

433 2023 105 55 maior
504 2023 105 55 patet
574 2023 82 55 per
621 2023 117 55 commen
703 2023 70 55 id
738 2023 82 55 est
785 2023 105 55 ethi.
855 2023 70 55 in
890 2023 152 55 principio
1007 2023 82 55 vbi
1043 2023 105 55 descri-

432 2068 118 57 omnes
510 2068 131 57 praxim
602 2068 118 57 dicit
680 2068 104 57 sic.
745 2068 131 57 Praxis
837 2068 104 57 quam
902 2068 209 57 consueuerunt
1059 2068 91 57 trans

425 2108 102 58 ferre
493 2108 68 58 in
527 2108 102 58 actum
595 2108 79 58 est
640 2108 136 58 secundum
742 2108 159 58 electionem
867 2108 136 58 homoinis
969 2108 136 58 energia.
1071 2108 68 58 id
1093 2108 57 58 est

428 2151 149 62 operatio.
542 2151 103 62 minor
611 2151 115 62 patet.
691 2151 92 62 quia
749 2151 115 62 potest
829 2151 126 62 aliquis
921 2151 172 62 considerare
1059 2151 69 62 et
1082 2151 57 62 de-

421 2198 166 61 liberare
545 2198 83 61 an
587 2198 97 61 sit
642 2198 207 61 speculandum
808 2198 97 61 vel
863 2198 152 61 aliquid
973 2198 124 61 aliud
1042 2198 97 61 extra

414 2250 197 51 operandum.
569 2250 84 51 et
611 2250 141 51 potest
709 2250 141 51 postea
808 2250 141 51 habita
906 2250 239 51 deliberatione
1089 2250 56 51 et

420 2288 157 58 concluso
537 2288 104 58 quod
603 2288 91 58 sit
655 2288 196 58 speculandum
812 2288 91 58 vel
864 2288 170 58 studendum
994 2288 104 58 etc.
1047 2288 91 58 elige

414 2334 81 53 re
454 2334 94 53 vel
508 2334 189 53 praeponere
656 2334 148 53 studium
764 2334 94 53 vel
818 2334 229 53 speculationem
1007 2334 121 53 operi
1075 2334 67 53 ex-

424 2383 118 40 teriori
510 2383 64 40 et
542 2383 107 40 postea
618 2383 107 40 potest
693 2383 97 40 illum
757 2383 97 40 actum
822 2383 129 40 elicere.
918 2383 64 40 et
951 2383 75 40 per
994 2383 150 40 consequens
1101 2383 43 40 ta

428 2421 79 55 lis
473 2421 159 55 speculatio
598 2421 113 55 potest
677 2421 91 55 esse
733 2421 136 55 operatio
835 2421 136 55 secundum
937 2421 113 55 homois
1005 2421 136 55 electionem

432 2461 102 58 ergo
496 2461 102 58 tunc
559 2461 102 58 vere
623 2461 102 58 erit
686 2461 140 58 praxis.
788 2461 64 58 ⁋
814 2461 76 58 Ad
852 2461 153 58 secundum
966 2461 102 58 dico
1030 2461 102 58 quod
1080 2461 64 58 non

414 2509 165 49 sequitur.
541 2509 114 49 omnis
618 2509 152 49 operatio
732 2509 152 49 existens
846 2509 76 49 in
884 2509 165 49 potestate
999 2509 152 49 voluntatis

413 2550 92 51 est
466 2550 145 51 praxis.
571 2550 105 51 ergo
637 2550 92 51 ego
690 2550 132 51 possum
782 2550 105 51 face
848 2550 79 51 re
887 2550 105 51 quod
953 2550 171 51 geometria
1072 2550 66 51 est

414 2597 163 73 practica.
540 2597 88 73 sed
590 2597 150 73 sequitur
703 2597 100 73 quod
765 2597 88 73 ego
816 2597 125 73 facere
903 2597 125 73 possum
991 2597 100 73 quod
1041 2597 113 73 aliquis

1267 190 132 82 actus
1356 190 206 82 geometrie.
1517 190 118 82 puta
1591 190 118 82 iste
1664 190 118 82 quem
1738 190 147 82 possum
1826 190 162 82 contingen

1261 261 97 48 ter
1316 261 152 48 elicere
1427 261 97 48 sit
1482 261 110 48 vere
1551 261 152 48 praxis.
1662 261 152 48 quamuis
1772 261 97 48 non
1827 261 138 48 possit
1910 261 83 48 ille

1261 308 124 52 actus
1344 308 111 52 esse
1413 308 180 52 practicus
1552 308 69 52 ⁋
1579 308 83 52 Ad
1621 308 124 52 aliud
1704 308 111 52 dico
1773 308 111 52 quod
1828 308 166 52 manifestum

1260 353 85 53 est
1308 353 97 53 quod
1369 353 122 53 aliqua
1454 353 170 53 speculatio
1588 353 122 53 diuina
1673 353 85 53 non
1722 353 85 53 est
1770 353 122 53 praxis
1855 353 97 53 quia
1904 353 73 53 illa

1259 396 90 60 non
1311 396 90 60 est
1362 396 77 60 in
1401 396 168 60 potestate
1530 396 193 60 voluntatis.
1685 396 90 60 sed
1736 396 77 60 de
1762 396 219 60 speculationibus

1255 442 132 49 nostris
1351 442 84 49 non
1399 442 84 49 est
1447 442 84 49 ita
1495 442 180 49 manifestum.
1640 442 96 49 Unde
1700 442 96 49 quae
1760 442 120 49 dicunt
1844 442 96 49 quod
1892 442 84 49 omnis

1257 481 181 59 speculatio
1399 481 129 59 nostra
1489 481 90 59 sit
1541 481 77 59 in
1579 481 168 59 potestate
1708 481 193 59 voluntatis.
1863 481 129 59 habent
1940 481 52 59 di

1264 528 91 59 cere
1320 528 91 59 nisi
1377 528 125 59 errent.
1468 528 91 59 quod
1525 528 102 59 omnis
1593 528 159 59 speculatio
1718 528 114 59 nostra
1798 528 114 59 potest
1877 528 91 59 esse
1923 528 68 59 pra-

1266 575 97 56 xis.
1327 575 85 56 Sed
1375 575 97 56 quia
1436 575 121 56 reputo
1521 575 97 56 quod
1582 575 121 56 aliqua
1666 575 170 56 speculatio
1800 575 85 56 non
1849 575 85 56 sit
1897 575 73 56 in
1921 575 49 56 po

1264 621 132 52 testate
1360 621 132 52 nostra.
1456 621 84 52 qui
1504 621 108 52 autem
1576 621 84 52 sit
1624 621 96 52 illa
1683 621 132 52 dicetur
1779 621 72 52 in
1815 621 132 52 quarto.
1899 621 72 52 Ideo

1264 660 96 58 dico
1324 660 96 58 quod
1384 660 84 58 est
1432 660 120 58 aliqua
1515 660 168 58 speculatio
1647 660 120 58 humana
1731 660 96 58 quae
1791 660 84 58 non
1838 660 120 58 potest
1910 660 72 58 esse

1255 707 135 49 praxis.
1353 707 74 49 et
1390 707 98 49 ideo
1451 707 98 49 dico
1513 707 98 49 quod
1574 707 86 49 non
1623 707 110 49 omnis
1697 707 172 49 speculatio
1832 707 86 49 est
1881 707 74 49 in
1905 707 74 49 pote

1255 751 127 56 state
1340 751 141 56 nostra
1439 751 113 56 nisi
1509 751 127 56 forte
1594 751 184 56 meritorie
1736 751 99 56 vel
1778 751 198 56 demeritorie.

1259 796 95 47 Sed
1314 796 81 47 de
1354 796 109 47 illo
1422 796 109 47 modo
1490 796 149 47 habendi
1599 796 149 47 aliquid
1707 796 81 47 in
1748 796 177 47 potestate
1870 796 109 47 volun-

1247 846 117 47 tatis
1325 846 91 47 non
1377 846 91 47 est
1429 846 104 47 modo
1494 846 130 47 sermo.
1585 846 65 47 ⁋
1611 846 78 47 Ad
1651 846 117 47 aliud
1729 846 104 47 quod
1794 846 156 47 innuitur
1898 846 78 47 dico

1243 885 75 52 in
1281 885 125 52 ptante
1369 885 88 52 mea
1419 885 88 52 est
1469 885 100 52 quod
1532 885 176 52 speculatio
1670 885 88 52 sit
1720 885 138 52 praxis.
1820 885 88 52 vel
1871 885 88 52 non
1908 885 63 52 sit

1242 933 133 50 praxis.
1339 933 97 50 quia
1399 933 73 50 si
1435 933 181 50 contigentur
1580 933 73 50 et
1617 933 73 50 ex
1653 933 121 50 imprio
1737 933 169 50 voluntatis
1858 933 121 50 speculor

1247 972 108 55 tunc
1314 972 108 55 illa
1381 972 188 55 speculatio
1529 972 94 55 est
1583 972 148 55 praxis.
1690 972 81 55 Si
1731 972 94 55 non
1785 972 175 55 speculor.
1906 972 67 55 vel

1241 1023 78 46 si
1280 1023 91 46 non
1332 1023 156 46 speculor
1449 1023 78 46 ex
1488 1023 130 46 imprio
1579 1023 182 46 voluntatis
1723 1023 104 46 tunc
1788 1023 91 46 non
1840 1023 91 46 est
1879 1023 104 46 praxis

1257 1061 74 47 et
1294 1061 111 47 eodem
1368 1061 99 47 modo
1429 1061 111 47 eadem
1503 1061 173 47 speculatio
1639 1061 123 47 quando
1725 1061 111 47 primo
1799 1061 148 47 elicitur
1898 1061 74 47 ante

1244 1104 114 53 omnem
1321 1104 114 53 actum
1397 1104 178 53 voluntatis
1536 1104 89 53 non
1587 1104 89 53 est
1638 1104 140 53 praxis.
1740 1104 127 53 quando
1829 1104 127 53 postea
1905 1104 76 53 eli-

1251 1150 104 47 citur
1321 1150 81 47 vel
1367 1150 173 47 continuatur
1505 1150 69 47 ex
1540 1150 115 47 iperio
1620 1150 161 47 voluntatis
1747 1150 92 47 tunc
1805 1150 92 47 vere
1862 1150 92 47 erit
1908 1150 58 47 pra

1248 1192 97 59 xis.
1308 1192 85 59 nec
1357 1192 85 59 est
1405 1192 97 59 haoc
1465 1192 109 59 magis
1538 1192 181 59 incoueniens
1683 1192 73 59 de
1719 1192 193 59 speculatione
1876 1192 97 59 quam
1925 1192 48 59 de

1249 1232 105 48 aliis
1319 1232 152 48 praxibus.
1436 1232 82 48 sed
1483 1232 70 48 de
1518 1232 105 48 aliis
1588 1232 82 48 est
1635 1232 82 48 hoc
1681 1232 152 48 possibile
1798 1232 140 48 secundum
1891 1232 82 48 istos

1243 1280 81 52 sic
1289 1280 161 52 arguentes.
1415 1280 81 52 Nam
1461 1280 138 52 secundum
1565 1280 104 52 istos
1634 1280 127 52 numquam
1726 1280 81 52 est
1772 1280 104 52 actus
1829 1280 138 52 voluntatis

1255 1329 114 54 praxis
1334 1329 91 54 nisi
1391 1329 80 54 sit
1437 1329 148 54 elicitus.
1551 1329 80 54 sed
1597 1329 68 54 in
1631 1329 160 54 potenstate
1756 1329 160 54 voluntatis
1882 1329 80 54 est
1916 1329 57 54 eli

1249 1368 89 55 cere
1305 1368 101 55 illum
1372 1368 101 55 actum
1439 1368 78 55 vel
1483 1368 78 55 non
1528 1368 134 55 elicere.
1629 1368 145 55 Similiter
1741 1368 123 55 secundu
1830 1368 101 55 istos
1886 1368 78 55 actus

1253 1417 172 53 appetitus
1385 1417 172 53 sensitiui
1518 1417 159 53 quatenus
1637 1417 172 53 praecedit
1770 1417 119 53 actum
1836 1417 133 53 intelle-

1246 1462 98 50 ctus
1307 1462 86 50 non
1356 1462 86 50 est
1405 1462 122 50 praxis
1490 1462 86 50 hoc
1539 1462 98 50 enim
1600 1462 98 50 modo
1661 1462 147 50 communis
1771 1462 86 50 est
1820 1462 159 50 voluntati
1930 1462 49 50 et

1245 1500 147 52 brutis.
1352 1500 94 52 nec
1405 1500 161 52 respectu
1526 1500 147 52 illorum
1633 1500 134 52 actuum
1726 1500 94 52 est
1780 1500 134 52 aliqua
1860 1500 107 52 cogni-

1237 1547 95 53 tio
1292 1547 176 53 practica.
1427 1547 108 53 nisi
1495 1547 108 53 quia
1563 1547 135 53 aliquo
1657 1547 108 53 modo
1725 1547 95 53 est
1779 1547 190 53 moderatiua
1915 1547 54 53 il

1252 1587 109 47 lorum
1325 1587 133 47 actuum.
1422 1587 73 47 et
1458 1587 97 47 isti
1519 1587 109 47 actus
1591 1587 194 47 consequuntur
1749 1587 218 47 intellectionem
1919 1587 48 47 mo

1242 1625 175 55 deratiuam
1376 1625 81 55 vt
1417 1625 108 55 sunt
1484 1625 94 55 per
1538 1625 121 55 ipsam
1619 1625 175 55 moderati.
1754 1625 67 55 ⁋
1781 1625 81 55 Ex
1822 1625 121 55 istis
1889 1625 81 55 ver-

1244 1675 89 55 bis
1295 1675 114 55 eorum
1371 1675 114 55 patet
1447 1675 164 55 manifeste
1573 1675 101 55 quod
1636 1675 114 55 actus
1712 1675 164 55 appetitus
1826 1675 139 55 sensitiui

1242 1715 92 56 quae
1300 1715 150 56 praecedit
1415 1715 104 56 actum
1484 1715 184 56 intelligendi
1634 1715 81 56 non
1680 1715 81 56 est
1726 1715 127 56 praxis.
1818 1715 81 56 sed
1864 1715 104 56 actus
1921 1715 58 56 ap-

1251 1761 146 63 petitus
1357 1761 172 63 sensitiui
1489 1761 146 63 sequens
1596 1761 119 63 actum
1675 1761 212 63 intelligendi
1848 1761 119 63 cuius
1914 1761 53 63 mo

1245 1809 76 49 di
1283 1809 89 49 est
1334 1809 101 49 ille
1397 1809 114 49 actus
1473 1809 202 49 intelligendi
1637 1809 190 49 moderatiuus
1789 1809 101 49 vere
1852 1809 89 49 est
1890 1809 76 49 pra-

1244 1852 86 57 xis.
1298 1852 76 57 sed
1341 1852 86 57 ille
1395 1852 86 57 idem
1449 1852 97 57 actus
1514 1852 86 57 quae
1568 1852 151 57 praecessit
1687 1852 97 57 actum
1751 1852 173 57 intelligendi
1881 1852 86 57 potest

1235 1904 129 45 postea
1325 1904 155 45 moderari
1441 1904 90 45 per
1493 1904 193 45 intellectum
1647 1904 77 45 et
1686 1904 193 45 voluntatem.
1840 1904 103 45 ergo
1892 1904 77 45 idem

1240 1934 110 65 actus
1313 1934 110 65 primo
1386 1934 85 65 non
1435 1934 85 65 est
1484 1934 122 65 praxis
1569 1934 73 65 et
1606 1934 122 65 postea
1691 1934 85 65 est
1740 1934 122 65 praxis
1826 1934 73 65 et
1862 1934 98 65 eque
1911 1934 49 65 fa

1253 1987 119 52 ciliter
1340 1987 108 52 potest
1416 1987 76 52 hoc
1459 1987 87 52 dici
1513 1987 65 52 de
1546 1987 87 52 actu
1600 1987 162 52 intellectus
1730 1987 76 52 qui
1773 1987 108 52 potest
1838 1987 130 52 praecedere

1245 2029 86 50 actu
1299 2029 161 50 voluntatis.
1428 2029 64 50 et
1460 2029 86 50 tunc
1513 2029 75 50 non
1556 2029 75 50 est
1599 2029 118 50 praxis.
1685 2029 64 50 Et
1717 2029 107 50 potest
1792 2029 107 50 sequae
1857 2029 107 50 imperium

1236 2064 165 68 voluntatis
1366 2064 71 68 et
1401 2064 94 68 tunc
1460 2064 83 68 est
1508 2064 130 68 praxis.
1602 2064 71 68 Et
1638 2064 83 68 hoc
1685 2064 118 68 posset
1767 2064 177 68 confirmari.
1897 2064 71 68 quia

1245 2116 106 52 actus
1316 2116 189 52 intelligendi
1470 2116 106 52 magis
1541 2116 83 52 est
1588 2116 71 52 in
1623 2116 154 52 potestate
1741 2116 165 52 voluntatis
1871 2116 95 52 quam
1919 2116 47 52 a-

1249 2164 92 54 ctus
1307 2164 150 54 appetitus
1422 2164 161 54 sensitiui.
1549 2164 69 54 et
1584 2164 81 54 per
1630 2164 161 54 consequens
1757 2164 104 54 magis
1826 2164 115 54 potest
1895 2164 69 54 dici

1246 2210 138 54 praxis.
1346 2210 63 54 ⁋
1371 2210 75 54 Et
1408 2210 75 54 si
1446 2210 150 54 dicatur.
1558 2210 100 54 quod
1621 2210 125 54 praxis
1708 2210 113 54 debet
1783 2210 100 54 esse
1846 2210 163 54 posterior

1243 2253 171 48 naturaliter
1379 2253 205 48 intellectione.
1550 2253 57 48 ⁋
1573 2253 91 48 Dico
1629 2253 91 48 quod
1686 2253 80 48 hoc
1732 2253 80 48 est
1777 2253 114 48 verum.
1857 2253 91 48 quia
1902 2253 80 48 omnis

1239 2286 115 70 praxis
1320 2286 81 70 vel
1366 2286 81 70 est
1413 2286 104 70 actus
1482 2286 162 70 voluntatis
1609 2286 139 70 elicitus
1713 2286 81 70 vel
1759 2286 162 70 imparatus.
1886 2286 69 70 et
1909 2286 58 70 ita

1243 2330 96 58 vnus
1303 2330 108 58 actus
1375 2330 168 58 voluntatis
1507 2330 84 58 est
1555 2330 156 58 posterior
1676 2330 96 58 alio
1736 2330 108 58 actu.
1808 2330 108 58 sicut
1868 2330 84 58 actus

1246 2382 106 58 quo
1306 2382 181 58 speculor
1442 2382 151 58 diuina
1548 2382 106 58 est
1608 2382 196 58 posterior
1760 2382 121 58 actu
1820 2382 151 58 dictandi

1234 2424 96 57 quo
1289 2424 206 57 intellectus
1454 2424 110 57 meus
1523 2424 165 57 dictauit
1646 2424 110 57 quod
1715 2424 110 57 modo
1784 2424 137 57 debeat
1866 2424 96 57 specu

1245 2467 92 54 ari
1297 2467 144 54 divina.
1402 2467 105 54 nunc
1467 2467 118 54 actus
1546 2467 183 54 speculandi
1689 2467 131 54 divina
1781 2467 92 54 est
1833 2467 131 54 praxis
1912 2467 52 54 et

1235 2510 110 62 non
1298 2510 203 62 practicus
1454 2510 110 62 sed
1517 2510 141 62 actus
1611 2510 188 62 dictandi
1752 2510 110 62 est
1799 2510 172 62 practicus

1223 2560 82 51 et
1264 2560 123 51 forte
1346 2560 95 51 non
1400 2560 95 51 est
1455 2560 95 51 pro
1509 2560 109 51 tunc
1578 2560 150 51 praxis.
1687 2560 150 51 quamuis
1796 2560 136 51 possit
1877 2560 82 51 esse

1215 2608 171 60 praxis.
1340 2608 124 60 quia
1417 2608 155 60 potest
1526 2608 124 60 esse
1604 2608 202 60 imperatus
1759 2608 78 60 a
1775 2608 186 60 veluntate:
