2248 3050
498 207 63 84 ⁋
524 207 101 84 Item
587 207 101 84 ans.
651 207 101 84 vult
714 207 101 84 quod
777 207 152 84 creatura
892 207 76 84 in
930 207 89 84 deo
980 207 89 84 non
1031 207 89 84 est
1082 207 101 84 nisi
1133 207 63 84 cre

479 259 115 71 atrix
556 259 166 71 essentia.
683 259 64 71 ⁋
709 259 191 71 Specialiter
862 259 115 71 autem
938 259 140 71 probant
1040 259 127 71 aliqua
1117 259 76 71 quod

476 303 103 70 esse
540 303 219 70 intelligibile
720 303 154 70 creature
836 303 90 70 vel
887 303 103 70 esse
952 303 231 70 repraesentatum
1132 303 64 70 non

486 355 187 65 distinguitur
638 355 140 65 realiter
744 355 58 65 a
767 355 117 65 diuina
849 355 152 65 essentia.
966 355 82 65 sed
1013 355 94 65 esse
1059 355 129 65 reprasen-

478 391 104 71 tatum
548 391 81 71 est
594 391 93 71 idem
652 391 139 71 realiter
756 391 81 71 cum
802 391 104 71 forma
872 391 220 71 repraesentante.
1057 391 69 71 et
1092 391 93 71 esse
1138 391 58 71 co-

488 443 129 70 gnitum
578 443 90 70 est
630 443 103 70 idem
695 443 155 70 realiter
811 443 90 70 cum
862 443 194 70 cognitione.
1017 443 65 70 ⁋
1043 443 90 70 hoc
1082 443 116 70 probant

483 480 105 70 sic.
549 480 118 70 omnis
627 480 144 70 entitas
732 480 158 70 positiua
851 480 92 70 non
903 480 158 70 depedens
1021 480 79 70 ab
1061 480 118 70 anima
1126 480 66 70 est

485 524 131 73 entitas
581 524 131 73 realis.
676 524 84 73 sed
724 524 95 73 esse
783 524 215 73 repraesentatum
962 524 84 73 est
1010 524 119 73 quadam
1082 524 107 73 entitas

480 566 176 72 positiua.
616 566 81 72 et
656 566 95 72 non
711 566 162 72 dependet
832 566 81 72 ab
873 566 190 72 operatione
1008 566 190 72 intellectus.

484 609 80 73 qui
529 609 126 73 species
621 609 206 73 repraesentaret
792 609 103 73 etiam
861 609 69 73 si
895 609 171 73 intellectus
1032 609 80 73 non
1066 609 126 73 intellige

481 656 91 69 ret.
537 656 91 69 ergo
594 656 91 69 esse
651 656 205 69 repraesentatum
822 656 80 69 est
867 656 125 69 entitas
958 656 114 69 realis
1038 656 68 69 et
1072 656 80 69 non
1117 656 91 69 alia
1163 656 34 69 a

494 706 101 54 deo.
557 706 101 54 ergo
620 706 101 54 etc.
683 706 101 54 Idem
746 706 176 54 argumentum
884 706 126 54 posset
972 706 113 54 fieri
1047 706 75 54 de
1085 706 101 54 esse
1135 706 63 54 co-

493 742 141 74 gnito.
592 742 71 74 ⁋
620 742 155 74 Secundo
733 742 113 74 sic.
803 742 169 74 Quicquid
930 742 169 74 sequitur
1043 742 155 74 entitatem

482 787 136 67 realem
577 787 203 67 necessitate
740 787 163 67 naturali
862 787 95 67 est
916 787 149 67 estitas
1025 787 136 67 realis
1106 787 95 67 neces

481 830 132 64 sario.
573 830 92 64 sed
626 830 79 64 ad
666 830 132 64 formam
758 830 251 64 repraesentantem
969 830 198 64 necessitate
1115 830 79 64 natu

494 865 100 75 rali
556 865 150 75 sequitur
668 865 100 75 esse
730 865 224 75 repraesentatum
917 865 75 75 et
955 865 75 75 ad
992 865 187 75 cognitionem
1129 865 75 75 esse

489 917 177 61 cognitum.
626 917 109 61 ergo
694 917 109 61 etc.
762 917 68 61 ⁋
790 917 96 61 Ite
844 917 164 61 terminus
967 917 218 61 productionis
1131 917 68 61 rea

500 961 88 65 lis
551 961 114 65 habet
627 961 101 65 esse
690 961 126 65 reale.
778 961 88 65 sed
828 961 189 65 intellectus
980 961 114 65 agens
1056 961 139 65 actione
1144 961 63 65 rea

494 1001 75 74 li
532 1001 151 74 producit
645 1001 101 74 esse
708 1001 214 74 intelligibile
884 1001 138 74 obiecti
985 1001 101 74 siue
1048 1001 151 74 obiectum
1149 1001 50 74 in

498 1047 89 63 esse
553 1047 199 63 intelligibili.
720 1047 111 63 ipsius
797 1047 89 63 enim
853 1047 78 63 est
897 1047 122 63 aliquod
985 1047 89 63 esse
1041 1047 111 63 reale.
1118 1047 66 63 et
1141 1047 55 63 non

501 1091 137 67 producit
604 1091 92 67 nisi
661 1091 126 67 speciem
752 1091 218 67 intelligibilem.
936 1091 92 67 ergo
993 1091 92 67 esse
1039 1091 160 67 intelligibi-

499 1134 64 61 le
531 1134 116 61 obiecti
616 1134 85 61 quod
669 1134 74 61 est
711 1134 85 61 suum
764 1134 85 61 esse
817 1134 191 61 repraesentatum
976 1134 74 61 per
1018 1134 116 61 speciem
1103 1134 74 61 est
1134 1134 64 61 idem

495 1176 148 68 realiter
606 1176 86 68 cum
655 1176 123 68 specie
741 1176 234 68 repraesentante.
939 1176 62 68 ⁋
964 1176 160 68 Preterea.
1087 1176 111 68 iiii.
1149 1176 49 68 me

495 1230 93 60 tha.
553 1230 104 60 dicit
623 1230 174 60 philosophus
762 1230 93 60 quod
820 1230 81 60 ens
866 1230 70 60 et
901 1230 93 60 vnum
959 1230 93 60 sunt
1017 1230 93 60 idem
1075 1230 70 60 et
1109 1230 81 60 vna
1144 1230 58 60 na-

493 1261 113 66 tura.
569 1261 100 66 quia
631 1261 88 66 non
681 1261 175 66 separantur
819 1261 75 66 in
857 1261 188 66 generatione
1007 1261 75 66 et
1032 1261 163 66 corruptione

496 1304 82 76 ergo
547 1304 82 76 illa
598 1304 82 76 sunt
649 1304 82 76 idem
700 1304 122 76 realiter
792 1304 102 76 quando
863 1304 153 76 impossibile
986 1304 71 76 est
1026 1304 82 76 vnum
1077 1304 122 76 generari
1159 1304 51 76 vel

488 1351 144 61 corrumpi
596 1351 96 61 sine
656 1351 108 61 alio.
728 1351 84 61 sed
776 1351 180 61 impossibile
919 1351 84 61 est
967 1351 120 61 formam
1039 1351 168 61 repraesentam

495 1394 81 67 tem
542 1394 104 67 esse.
611 1394 92 67 nisi
668 1394 81 67 sit
714 1394 92 67 esse
772 1394 207 67 repraesentatum
945 1394 150 67 alicuius.
1060 1394 81 67 vel
1095 1394 115 67 econuer-

502 1434 88 65 so.
553 1434 101 65 ergo
616 1434 101 65 etc.
679 1434 63 65 ⁋
704 1434 101 65 Item
767 1434 113 65 omnis
843 1434 139 65 entitas
943 1434 88 65 non
994 1434 113 65 prima
1069 1434 76 65 ab
1107 1434 101 65 actu
1158 1434 50 65 in

493 1480 165 65 tellectus
620 1480 165 65 fabricata
747 1480 89 65 est
797 1480 76 65 ab
835 1480 127 65 aliquo
924 1480 177 65 effectiue.
1063 1480 89 65 sed
1114 1480 101 65 esse
1164 1480 51 65 in

498 1521 183 66 telligibile
644 1521 85 66 non
693 1521 85 66 est
742 1521 85 66 per
790 1521 183 66 intellectum
937 1521 183 66 fabricatum.
1083 1521 85 66 nec
1132 1521 85 66 est
1168 1521 37 66 a

503 1565 85 71 deo
552 1565 171 71 effectiue.
686 1565 98 71 quia
747 1565 183 71 cuiuscumque
894 1565 122 71 diuina
979 1565 147 71 essentia
1089 1565 85 71 est
1126 1565 85 71 prin-

509 1606 121 70 cipium
594 1606 133 70 efficit
690 1606 109 70 illud
763 1606 181 70 naturaliter
908 1606 73 70 et
944 1606 145 70 secundum
1053 1606 133 70 vltimum
1137 1606 85 70 posse

496 1653 91 73 suum
552 1653 68 73 et
586 1653 91 73 tale
643 1653 159 73 necessario
768 1653 102 73 habet
836 1653 91 73 esse
893 1653 68 73 in
927 1653 136 73 effectu.
1029 1653 91 73 ergo
1085 1653 79 73 non
1131 1653 79 73 est
1165 1653 45 73 ab

500 1698 104 71 eter
565 1698 91 71 non
617 1698 104 71 esse
682 1698 235 71 repraesentatum
878 1698 169 71 creature.
1008 1698 104 71 nisi
1074 1698 91 71 sit
1113 1698 104 71 diuina

505 1739 178 68 essentia.
642 1739 68 68 ⁋
670 1739 178 68 Preterea.
806 1739 109 68 omne
875 1739 123 68 prius
957 1739 137 68 natura
1053 1739 109 68 alio
1108 1739 109 68 potest

513 1783 100 66 esse
575 1783 100 66 sine
637 1783 100 66 illo
700 1783 125 66 absque
787 1783 237 66 contradictione.
986 1783 212 66 repraesentans
1149 1783 62 66 non

512 1824 118 72 potest
595 1824 95 72 esse
654 1824 118 72 absque
737 1824 95 72 esse
796 1824 213 72 repraesentato.
973 1824 83 72 nec
1021 1824 142 72 cognitio
1115 1824 95 72 absque

509 1869 97 64 esse
569 1869 145 64 cognito.
678 1869 97 64 ergo
739 1869 97 64 etc.
799 1869 61 64 ⁋
824 1869 145 64 Preterea
933 1869 97 64 esse
993 1869 206 64 intelligibile
1150 1869 61 64 cre

504 1912 127 67 ature
588 1912 113 67 sibi
659 1912 183 67 coueniens
800 1912 84 67 ab
842 1912 141 67 eterno
940 1912 99 67 aut
997 1912 99 67 est
1053 1912 84 67 ex
1095 1912 84 67 se
1123 1912 99 67 neces

518 1959 72 63 se
554 1959 107 63 esse.
625 1959 72 63 et
661 1959 131 63 habetur
757 1959 179 63 propositum.
900 1959 84 63 Aut
948 1959 155 63 possibile
1067 1959 107 63 esse.
1138 1959 72 63 et
1162 1959 60 63 hoc

522 1998 85 61 est
570 1998 134 61 falsum.
668 1998 97 61 quia
728 1998 97 61 tunc
789 1998 97 61 deus
850 1998 85 61 non
898 1998 170 61 necessario
1032 1998 170 61 coexigeret
1153 1998 73 61 esse

512 2040 250 71 intelligibile
718 2040 191 71 creature.
865 2040 73 71 ⁋
894 2040 176 71 Preterea
1026 2040 176 71 voluntas
1144 2040 88 71 vult

527 2087 144 60 creaturam
638 2087 133 60 secundum
737 2087 89 60 esse
793 2087 89 60 suum
848 2087 199 60 intelligibile.
1014 2087 89 60 quia
1070 2087 89 60 vult
1125 2087 66 60 se
1147 2087 78 60 intel

515 2126 127 70 ligere
604 2126 102 70 omne
668 2126 216 70 intelligibile
845 2126 76 70 et
883 2126 89 70 non
934 2126 216 70 contingenter.
1112 2126 102 70 ergo
1163 2126 63 70 ne-

521 2168 154 69 cessario.
640 2168 83 69 sed
687 2168 83 69 non
735 2168 95 69 vult
794 2168 130 69 aliquod
889 2168 107 69 aliud
960 2168 59 69 a
984 2168 71 69 se
1019 2168 178 69 necessario.
1150 2168 71 69 ergo

511 2220 104 57 etc.
576 2220 65 57 ⁋
602 2220 207 57 Confirmatur.
770 2220 104 57 quia
835 2220 104 57 deus
899 2220 91 57 non
951 2220 104 57 vult
1016 2220 181 57 necessario
1145 2220 78 57 ali-

530 2255 99 73 quid
591 2255 99 73 quod
653 2255 87 73 est
703 2255 74 73 ad
740 2255 124 73 finem.
826 2255 62 73 ⁋
851 2255 148 73 Preterea
962 2255 148 73 voluntas
1073 2255 99 73 quae
1123 2255 111 73 determi

528 2299 105 69 natur
598 2299 70 69 ad
633 2299 117 69 finem.
715 2299 82 69 non
762 2299 187 69 determinatur
913 2299 70 69 ad
948 2299 128 69 aliquod
1041 2299 105 69 eorum
1111 2299 93 69 quae
1158 2299 70 69 sunt

525 2348 74 59 ad
562 2348 124 59 finem.
648 2348 99 59 nisi
710 2348 149 59 quatinus
822 2348 87 59 per
871 2348 186 59 spllogismum
1020 2348 161 59 practicum
1131 2348 99 59 conclu

527 2386 104 69 datur
597 2386 69 69 ex
631 2386 92 69 fine
689 2386 162 69 necessitas
816 2386 116 69 illius
897 2386 104 69 entis
966 2386 69 69 ad
1001 2386 116 69 finem.
1082 2386 81 69 sed
1128 2386 92 69 esse
1174 2386 58 69 in-

532 2426 189 64 telligibile
684 2426 76 64 si
722 2426 88 64 sit
772 2426 114 64 aliud
848 2426 63 64 a
873 2426 101 64 deo.
936 2426 88 64 non
987 2426 88 64 est
1037 2426 189 64 necessarium
1189 2426 76 64 ad

521 2478 139 54 vltimum
622 2478 126 54 finem.
711 2478 101 54 ergo
774 2478 177 54 necessario
912 2478 214 54 intelligitur.
1089 2478 63 54 ⁋
1101 2478 139 54 Preterea.

522 2522 89 60 si
567 2522 162 60 aliquis
685 2522 221 60 necessitate
862 2522 177 60 absoluta
995 2522 118 60 vult
1069 2522 103 60 ens
1113 2522 118 60 diminu

521 2568 109 75 tum
584 2568 93 75 et
630 2568 187 75 diminute
770 2568 202 75 ordinatum
926 2568 93 75 ad
972 2568 140 75 finem
1065 2568 140 75 multo
1143 2568 109 75 magis

1278 184 109 69 vult
1346 184 190 69 necessario
1496 184 95 69 ens
1550 184 177 69 perfectum
1686 184 163 69 perfecte
1808 184 177 69 ordinatum
1944 184 81 69 ad

1291 235 111 71 finem.
1368 235 89 71 quia
1424 235 155 71 perfectior
1545 235 100 71 ratio
1612 235 210 71 diligibilitatis
1789 235 77 71 est
1833 235 66 71 in
1866 235 89 71 ente
1911 235 77 71 perfe

1289 280 89 66 cto
1340 280 102 66 quam
1404 280 76 66 in
1442 280 102 66 ente
1505 280 165 66 diminuto.
1632 280 102 66 ergo
1696 280 76 66 si
1734 280 102 66 deus
1798 280 178 66 necessario
1925 280 76 66 vult

1283 322 111 63 esse
1353 322 236 63 intelligibile
1547 322 167 63 creature
1672 322 167 63 diminute
1797 322 181 63 ordinatum
1936 322 83 63 ad

1278 366 112 67 deum
1348 366 126 67 multo
1432 366 126 67 magis
1517 366 112 67 vult
1587 366 197 67 necessario
1741 366 183 67 creaturam
1882 366 84 67 in
1910 366 84 67 esse

1286 418 152 68 perfecto.
1403 418 93 68 quod
1461 418 117 68 fallum
1543 418 93 68 est.
1601 418 58 68 ⁋
1625 418 140 68 Preterea
1730 418 93 68 esse
1788 418 198 68 intelligibile
1940 418 58 68 cre

1294 455 123 67 ature
1376 455 95 67 est
1431 455 123 67 prius
1512 455 177 67 voluntate
1649 455 82 67 et
1690 455 109 67 actu
1758 455 191 67 voluntatis
1894 455 109 67 diuine

1285 495 89 70 qui
1336 495 152 70 essentia
1450 495 126 70 diuina
1538 495 114 70 prius
1614 495 202 70 repraesentat
1778 495 177 70 creaturam.
1918 495 76 70 et
1943 495 63 70 im-

1291 542 165 65 tellectus
1418 542 140 65 diuinus
1520 542 114 65 prius
1596 542 178 65 intelligit
1735 542 165 65 creaturam
1862 542 102 65 quam
1913 542 89 65 volun

1296 584 75 65 tas
1339 584 96 65 velit
1403 584 75 65 eam
1446 584 64 65 in
1479 584 86 65 esse
1532 584 96 65 reali
1596 584 75 65 vel
1639 584 193 65 intelligibili.
1800 584 86 65 ergo
1854 584 64 65 si
1886 584 75 65 sit
1918 584 75 65 alium

1292 634 96 61 esse
1352 634 60 61 a
1376 634 84 61 deo
1424 634 132 61 aliquod
1520 634 108 61 aliud
1592 634 60 61 a
1616 634 84 61 deo
1663 634 84 61 est
1711 634 108 61 prius
1783 634 156 61 voluntate
1891 634 108 61 divina.

1313 676 68 68 ⁋
1341 676 164 68 Preterea
1464 676 110 68 esse
1532 676 233 68 intelligibile
1724 676 164 68 creature
1847 676 82 68 ab
1875 676 123 68 eterno.

1292 722 84 59 aut
1340 722 84 59 est
1388 722 155 59 proprium.
1507 722 84 59 aut
1555 722 179 59 intrinsecum
1698 722 95 59 deo.
1757 722 72 59 et
1793 722 107 59 haber
1853 722 155 59 propositum.

1290 762 81 64 Aut
1337 762 81 64 ese
1383 762 150 64 creature.
1499 762 69 64 et
1533 762 81 64 per
1580 762 162 64 consequens
1707 762 139 64 fundatur
1811 762 69 64 in
1846 762 93 64 esse
1892 762 116 64 creature

1295 800 79 75 quae
1345 800 169 75 intelligitur.
1484 800 60 75 et
1514 800 70 75 per
1553 800 139 75 consequens
1662 800 149 75 persupponit
1782 800 129 75 creaturam
1881 800 60 75 in
1911 800 79 75 quae
1950 800 50 75 fun

1297 844 97 66 datur
1362 844 65 66 et
1395 844 87 66 esse
1449 844 130 66 creature
1546 844 108 66 anquam
1622 844 54 66 a
1643 844 76 66 deo
1686 844 205 66 intelligeretur.
1859 844 76 66 tam
1892 844 108 66 secundum

1302 895 158 64 quidditatem
1429 895 84 64 quam
1481 895 126 64 secundum
1576 895 147 64 essentiam.
1692 895 84 64 quia
1745 895 126 64 vtrumque
1840 895 105 64 habuit
1913 895 84 64 esse
1955 895 53 64 in-

1289 930 206 66 telligibile
1454 930 83 66 ab
1496 930 151 66 eterno.
1606 930 69 66 ⁋
1633 930 165 66 Preterea
1757 930 138 66 nullum
1853 930 110 66 esse
1908 930 124 66 distin-

1291 981 109 59 ctum
1359 981 82 59 ex
1400 981 136 59 natura
1496 981 95 59 rei
1550 981 109 59 eque
1618 981 163 59 perfecte
1740 981 163 59 conuenit
1849 981 150 59 creaturis

1309 1019 103 76 quando
1381 1019 82 76 sunt
1432 1019 62 76 et
1463 1019 103 76 quando
1535 1019 72 76 non
1576 1019 93 76 sunt.
1638 1019 72 76 sed
1679 1019 82 76 esse
1731 1019 175 76 intelligibile
1875 1019 123 76 creature
1957 1019 41 76 ab

1300 1077 121 56 eterno
1385 1077 97 56 eque
1445 1077 145 56 perfecte
1554 1077 133 56 couenit
1650 1077 133 56 omnibus
1747 1077 157 56 creaturis
1868 1077 121 56 quando
1941 1077 60 56 non

1303 1114 83 59 sunt
1354 1114 93 59 sicut
1416 1114 103 59 quando
1489 1114 93 59 sunt.
1551 1114 83 59 quia
1603 1114 93 59 equae
1665 1114 124 59 perfecte
1758 1114 83 59 deus
1809 1114 145 59 intelligit
1913 1114 93 59 creatur

1298 1155 102 60 ras.
1362 1155 64 60 ⁋
1387 1155 152 60 Preterea
1502 1155 152 60 quicquid
1616 1155 89 60 est
1667 1155 127 60 omnino
1756 1155 178 60 immutabile
1895 1155 89 60 est
1933 1155 102 60 omnino

1301 1194 137 74 necesse
1400 1194 112 74 esse.
1475 1194 87 74 sed
1525 1194 100 74 esse
1587 1194 212 74 intelligibile
1762 1194 175 74 conueniens
1886 1194 125 74 creature

1293 1235 74 61 ab
1330 1235 123 61 eterno
1416 1235 86 61 est
1465 1235 185 61 immutabile.
1613 1235 99 61 quia
1675 1235 123 61 aliter
1761 1235 185 61 intelligere
1897 1235 111 61 diuiuus

1296 1282 111 65 esset
1369 1282 160 65 mutabile.
1492 1282 98 65 ergo
1554 1282 98 65 esse
1615 1282 209 65 intelligibile
1787 1282 147 65 creature
1897 1282 86 65 est
1934 1282 74 65 nece

1299 1323 73 64 se
1335 1323 109 64 esse.
1408 1323 61 64 ⁋
1433 1323 146 64 Preterea
1542 1323 146 64 creatura
1651 1323 146 64 secundum
1761 1323 97 64 esse
1821 1323 97 64 suum
1870 1323 170 64 intelligibi-

1300 1371 67 63 le
1333 1371 67 63 ab
1366 1371 111 63 eterno
1444 1371 78 63 est
1489 1371 100 63 magis
1555 1371 155 63 necessaria
1677 1371 89 63 quam
1733 1371 133 63 secundum
1832 1371 89 63 esse
1888 1371 89 63 suum
1943 1371 67 63 in
1966 1371 55 63 est

1305 1415 118 68 fectu.
1388 1415 94 68 quia
1447 1415 94 68 esse
1506 1415 200 68 intelligibile
1671 1415 130 68 virtute
1765 1415 130 68 nullius
1859 1415 118 68 causae
1930 1415 94 68 potest

1304 1458 71 60 non
1345 1458 92 60 esse.
1406 1458 81 60 ergo
1456 1458 61 60 ea
1487 1458 122 60 secundum
1579 1458 81 60 esse
1629 1458 173 60 intelligibile
1772 1458 71 60 est
1813 1458 92 60 magis
1874 1458 122 60 perfecta
1955 1458 61 60 quae

1308 1500 139 72 secundum
1413 1500 93 72 esse
1471 1500 70 72 in
1505 1500 139 72 effectu.
1610 1500 81 72 sed
1656 1500 81 72 non
1702 1500 81 72 est
1749 1500 104 72 magis
1818 1500 139 72 perfecta
1911 1500 116 72 entitate

1313 1540 169 65 creature.
1443 1540 104 65 ergo
1509 1540 156 65 entitate
1626 1540 104 65 dei.
1691 1540 65 65 ⁋
1717 1540 156 65 Preterea
1834 1540 104 65 tale
1900 1540 104 65 esse
1952 1540 91 65 intel

1320 1585 131 64 ligibile
1418 1585 76 64 est
1462 1585 120 64 aliquid
1549 1585 152 64 positiuum.
1668 1585 65 64 et
1701 1585 76 64 non
1744 1585 76 64 est
1788 1585 76 64 ens
1831 1585 141 64 rationis.
1940 1585 76 64 nec
1973 1585 54 64 est

1305 1630 162 69 substantia
1432 1630 127 69 creata.
1525 1630 92 69 ergo
1582 1630 162 69 substantia
1709 1630 150 69 increata.
1825 1630 81 69 Pro
1871 1630 162 69 praedictis
1986 1630 35 69 a

1316 1678 128 70 ticulis
1409 1678 105 70 multa
1479 1678 93 70 alia
1537 1678 151 70 dicuntur.
1654 1678 81 70 sed
1700 1678 93 70 quia
1758 1678 128 70 solutis
1852 1678 175 70 praedictuis
1979 1678 47 70 ma

1311 1726 120 61 nifeste
1399 1726 99 61 patet
1464 1726 120 61 solutio
1552 1726 110 61 omnium
1629 1726 131 61 aliorum.
1727 1726 88 61 ideo
1782 1726 88 61 ipsa
1837 1726 99 61 causa
1892 1726 131 61 breuitatis

1310 1760 129 66 omitto.
1404 1760 59 66 ⁋
1428 1760 82 66 Sed
1475 1760 94 66 ista
1533 1760 117 66 opinio
1616 1760 106 66 iaver
1686 1760 94 66 mihi
1745 1760 200 66 irrationalis.
1909 1760 94 66 quia
1956 1760 59 66 tam

1314 1805 90 69 plus
1370 1805 124 69 constat
1460 1805 68 69 in
1494 1805 90 69 vbis
1550 1805 90 69 quam
1607 1805 68 69 in
1641 1805 79 69 re.
1686 1805 68 69 et
1720 1805 101 69 verba
1787 1805 90 69 sunt
1844 1805 68 69 ad
1877 1805 147 69 placitum.
1979 1805 45 69 et

1313 1844 182 69 vnusquisque
1458 1844 121 69 potest
1543 1844 121 69 vocare
1628 1844 97 69 esse
1689 1844 206 69 intelligibile
1858 1844 145 69 creature
1955 1844 85 69 sicut

1317 1891 123 66 placet.
1406 1891 89 66 ideo
1462 1891 123 66 arguere
1551 1891 145 66 conclusio
1663 1891 101 66 istam
1730 1891 134 66 opiniono
1831 1891 78 66 est
1876 1891 123 66 arguere
1965 1891 67 66 ad
1987 1891 45 66 no

1317 1934 81 71 men
1364 1934 70 71 et
1399 1934 81 71 non
1445 1934 70 71 ad
1480 1934 81 71 re.
1526 1934 70 71 et
1561 1934 151 71 propterea
1678 1934 139 71 breuiter
1782 1934 128 71 improbo
1875 1934 93 71 eam.
1933 1934 70 71 et
1956 1934 70 71 infe

1314 1982 85 58 ro
1356 1982 127 58 multa
1441 1982 240 58 inconuenietia
1638 1982 85 58 ex
1681 1982 99 58 ea.
1737 1982 71 58 ⁋
1765 1982 113 58 Unum
1836 1982 99 58 est
1892 1982 113 58 quod
1948 1982 85 58 iste

1326 2020 134 64 opinans
1423 2020 110 64 habet
1497 2020 171 64 concedere:
1631 2020 98 64 quod
1692 2020 98 64 esse
1753 2020 146 64 creabile
1862 2020 146 64 creature
1960 2020 61 64 est

1323 2064 85 66 idem
1377 2064 128 66 realiter
1473 2064 75 66 cum
1516 2064 85 66 deo.
1569 2064 85 66 quia
1622 2064 96 66 sicut
1686 2064 85 66 iste
1740 2064 96 66 ponit
1804 2064 85 66 quod
1857 2064 85 66 quia
1911 2064 64 66 de
1932 2064 96 66 necesst

1317 2108 95 65 tate
1377 2108 143 65 sequitur
1483 2108 71 65 si
1519 2108 95 65 deus
1579 2108 83 65 est
1626 2108 178 65 intelligens
1769 2108 95 65 quod
1828 2108 143 65 creatura
1923 2108 107 65 necessa

1322 2155 77 55 rio
1366 2155 99 55 habet
1432 2155 88 55 esse
1488 2155 133 55 cognitum
1587 2155 66 55 et
1620 2155 88 55 quod
1675 2155 88 55 esse
1731 2155 133 55 cognitum
1830 2155 133 55 creature
1930 2155 77 55 est
1963 2155 66 55 idem

1327 2196 133 65 realiter
1427 2196 78 65 cum
1471 2196 89 65 deo.
1526 2196 66 65 Et
1560 2196 100 65 eodem
1626 2196 89 65 modo
1681 2196 144 65 sequitur.
1792 2196 66 65 si
1825 2196 89 65 deus
1881 2196 78 65 est
1914 2196 122 65 creatiuus

1324 2240 91 61 quod
1380 2240 136 61 creatura
1483 2240 79 61 est
1528 2240 159 61 creabilis.
1653 2240 68 61 et
1687 2240 91 61 quod
1744 2240 136 61 creatura
1846 2240 102 61 habet
1914 2240 91 61 esse
1960 2240 79 61 crea-

1327 2282 86 61 bile
1381 2282 65 61 et
1414 2282 76 61 per
1457 2282 151 61 consequens
1576 2282 86 61 esse
1630 2282 130 61 creabile
1727 2282 130 61 creature
1824 2282 86 61 erit
1878 2282 86 61 idem
1921 2282 108 61 realiter

1324 2325 78 63 cum
1368 2325 89 63 deo.
1424 2325 89 63 Unde
1479 2325 144 63 inducendo
1591 2325 78 63 per
1635 2325 100 63 omnes
1702 2325 89 63 suas
1757 2325 133 63 rationes
1857 2325 100 63 patet
1924 2325 89 63 quod
1968 2325 67 63 eque

1326 2379 164 59 concludunt
1455 2379 94 59 quod
1514 2379 94 59 esse
1572 2379 141 59 creabile
1678 2379 141 59 creature
1783 2379 82 59 est
1830 2379 94 59 idem
1889 2379 141 59 realiter
1982 2379 59 59 cum

1325 2409 89 59 deo.
1380 2409 78 59 sic
1425 2409 89 59 quod
1480 2409 89 59 esse
1536 2409 189 59 intelligibile
1691 2409 133 59 creature
1791 2409 78 59 est
1835 2409 89 59 idem
1891 2409 133 59 realiter
1980 2409 55 59 cum

1320 2458 98 55 deo.
1381 2458 74 55 Et
1418 2458 86 55 hoc
1467 2458 160 55 manifeste
1590 2458 172 55 ostendetur
1725 2458 148 55 soluendo
1836 2458 148 55 rationes
1934 2458 111 55 praedi-

1323 2502 92 53 ctas
1381 2502 58 53 ⁋
1404 2502 150 53 Similiter
1520 2502 162 53 sequeretur
1647 2502 92 53 quod
1704 2502 92 53 esse
1762 2502 150 53 possibile
1877 2502 138 53 creature
1981 2502 104 53 esset

1320 2550 84 67 idem
1373 2550 126 67 realiter
1468 2550 74 67 cum
1510 2550 84 67 deo.
1562 2550 63 67 et
1594 2550 74 67 per
1636 2550 147 67 consequens
1751 2550 84 67 quod
1804 2550 84 67 esse
1856 2550 137 67 possibile
1951 2550 105 67 creatfe
