2267 3051
421 185 122 81 quando
506 185 97 81 illa
567 185 195 81 determinatio
725 185 146 81 repugnat
835 185 97 81 toti
896 185 85 81 sed
944 185 85 81 non
993 185 110 81 parti
1054 185 85 81 nisi-

419 260 110 52 quando
496 260 88 52 pars
551 260 77 52 est
595 260 66 52 in
628 260 99 52 toto.
694 260 66 52 et
727 260 77 52 hoc
771 260 77 52 est
814 260 99 52 verum
880 260 88 52 nisi
935 260 88 52 illa
979 260 154 52 determinatio

411 304 82 47 sit
458 304 152 47 equiuocum
575 304 58 47 a
598 304 140 47 consilio
703 304 82 47 per
750 304 210 47 transiationem.
925 304 105 47 sicut
995 304 93 47 homo
1042 304 93 47 equiuo

417 347 71 48 ce
453 347 131 48 dicitur
548 347 71 48 de
584 347 119 48 homine
667 347 95 48 vero
727 347 71 48 et
763 347 71 48 de
798 347 119 48 homine
882 347 107 48 picto
953 347 71 48 et
977 347 155 48 sillogismus

412 386 178 50 equiuoce
546 386 89 50 de
590 386 208 50 sillogilmo
753 386 119 50 vero
828 386 89 50 et
872 386 208 50 sillogismo
1020 386 119 50 sophi-

411 428 117 45 stico
489 428 78 45 et
528 428 91 45 sic
580 428 78 45 de
619 428 130 45 aliis.
710 428 91 45 sic
762 428 91 45 non
813 428 91 45 est
865 428 78 45 de
904 428 117 45 istis
969 428 169 45 determinati

410 470 146 51 onibus.
516 470 66 51 ⁋
542 470 80 51 Et
582 470 80 51 si
622 470 146 51 dicatur
728 470 106 51 quod
794 470 106 51 sunt
861 470 252 51 determinationes
1059 470 80 51 dimi

416 516 127 45 nuentes.
511 516 84 45 Dico
564 516 84 45 quod
617 516 74 45 hoc
659 516 74 45 est
701 516 106 45 ialsum
775 516 169 45 simpliciter.
912 516 84 45 quia
965 516 106 45 semper
1028 516 106 45 determi-

409 554 108 57 natio
481 554 120 57 quondo
565 554 84 57 est
612 554 156 57 diminuens
732 554 132 57 additur
828 554 120 57 alicui
912 554 144 57 praecise
1007 554 120 57 importam

410 603 68 53 ti
444 603 113 53 partem
522 603 113 53 illius
601 603 90 53 quod
657 603 158 53 importatur
781 603 158 53 peralterum
905 603 146 53 extremum.
1017 603 101 53 sicut
1074 603 56 53 hic

418 646 118 51 cthiops
504 646 75 51 est
547 646 97 51 albus
612 646 129 51 secundum
709 646 118 51 dentes.
795 646 75 51 sic
838 646 97 51 autem
903 646 75 51 non
946 646 75 51 est
989 646 65 51 in
1011 646 118 51 proposito

411 693 114 49 sicut
487 693 241 49 manifesteiptet.
691 693 63 49 ⁋
716 693 76 49 Ad
754 693 114 49 aliud
830 693 114 49 patet
906 693 102 49 quod
970 693 152 49 cognitio
1072 693 63 49 di-

410 732 101 55 uina
473 732 126 55 potest
561 732 101 55 esse
624 732 101 55 sine
687 732 101 55 esse
750 732 138 55 cognito
851 732 164 55 creature.
977 732 76 55 et
1015 732 88 55 ita
1052 732 76 55 fuit

423 783 80 49 de
463 783 120 49 facto
543 783 107 49 ante
609 783 120 49 mundi
689 783 200 49 creationem.
849 783 107 49 quia
916 783 107 49 tunc
982 783 107 49 fuit
1035 783 107 49 cogni-

409 822 97 53 tio
465 822 152 53 diuina.
575 822 83 53 et
617 822 111 53 tunc
686 822 97 53 non
741 822 111 53 fuit
811 822 111 53 esse
880 822 166 53 cognitum
991 822 138 53 creature

416 866 89 58 qui
467 866 114 58 illud
543 866 101 58 esse
606 866 152 58 cognitum
720 866 152 58 creature
834 866 89 58 est
885 866 114 58 impsa
961 866 165 58 creatura.
1075 866 63 58 vel

411 911 96 58 esse
471 911 144 58 existere
579 911 156 58 creature.
700 911 72 58 et
736 911 84 58 sic
784 911 84 58 est
832 911 96 58 idem
892 911 144 58 realiter
1001 911 84 58 cum
1037 911 96 58 creatu

414 954 84 50 ra.
462 954 72 50 et
498 954 96 50 ideo
558 954 108 50 sicut
630 954 96 50 fuit
690 954 108 50 verum
762 954 120 50 dicere
847 954 96 50 quod
907 954 144 50 creatura
1015 954 84 50 vel
1051 954 84 50 lapis

417 1000 85 58 non
465 1000 97 58 fuit
526 1000 73 58 ab
562 1000 121 58 eteno.
647 1000 73 58 et
684 1000 85 58 ita
732 1000 109 58 verum
805 1000 85 58 est
854 1000 121 58 dicere
939 1000 97 58 quod
999 1000 97 58 esse
1048 1000 97 58 cogni-

420 1044 89 52 tum
471 1044 89 52 non
522 1044 102 52 fuit
586 1044 76 52 ab
624 1044 127 52 etrno.
713 1044 64 52 ⁋
738 1044 76 52 Ad
777 1044 115 52 aliud
853 1044 102 52 dico
917 1044 102 52 quod
980 1044 102 52 esse
1031 1044 102 52 intel-

412 1084 148 52 lectuale
523 1084 148 52 creature
634 1084 87 52 est
684 1084 161 52 possibile
807 1084 111 52 esse.
882 1084 111 52 sicut
956 1084 99 52 esse
1005 1084 124 52 creabile

421 1130 136 57 creature
523 1130 80 57 est
568 1130 148 57 possibile
682 1130 102 57 esse.
750 1130 91 57 quia
807 1130 91 57 idem
864 1130 80 57 est
910 1130 80 57 ita
955 1130 91 57 quod
1012 1130 102 57 inter
1069 1130 68 57 ipsa

418 1178 108 49 nulla
490 1178 84 49 est
538 1178 181 49 distinctio.
683 1178 72 49 et
719 1178 96 49 ideo
779 1178 96 49 dico
840 1178 96 49 quod
900 1178 84 49 nec
948 1178 96 49 deus
1008 1178 84 49 nec
1045 1178 96 49 cogni-

417 1218 92 54 tio
470 1218 132 54 diuina
562 1218 158 54 coexigit
681 1218 106 54 esse
747 1218 224 54 intelligibile
931 1218 171 54 creature.
1050 1218 79 54 quis

419 1272 92 41 tunc
476 1272 126 41 aliquid
568 1272 149 41 conexigit
682 1272 103 41 aliud
751 1272 115 41 quando
832 1272 80 41 non
878 1272 115 41 potest
958 1272 92 41 esse
1015 1272 92 41 nisi
1061 1272 69 41 illo

414 1304 168 65 existente.
546 1304 84 65 sed
594 1304 144 65 cognitio
702 1304 120 65 diuina
787 1304 120 65 potest
871 1304 96 65 esse
931 1304 72 65 et
967 1304 96 65 fuit
1027 1304 96 65 ante
1075 1304 60 65 mum

416 1353 75 45 di
454 1353 189 45 creationem.
605 1353 101 45 esse
668 1353 214 45 intelligibile
844 1353 151 45 creature
957 1353 88 45 non
995 1353 138 45 existente

425 1393 102 53 sicut
493 1393 79 53 nec
538 1393 91 53 esse
595 1393 136 53 creabile
697 1393 136 53 creature
799 1393 159 53 existente.
924 1393 91 53 Unde
980 1393 102 53 sicut
1048 1393 79 53 hoc
1082 1393 57 53 est

422 1445 115 48 vivra
499 1445 102 48 esse
562 1445 153 48 creabile
677 1445 153 48 creature
792 1445 89 48 non
843 1445 102 48 fuit
907 1445 76 48 ab
945 1445 127 48 eteno.
1034 1445 89 48 ita
1072 1445 64 48 nec

424 1486 111 50 esse
494 1486 236 50 intelligibile
688 1486 167 50 creature
813 1486 111 50 fuit
882 1486 83 50 ab
924 1486 153 50 eterno.
1035 1486 69 50 ⁋
1063 1486 83 50 Et
1090 1486 56 50 si

418 1531 129 54 dicatur
512 1531 94 54 quod
571 1531 94 54 tunc
629 1531 94 54 deus
688 1531 117 54 posset
770 1531 94 54 esse
829 1531 70 54 et
864 1531 70 54 si
899 1531 82 54 non
946 1531 188 54 intelligeret
1086 1531 59 54 cre

419 1572 123 59 aturam.
508 1572 56 59 ⁋
530 1572 89 59 Dico
586 1572 89 59 quod
642 1572 89 59 illa
698 1572 179 59 consequentia
843 1572 78 59 non
888 1572 112 59 valet.
966 1572 78 59 sic
1010 1572 78 59 non
1044 1572 89 59 sequir

427 1626 94 49 deus
486 1626 82 49 non
533 1626 153 49 conexigit
651 1626 94 49 esse
710 1626 141 49 creabile
816 1626 153 49 creature.
933 1626 94 49 ergo
992 1626 118 49 potest
1063 1626 82 49 esse:

420 1657 86 57 et
463 1657 86 57 si
506 1657 101 57 non
563 1657 144 57 possit
664 1657 144 57 creare
765 1657 201 57 creaturam.
923 1657 72 57 ⁋
952 1657 86 57 Ad
995 1657 129 57 aliud
1067 1657 72 57 di-

427 1715 86 45 co
470 1715 114 45 quod
541 1715 172 45 voluntas
670 1715 143 45 diuina
770 1715 100 45 non
827 1715 200 45 necessario
985 1715 114 45 vult
1042 1715 100 45 crea-

418 1746 110 58 turam
491 1746 86 58 sed
540 1746 98 58 esse
602 1746 209 58 intelligibile
774 1746 110 58 sicut
847 1746 86 58 nec
896 1746 172 58 necessario
1032 1746 98 58 vult
1081 1746 61 58 cre

424 1796 108 45 aturam
500 1796 76 45 sed
543 1796 86 45 esse
597 1796 129 45 creabile
694 1796 54 45 ⁋
715 1796 65 45 Et
748 1796 108 45 quando
823 1796 119 45 dicitur
910 1796 86 45 quod
964 1796 162 45 neccessario
1082 1796 65 45 vult

420 1840 93 54 esse
478 1840 174 54 intelligere
618 1840 93 54 esse
676 1840 198 54 intelligibile
839 1840 105 54 verum
909 1840 93 54 est.
967 1840 81 54 non
1013 1840 105 54 tamen
1071 1840 70 54 vult

417 1875 172 58 necessario
552 1875 98 58 esse
613 1875 209 58 intelligibile
786 1875 160 58 creature.
908 1875 111 58 sicut
982 1875 86 58 non
1019 1875 123 58 sequitur

419 1920 197 60 necessario
574 1920 113 60 vult
644 1920 84 60 se
686 1920 127 60 posse
771 1920 141 60 creare
869 1920 197 60 creaturam.
1024 1920 113 60 ergo
1081 1920 70 60 ne-

430 1972 148 51 cessario
541 1972 99 51 vult
602 1972 99 51 esse
664 1972 148 51 creabile
775 1972 160 51 creature.
898 1972 74 51 et
935 1972 86 51 hoc
985 1972 99 51 quia
1046 1972 99 51 plus
1096 1972 49 51 po

438 2013 86 57 nitur
496 2013 67 57 per
534 2013 134 57 consequens
639 2013 76 57 quam
687 2013 143 57 antecedens.
801 2013 48 57 ⁋
820 2013 57 57 Ad
849 2013 172 57 confirmationem
992 2013 86 57 patet
1050 2013 76 57 quod
1088 2013 57 57 deus

433 2052 86 60 non
482 2052 171 60 necessario
616 2052 98 60 vult
677 2052 134 60 aliquid
775 2052 98 60 quod
836 2052 86 60 est
885 2052 73 60 ad
922 2052 122 60 finem.
1007 2052 73 60 et
1044 2052 98 60 ideo
1093 2052 61 60 non

432 2097 187 61 necessario
579 2097 107 61 vult
646 2097 107 61 esse
713 2097 228 61 intelligibile
900 2097 161 61 creature
1007 2097 134 61 vulutame

418 2143 85 53 se
460 2143 212 53 intelligere
630 2143 198 53 creaturam.
786 2143 71 53 ⁋
814 2143 85 53 Ad
856 2143 127 53 aliud
941 2143 113 53 quod
998 2143 141 53 voluntas

430 2190 136 49 diuina
526 2190 95 49 non
580 2190 191 49 necessario
730 2190 218 49 determinatur
907 2190 82 49 ad
947 2190 163 49 volendum
1056 2190 82 49 ali-

434 2232 88 52 quid
489 2232 88 52 quod
544 2232 77 52 est
588 2232 66 52 ad
621 2232 110 52 finem.
698 2232 176 52 determinatur
842 2232 99 52 tamen
908 2232 66 52 ad
941 2232 132 52 volendum
1029 2232 110 52 intelle-

437 2280 101 49 ctum
500 2280 188 49 intelligere
651 2280 138 49 aliquid
752 2280 101 49 quod
814 2280 88 49 non
865 2280 88 49 est
915 2280 126 49 finis.
1003 2280 63 49 ⁋
1028 2280 75 49 Ad
1053 2280 88 49 aliud

431 2315 116 64 patet
509 2315 103 64 quod
573 2315 155 64 voluntas
689 2315 129 64 diuina
780 2315 90 64 non
831 2315 181 64 necessario
973 2315 103 64 vult
1038 2315 103 64 esse
1089 2315 52 64 di

430 2361 153 63 minutum
542 2361 181 63 creature.
681 2361 98 63 nec
737 2361 195 63 necessario
890 2361 112 63 vult
960 2361 112 63 esse
1016 2361 139 63 intelli-

426 2405 141 60 gibile
525 2405 183 60 creature.
666 2405 99 60 nec
722 2405 113 60 esse
793 2405 212 60 ymaginandum
962 2405 113 60 quod
1018 2405 127 60 creatur

425 2451 64 55 ra
457 2451 75 55 per
500 2451 75 55 hoc
543 2451 86 55 quod
597 2451 171 55 intelligitur
736 2451 96 55 habet
800 2451 118 55 aliquid
886 2451 86 55 esse
940 2451 150 55 diminutum.
1058 2451 75 55 non
1090 2451 64 55 plus

435 2495 95 60 quam
494 2495 95 60 deus
554 2495 107 60 habet
625 2495 95 60 esse
684 2495 166 60 diminutum.
814 2495 118 60 quando
897 2495 107 60 creat
968 2495 154 60 creaturam
1086 2495 59 60 ⁋
1110 2495 71 60 Ad

440 2546 116 43 aliud
517 2546 103 43 dico
582 2546 103 43 quod
646 2546 103 43 esse
710 2546 219 43 intelligibile
890 2546 154 43 creature
1006 2546 90 43 non
1057 2546 90 43 est
1096 2546 64 43 pus

427 2586 181 60 voluntate
566 2586 139 60 diuina
663 2586 97 60 nec
719 2586 111 60 actu
789 2586 195 60 voluntatis
941 2586 139 60 diuine
1039 2586 97 60 sed
1080 2586 70 60 est

1238 200 171 57 posterius
1369 200 118 57 etiam
1448 200 184 57 duratione.
1593 200 105 57 quia
1659 200 105 57 ante
1724 200 118 57 mundi
1790 200 158 57 creationem

1241 252 79 48 non
1286 252 101 48 fuit.
1353 252 67 48 Et
1387 252 112 48 quando
1466 252 124 48 dicitur
1555 252 90 48 quod
1612 252 135 48 essentia
1713 252 112 48 diuina
1791 252 101 48 prius
1859 252 101 48 repre
1915 252 45 48 st

1225 292 131 48 sentat
1317 292 184 48 creaturam.
1462 292 105 48 Dico
1527 292 105 48 quod
1593 292 92 48 non
1646 292 210 48 repraesentat
1817 292 118 48 prius
1882 292 66 48 nec

1227 339 170 54 posterius
1357 339 104 54 modo
1423 339 91 54 quo
1475 339 157 54 loquitur
1592 339 104 54 ipse
1658 339 78 54 de
1697 339 235 54 repraesentare.
1893 339 65 54 ⁋
1906 339 52 54 Et

1233 380 115 53 quando
1313 380 126 53 dicitur
1405 380 92 53 quod
1462 380 172 53 intellectus
1600 380 126 53 diuinus
1692 380 103 53 prius
1761 380 161 53 intelligit
1876 380 69 53 crea

1223 423 118 54 turam
1302 423 105 54 quam
1367 423 158 54 voluntas
1485 423 118 54 velit
1564 423 92 54 eam
1617 423 79 54 in
1656 423 105 54 esse
1722 423 118 54 reali
1800 423 92 54 vel
1840 423 118 54 intelli

1233 464 122 59 gibili.
1321 464 88 59 Dico
1377 464 88 59 quod
1432 464 77 59 hoc
1476 464 77 59 est
1520 464 110 59 verum.
1598 464 77 59 non
1642 464 99 59 tamen
1708 464 133 59 sequitur
1807 464 88 59 quod
1863 464 88 59 esse
1907 464 44 59 in

1227 514 178 55 telligibile
1370 514 83 55 sit
1417 514 107 55 prius
1489 514 166 55 voluntate.
1619 514 83 55 sed
1667 514 143 55 sequitur
1774 514 107 55 solum
1845 514 95 55 quod
1893 514 59 55 cre

1236 551 117 55 atura
1314 551 91 55 vel
1366 551 117 55 lapis
1444 551 117 55 prius
1522 551 208 55 intelligitur
1691 551 104 55 quam
1756 551 156 55 voluntas
1860 551 91 55 velir

1230 602 85 52 eam
1279 602 110 52 esse.
1352 602 73 52 et
1388 602 85 52 hoc
1437 602 85 52 est
1486 602 122 52 verum.
1571 602 97 52 Unde
1632 602 85 52 per
1681 602 110 52 illud
1754 602 171 52 argumentum
1876 602 85 52 proba

1238 642 113 59 retur
1314 642 100 59 quod
1377 642 100 59 esse
1439 642 151 59 creabile
1552 642 151 59 creature
1666 642 88 59 est
1716 642 113 59 prius
1791 642 163 59 voluntate
1904 642 63 59 di-

1227 689 119 49 uina.
1306 689 106 49 quia
1372 689 199 49 intellectus
1531 689 146 49 diuinus
1637 689 119 49 prius
1717 689 146 49 iudicat
1809 689 146 49 creaturam

1229 729 173 58 creabilem
1362 729 107 58 quam
1428 729 160 58 voluntas
1548 729 120 58 velit
1628 729 107 58 esse
1695 729 160 58 creabile
1815 729 67 58 ⁋
1841 729 80 58 Ad
1868 729 93 58 aliud

1231 770 106 53 dico
1297 770 106 53 quod
1364 770 106 53 esse
1430 770 226 53 intelligibile
1616 770 159 53 creature
1735 770 80 53 ab
1775 770 106 53 etno
1842 770 93 53 non
1881 770 80 53 fuit

1228 830 164 49 proprium
1351 830 95 49 nec
1406 830 205 49 intrinsecum
1569 830 109 49 deo.
1637 830 95 49 nec
1692 830 123 49 etiam
1774 830 109 49 fuit
1828 830 123 49 proprie

1226 875 166 41 trinsecum
1354 875 166 41 creature.
1482 875 102 41 quia
1546 875 115 41 nihil
1623 875 102 41 fuit
1687 875 128 41 reale.
1776 875 102 41 sibi
1840 875 115 41 tamen
1904 875 51 41 no

1234 908 160 50 repugnabat
1360 908 103 50 esse.
1428 908 69 50 et
1463 908 92 50 ideo
1520 908 80 50 non
1566 908 80 50 est
1612 908 195 50 intelligendum
1772 908 92 50 quod
1829 908 92 50 esse
1875 908 92 50 intel-

1232 949 168 55 ligibile
1358 949 168 55 fundatur
1484 949 84 55 in
1526 949 168 55 creatura
1653 949 98 55 vel
1709 949 84 55 in
1751 949 168 55 essentia
1863 949 98 55 crea-

1226 994 117 56 ture.
1304 994 104 56 quia
1370 994 157 56 creatura
1487 994 131 56 nullum
1578 994 104 56 esse
1644 994 104 56 tunc
1709 994 144 56 habuit.
1813 994 104 56 vere
1866 994 91 56 tamen

1232 1040 104 52 tunc
1297 1040 234 52 intelligebatur
1492 1040 65 52 ⁋
1518 1040 78 52 Ad
1557 1040 117 52 aliud
1636 1040 143 52 concedo
1740 1040 104 52 quod
1805 1040 130 52 nullum
1883 1040 78 52 esse

1239 1090 186 41 distinctum
1385 1090 107 41 eque
1452 1090 160 41 perfecte
1572 1090 160 41 conuenit
1692 1090 173 41 creaturis
1825 1090 133 41 quando
1905 1090 53 41 no

1237 1124 87 52 sunt
1292 1124 98 52 sicut
1357 1124 109 52 quando
1434 1124 98 52 sunt.
1499 1124 76 52 sed
1543 1124 109 52 quando
1619 1124 131 52 dicitur.
1718 1124 87 52 esse
1772 1124 186 52 intelligibile
1914 1124 44 52 eo

1233 1181 141 47 perfecte
1339 1181 129 47 couenit
1433 1181 153 47 creaturis
1551 1181 118 47 quando
1633 1181 82 47 non
1681 1181 94 47 sunt
1739 1181 106 47 sicut
1810 1181 118 47 quando
1881 1181 82 47 sunt.

1237 1217 93 58 Dico
1295 1217 93 58 quod
1353 1217 127 58 aliquid
1446 1217 151 58 conuenire
1562 1217 116 58 alicui
1643 1217 116 58 potest
1724 1217 93 58 esse
1782 1217 174 58 dupliciter.
1909 1217 58 58 vel

1239 1271 59 45 a
1263 1271 106 45 parte
1333 1271 94 45 rei:
1392 1271 82 45 non
1439 1271 82 45 per
1486 1271 200 45 compositionem
1650 1271 188 45 intellectus.
1803 1271 82 45 vel
1850 1271 82 45 per
1885 1271 82 45 compo

1245 1307 146 46 sitionem
1355 1307 195 46 intellectus:
1513 1307 122 46 saltem
1598 1307 73 46 si
1635 1307 110 46 esset
1708 1307 183 46 intellectus
1842 1307 122 46 compones

1244 1344 192 63 praedicatum
1398 1344 89 63 cum
1449 1344 166 63 subiegto.
1577 1344 115 63 primo
1653 1344 102 63 modo
1717 1344 102 63 esse
1768 1344 192 63 intelligibile

1237 1394 92 46 non
1289 1394 158 46 conuenit
1408 1394 171 46 creaturis
1539 1394 105 46 eque
1604 1394 158 46 perfecte
1723 1394 131 46 quando
1814 1394 92 46 non
1867 1394 105 46 sunt
1919 1394 53 46 et

1234 1434 110 66 quando
1311 1434 99 66 sunt.
1377 1434 88 66 quia
1432 1434 110 66 quando
1509 1434 132 66 creature
1608 1434 88 66 sunt
1663 1434 88 66 tunc
1718 1434 77 66 est
1762 1434 88 66 idem
1817 1434 132 66 realiter
1905 1434 55 66 cum

1235 1477 174 57 creaturis.
1371 1477 87 57 vel
1421 1477 136 57 couenit
1520 1477 87 57 eis
1569 1477 149 57 realiter
1681 1477 74 57 et
1718 1477 62 57 a
1743 1477 112 57 parte
1817 1477 99 57 rei.
1867 1477 99 57 quando

1231 1527 112 51 autem
1305 1527 87 51 non
1355 1527 100 51 sunt
1418 1527 87 51 nec
1468 1527 87 51 est
1518 1527 100 51 idem
1580 1527 150 51 realiter
1692 1527 87 51 nec
1742 1527 150 51 conuenit
1855 1527 100 51 sibi
1905 1527 62 51 re-

1236 1578 128 43 aliter.
1330 1578 93 43 quia
1388 1578 82 43 nec
1435 1578 82 43 hoc
1482 1578 82 43 nec
1528 1578 105 43 illud
1598 1578 82 43 est
1645 1578 93 43 tunc
1703 1578 128 43 aliquid
1797 1578 117 43 reale.
1867 1578 105 43 secundo

1234 1617 91 56 modo
1290 1617 113 56 potest
1370 1617 125 56 cocedi.
1461 1617 91 56 quia
1517 1617 79 56 hoc
1563 1617 79 56 non
1608 1617 79 56 est
1654 1617 102 56 aliud
1722 1617 91 56 quam
1778 1617 113 56 dicere
1858 1617 91 56 quod
1903 1617 57 56 cre

1240 1649 98 63 atura
1306 1649 76 63 ita
1349 1649 131 63 perfecte
1448 1649 175 63 intelligitur
1590 1649 55 63 a
1611 1649 76 63 deo
1655 1649 109 63 quando
1732 1649 76 63 non
1775 1649 76 63 est
1819 1649 98 63 sicut
1874 1649 87 63 quando

1247 1707 88 46 est.
1302 1707 77 46 sed
1346 1707 77 46 per
1390 1707 77 46 hoc
1435 1707 88 46 quod
1490 1707 177 46 intelligitur
1633 1707 99 46 nihil
1699 1707 88 46 sibi
1754 1707 143 46 conuenit.
1865 1707 77 46 non
1898 1707 66 46 plus

1242 1743 92 58 quam
1300 1743 81 58 per
1346 1743 81 58 hoc
1392 1743 92 58 quod
1450 1743 92 58 deus
1508 1743 104 58 creat
1577 1743 127 58 aliquid
1669 1743 138 58 conuenit
1773 1743 92 58 deo.
1831 1743 58 58 ⁋
1854 1743 69 58 Ad
1877 1743 81 58 aliud

1237 1796 113 49 dico
1307 1796 113 49 quod
1378 1796 113 49 esse
1448 1796 239 49 intelligibile
1645 1796 169 49 creature
1772 1796 99 49 est
1814 1796 155 49 mutabile.

1244 1842 85 42 quia
1298 1842 139 42 aliquando
1404 1842 75 42 est
1447 1842 128 42 scilicet
1543 1842 85 42 post
1596 1842 96 42 mundi
1660 1842 160 42 creationem.
1788 1842 64 42 et
1820 1842 139 42 aliquando
1916 1842 53 42 non

1245 1874 85 63 fuit
1299 1874 64 63 id
1331 1874 75 63 est
1373 1874 85 63 ante
1427 1874 96 63 mundi
1491 1874 160 63 creationem.
1619 1874 64 63 et
1651 1874 85 63 ideo
1704 1874 85 63 esse
1757 1874 192 63 intelligibile:
1907 1874 53 63 cre

1232 1916 107 55 ature
1304 1916 83 55 non
1351 1916 83 55 est
1399 1916 131 55 necesse
1494 1916 107 55 esse.
1565 1916 83 55 sed
1613 1916 83 55 est
1661 1916 155 55 possibile
1780 1916 107 55 esse.
1851 1916 95 55 quia
1899 1916 71 55 ali-

1250 1963 104 62 quando
1323 1963 73 62 est
1364 1963 136 62 aliquando
1469 1963 73 62 non
1510 1963 83 62 est.
1562 1963 94 62 sicut
1625 1963 83 62 esse
1677 1963 125 62 creabile
1771 1963 73 62 est
1813 1963 136 62 possibile
1906 1963 63 62 esse

1255 2008 71 60 quia
1299 2008 115 60 aliquando
1388 2008 71 60 est.
1432 2008 115 60 aliquando
1520 2008 62 60 non
1555 2008 71 60 est.
1599 2008 44 60 ⁋
1617 2008 53 60 Et
1643 2008 88 60 quando
1705 2008 97 60 dicitur
1776 2008 71 60 quod
1820 2008 71 60 tunc
1855 2008 106 60 intellige-

1250 2052 67 59 re
1283 2052 124 59 diuinum
1373 2052 101 59 esset
1441 2052 146 59 mutabile.
1553 2052 90 59 Dico
1609 2052 90 59 quod
1666 2052 180 59 consequentia
1812 2052 79 59 non
1857 2052 112 59 valet.
1924 2052 45 59 si

1241 2094 93 57 cut
1294 2094 93 57 non
1347 2094 172 57 sequitur.
1479 2094 159 57 obiectum
1599 2094 93 57 est
1652 2094 172 57 mutabile.
1784 2094 106 57 ergo
1837 2094 133 57 cognitio

1241 2140 83 59 est
1288 2140 165 59 mutabilis.
1418 2140 83 59 sed
1465 2140 71 59 si
1501 2140 83 59 ita
1548 2140 106 59 esset
1619 2140 94 59 quod
1678 2140 94 59 esse
1737 2140 201 59 intelligibile
1890 2140 71 59 crea

1242 2184 91 57 ture
1298 2184 147 57 aliquando
1412 2184 215 57 intelligeretur.
1593 2184 68 57 et
1627 2184 147 57 aliquando
1740 2184 79 57 non
1774 2184 193 57 intelligeretur.

1242 2228 100 56 tunc
1305 2228 125 56 posset
1393 2228 138 56 inferri
1493 2228 100 56 quod
1556 2228 150 56 cognitio
1668 2228 125 56 diuina
1756 2228 113 56 esset
1819 2228 150 56 mutabilis.

1239 2277 103 51 nunc
1303 2277 115 51 autem
1380 2277 90 51 ita
1432 2277 90 51 est
1483 2277 103 51 quod
1547 2277 103 51 siue
1611 2277 103 51 esse
1675 2277 218 51 intelligibile
1842 2277 128 51 creature

1249 2316 74 54 sit
1292 2316 84 54 siue
1344 2316 74 54 non
1387 2316 84 54 sit.
1439 2316 95 54 ipsum
1503 2316 106 54 semper
1577 2316 53 54 a
1598 2316 74 54 deo
1640 2316 179 54 intelligitur.
1788 2316 95 54 sicut
1851 2316 84 54 esse
1893 2316 74 54 crea-

1247 2356 84 56 bile
1299 2356 136 56 aliquando
1404 2356 84 56 est.
1456 2356 136 56 aliquando
1561 2356 73 56 non
1603 2356 84 56 est.
1656 2356 63 56 et
1687 2356 94 56 tamen
1750 2356 126 56 potentia
1834 2356 126 56 productiva

1239 2416 94 39 dei
1292 2416 94 39 non
1346 2416 94 39 est
1400 2416 189 39 mutabilis.
1548 2416 148 39 quamuis
1656 2416 108 39 esse
1724 2416 162 39 creabile
1831 2416 135 39 creature

1244 2444 83 61 sit
1292 2444 143 61 mutabile
1399 2444 59 61 ⁋
1422 2444 71 61 Et
1458 2444 71 61 si
1494 2444 131 61 dicatur
1589 2444 95 61 quod
1648 2444 107 61 istud
1719 2444 83 61 non
1767 2444 83 61 est
1815 2444 131 61 simile.
1898 2444 71 61 quia

1248 2490 97 56 esse
1308 2490 145 56 creabile
1418 2490 109 56 sonat
1490 2490 73 56 in
1527 2490 170 56 potentiam.
1660 2490 73 56 et
1696 2490 85 56 non
1745 2490 121 56 infert
1830 2490 109 56 ipsum
1890 2490 85 56 produ

1247 2536 72 63 ci
1283 2536 60 63 a
1307 2536 96 63 deo.
1367 2536 84 63 sed
1416 2536 121 63 tantum
1500 2536 108 63 posse
1572 2536 145 63 produci.
1681 2536 96 63 esse
1741 2536 108 63 autem
1813 2536 145 63 cognitum
1910 2536 60 63 so-

1238 2583 92 64 nat
1290 2583 79 64 in
1330 2583 118 64 actum
1408 2583 79 64 et
1447 2583 131 64 infert
1539 2583 92 64 non
1591 2583 131 64 tantum
1683 2583 118 64 posse
1762 2583 65 64 a
1788 2583 92 64 deo
1827 2583 144 64 intelligi
