2248 3066
296 206 64 64 â‹
322 206 191 64 Argutissimi
475 206 115 64 atque
551 206 229 64 ingeniosissimi
742 206 89 64 tam
780 206 217 64 philosophicarum

290 251 88 57 quam
345 251 187 57 theologicarum
499 251 187 57 difficultatum
654 251 187 57 disquisitoris
808 251 132 57 magistri
896 251 99 57 Guilhel

283 296 70 49 mi
318 296 70 49 de
353 296 105 49 ockam
423 296 140 49 anglici:
528 296 105 49 super
598 296 140 49 quattuor
703 296 117 49 libros
784 296 186 49 sententiarum
924 296 70 49 sub-

272 327 158 50 tilissime
393 327 170 50 questiones
526 327 182 50 earundemque
672 327 170 50 decisiones
805 327 85 50 cum
854 327 133 50 quantis
939 327 48 50 ma

274 360 110 49 ximis
347 360 110 49 fieri
421 360 122 49 potuit
506 360 122 49 labore
592 360 110 49 atque
665 360 147 49 solertia
775 360 159 49 correcte:
885 360 98 49 diuino

279 397 70 53 vt
314 397 128 53 precor.
408 397 140 53 auspicio
513 397 163 53 incoantur.
641 397 70 53 Et
676 397 105 53 primo
746 397 105 53 super
816 397 140 53 prologum
909 397 82 53 dicto

274 427 82 50 rum
321 427 153 50 librorum:
439 427 82 50 vbi
486 427 188 50 connumeratis
639 427 82 50 tam
686 427 200 50 principalibus
839 427 141 50 questioni-

271 457 81 59 bus
318 457 92 59 quae
375 457 138 59 quattuor
479 457 92 59 sunt
536 457 92 59 quam
594 457 92 59 octo
652 457 104 59 illis
721 457 150 59 connexis:
836 457 127 59 dudecim
916 457 58 59 mo-

273 499 82 61 uet
320 499 71 61 et
356 499 153 61 dissoluit
474 499 177 61 questiones.
615 499 130 61 Questio
709 499 106 61 prima
780 499 153 61 felicitur
886 499 106 61 incipit

571 594 268 103 Irca
704 594 268 103 prolo-

570 677 106 60 gum
630 677 136 60 primi
721 677 136 60 libri
797 677 181 60 sententia-

557 720 142 61 rum.
646 720 160 61 Quero
752 720 177 61 primo.
859 720 124 61 Utrum

556 764 97 57 sit
612 764 181 57 possibile
751 764 208 57 intellectui
904 764 69 57 via

558 817 140 44 toris
651 817 155 44 habere
759 817 186 44 notitiam
883 817 93 44 eui-

559 852 154 60 dentem
666 852 92 60 de
712 852 231 60 veritatibus
882 852 92 60 theo

253 887 171 70 logicis.
381 887 114 70 Quod
452 887 114 70 non.
523 887 114 70 quia
594 887 156 70 euidens
708 887 156 70 notitia
808 887 156 70 veritatis

247 937 202 55 theologice
405 937 101 55 non
463 937 144 55 potest
564 937 144 55 haberi
665 937 115 55 sine
737 937 188 55 distincta
867 937 101 55 noti-

239 982 96 58 tia
294 982 165 58 deitatis
418 982 96 58 sub
473 982 151 58 propria
583 982 151 58 ratione
694 982 179 58 deitatis.
831 982 96 58 Sed
873 982 96 58 talis

237 1017 104 63 est
296 1017 237 63 impossibilis
489 1017 222 63 intellectui
666 1017 192 63 viatoris:
814 1017 133 63 ergo.
888 1017 74 63 ma-

236 1073 88 55 ior
287 1073 126 55 patet.
375 1073 101 55 quia
438 1073 189 55 indistincta
590 1073 139 55 notitia
691 1073 88 55 non
742 1073 164 55 sufficit.
868 1073 101 55 quia
918 1073 51 55 si

234 1115 115 61 sic:
305 1115 101 61 cum
363 1115 115 61 illa
435 1115 101 61 sit
492 1115 129 61 nobis
578 1115 201 61 possibilis
736 1115 86 61 ex
779 1115 129 61 puris
851 1115 115 61 natura

239 1151 144 69 libus.
339 1151 172 69 sequitur
468 1151 115 69 quod
540 1151 101 69 nos
598 1151 86 69 ex
641 1151 129 69 puris
727 1151 215 69 naturalibus
885 1151 86 69 pos-

243 1195 137 60 semus
334 1195 152 60 habere
441 1195 183 60 notitiam
578 1195 198 60 euidentem
730 1195 91 60 de
760 1195 198 60 veritatibus

237 1244 238 63 theologicis:
431 1244 119 63 quod
505 1244 104 63 est
565 1244 194 63 manifeste
714 1244 164 63 falsum:
833 1244 119 63 ergo
907 1244 89 63 ad

238 1291 190 49 euidentem
385 1291 175 49 notitiam
516 1291 190 49 veritatis
662 1291 219 49 theologice:
823 1291 146 49 requiri-

242 1326 95 62 tur
297 1326 176 62 distincta
432 1326 149 62 notitia
540 1326 176 62 deitatis.
675 1326 122 62 minor
757 1326 135 62 patet:
851 1326 108 62 quia
905 1326 68 62 no-

243 1377 117 60 titia
321 1377 91 60 sub
373 1377 143 60 propria
476 1377 143 60 ratione
580 1377 156 60 deitatis
697 1377 91 60 cum
749 1377 91 60 sit
800 1377 156 60 obiectum
904 1377 52 60 in

238 1419 114 55 finiti
317 1419 68 55 et
351 1419 148 55 beatifici
465 1419 80 55 sub
510 1419 125 55 ratione
601 1419 148 55 beatifici
715 1419 80 55 est
760 1419 159 55 beatifica:
885 1419 80 55 sed
920 1419 45 55 ta

243 1456 88 71 lis
294 1456 138 71 notitia
394 1456 88 71 est
445 1456 201 71 impossibilis
609 1456 189 71 intellectui
760 1456 164 71 viatoris:
873 1456 88 71 ergo.

246 1502 66 65 â‹
272 1502 146 65 Secundo
379 1502 106 65 sic.
445 1502 80 65 si
485 1502 199 65 intellectus
644 1502 159 65 viatoris
764 1502 146 65 haberet
857 1502 93 65 noti-

231 1556 110 52 tia
294 1556 204 52 euidentem
451 1556 94 52 de
498 1556 236 52 veritatibus
687 1556 251 52 theologicis:
875 1556 79 52 aut

240 1591 99 59 ille
301 1591 161 59 veritates
425 1591 124 59 essent
511 1591 99 59 sibi
573 1591 86 59 per
623 1591 74 59 se
660 1591 111 59 note:
734 1591 86 59 aut
783 1591 86 59 per
832 1591 99 59 alia
882 1591 74 59 sibi

237 1632 158 71 notiora.
355 1632 92 71 Non
408 1632 119 71 primo
487 1632 119 71 modo:
566 1632 105 71 quia
632 1632 105 71 tunc
698 1632 237 71 cognoscerentur
883 1632 79 71 con-

234 1688 133 64 gnitis
327 1688 172 64 terminis.
459 1688 93 64 Nam
512 1688 119 64 tales
592 1688 225 64 propositiones
777 1688 106 64 quae
844 1688 106 64 sunt
897 1688 66 64 per

232 1731 87 49 se
275 1731 116 49 note
347 1731 231 49 cognoscuntur
535 1731 87 49 ab
578 1731 116 49 omni
651 1731 246 49 apprehendenti
838 1731 116 49 termi-

238 1764 117 61 nos:
312 1764 88 61 et
356 1764 103 61 ita
414 1764 146 61 essent
517 1764 176 61 cuilibet
648 1764 249 61 apprehendenti
839 1764 117 61 termi-

236 1817 108 56 nos:
303 1817 202 56 naturalitur
465 1817 108 56 note
532 1817 108 56 quod
600 1817 94 56 est
653 1817 175 56 manifeste
788 1817 148 56 falsum.
883 1817 67 56 Nec

231 1856 144 59 secundo
336 1856 118 59 modo:
415 1856 105 59 quia
480 1856 105 59 illa
546 1856 144 59 notiora
651 1856 92 59 aut
704 1856 131 59 essent
782 1856 171 59 simplicitur

239 1903 137 53 notiora:
341 1903 80 53 aut
387 1903 114 53 tantum
467 1903 103 53 sibi.
536 1903 80 53 Non
581 1903 103 53 primo
650 1903 103 53 modo:
718 1903 91 53 quia
776 1903 103 53 nulla
844 1903 80 53 est
878 1903 69 53 pri-

238 1938 74 64 or
275 1938 111 64 illa:
348 1938 98 64 deus
410 1938 74 64 et
446 1938 123 64 trinus
532 1938 74 64 et
569 1938 111 64 vnus:
643 1938 86 64 cum
692 1938 86 64 non
741 1938 86 64 sit
790 1938 123 64 medium
864 1938 86 64 inter

229 1980 98 68 deum
290 1980 73 68 et
327 1980 98 68 tres
388 1980 159 68 personas:
510 1980 86 68 cui
559 1980 110 68 prius
632 1980 122 68 possit
718 1980 110 68 illud
779 1980 159 68 praedicatum

238 2024 133 67 inesse.
335 2024 85 67 Nec
383 2024 133 67 secundo
480 2024 109 67 modo:
553 2024 97 67 quia
614 2024 109 67 nihil
686 2024 158 67 posterius
808 2024 121 67 potest
880 2024 61 67 du-

224 2074 100 62 cere
287 2074 75 62 in
325 2074 150 62 notitiam
438 2074 163 62 euidentem
563 2074 125 62 illius
651 2074 150 62 prioris:
764 2074 100 62 deus
826 2074 88 62 est
864 2074 75 62 tri-

226 2120 97 66 nus
282 2120 83 66 et
323 2120 125 66 vnus.
407 2120 69 66 â‹
434 2120 139 66 Tertio
532 2120 111 66 sic.
601 2120 153 66 notitia
712 2120 153 66 euidens
823 2120 83 66 de
851 2120 97 66 veri-

226 2153 150 72 tatibus
335 2153 204 72 theologicis
499 2153 95 72 est
553 2153 232 72 perfectissima
744 2153 191 72 possibilis
880 2153 55 72 ha

224 2203 112 62 beri
294 2203 84 62 de
336 2203 140 62 aliqua
434 2203 182 62 veritate:
574 2203 98 62 sed
631 2203 126 62 talis
715 2203 154 62 notitia
827 2203 98 62 non
869 2203 70 62 est

227 2253 184 54 possibilis
372 2253 145 54 viatori
477 2253 79 54 de
516 2253 118 54 illis
595 2253 210 54 veritatibus:
766 2253 105 54 quia
832 2253 105 54 tunc
884 2253 53 54 be

230 2297 105 65 atus
295 2297 92 65 non
348 2297 144 65 haberet
452 2297 157 65 notitiam
570 2297 209 65 perfectiorem
741 2297 79 65 de
780 2297 92 65 eis
832 2297 105 65 quam
885 2297 65 65 vi-

220 2340 125 65 ator:
303 2340 111 65 quod
373 2340 97 65 est
428 2340 152 65 falsum.
539 2340 69 65 â‹
567 2340 83 65 In
608 2340 194 65 oppositum.
761 2340 139 65 potens
844 2340 97 65 appre

222 2377 181 70 hendere
353 2377 246 70 determinate
550 2377 197 70 terminos
698 2377 197 70 alicuius
829 2377 115 70 propo

224 2423 161 59 sitionis
345 2423 188 59 necessarie
493 2423 94 59 per
546 2423 94 59 se:
600 2423 135 59 potest
694 2423 175 59 euidenter
815 2423 135 59 cognosce

219 2472 73 60 re
255 2472 109 60 illam
328 2472 169 60 veritatem:
461 2472 97 60 quia
521 2472 73 60 si
557 2472 85 60 sit
606 2472 109 60 prima
678 2472 181 60 cognoscitur
811 2472 121 60 cognitis

212 2515 163 61 terminis.
338 2515 75 61 si
376 2515 88 61 non
426 2515 126 61 prima:
514 2515 189 61 cognoscitur
665 2515 88 61 per
715 2515 138 61 primam:
816 2515 88 61 sed
854 2515 75 61 via-

217 2556 99 58 tor
274 2556 142 58 potest
373 2556 213 58 determinate
543 2556 213 58 congnoscere
714 2556 156 58 (saltem
813 2556 128 58 abstra-

217 2599 144 65 ctiue)
318 2599 173 65 terminos
447 2599 144 65 istius
548 2599 202 65 veritatis:
707 2599 115 65 deus
779 2599 101 65 est
823 2599 115 65 trinus

1085 233 88 76 et
1129 233 133 76 vnus:
1218 233 118 76 ergo
1292 233 147 76 potest
1395 233 192 76 euidenter
1542 233 206 76 cognoscere
1690 233 103 76 illam

1085 294 183 57 veritatem:
1229 294 79 57 et
1268 294 118 57 eadem
1347 294 144 57 ratione
1452 294 118 57 alias
1530 294 170 57 veritates
1648 294 144 57 theologi-

1089 336 87 60 cas
1138 336 87 60 non
1188 336 137 60 primas.
1288 336 62 60 â‹
1313 336 112 60 Circa
1388 336 112 60 istam
1463 336 187 60 quaestionem
1613 336 112 60 primo
1675 336 125 60 exponedi

1083 379 100 64 sunt
1145 379 125 64 aliqui
1232 379 137 64 termini
1332 379 125 64 positi
1419 379 75 64 in
1456 379 187 64 quaestione:
1606 379 75 64 et
1643 379 112 64 primo
1718 379 100 64 quid

1073 424 188 63 importetur
1221 424 94 63 per
1274 424 202 63 intellectum
1436 424 175 63 viatoris.
1570 424 148 63 Secundo
1678 424 108 63 quid
1732 424 67 63 vo-

1077 473 115 62 cetur
1154 473 128 62 nomine
1243 473 141 62 notitie
1346 473 179 62 euidentis.
1486 473 128 62 Tertio
1576 473 102 62 quid
1640 473 89 62 per
1678 473 115 62 verita-

1080 511 93 67 tem
1133 511 212 67 theologicam.
1305 511 133 67 Quarto
1398 511 93 67 est
1451 511 225 67 principaliter
1637 511 80 67 ad
1663 511 133 67 quaestio

1073 555 90 68 nem
1125 555 220 68 respondendum.
1306 555 65 68 â‹
1332 555 116 68 Circa
1409 555 129 68 primum
1500 555 90 68 est
1551 555 168 68 sciendum:
1681 555 103 68 quod
1732 555 52 68 in

1076 600 168 58 tellectus
1205 600 155 58 viatoris
1322 600 90 58 est
1373 600 116 58 ille:
1451 600 90 58 qui
1503 600 90 58 non
1554 600 116 58 habet
1632 600 155 58 notitiam
1735 600 52 58 in

1063 654 173 49 tuitivam
1192 654 173 49 deitatis
1322 654 115 49 sibi
1394 654 202 49 possibilem
1552 654 86 49 de
1596 654 173 49 potentia
1711 654 72 49 dei

1075 688 183 61 ordinata.
1216 688 99 61 Per
1272 688 141 61 primum
1371 688 197 61 excluditur
1526 688 211 61 intellectus
1680 688 99 61 beato

1065 736 94 59 rum:
1124 736 82 59 qui
1171 736 117 59 habent
1252 736 140 59 notitiam
1358 736 164 59 intuitiuam
1486 736 152 59 deitatis.
1603 736 82 59 per
1650 736 140 59 secundum
1743 736 47 59 ex

1064 787 159 50 cluditur
1183 787 199 50 intellectus
1342 787 199 50 damnatorum:
1501 787 132 50 quibus
1594 787 119 50 talis
1660 787 119 50 notitia

1058 829 95 52 non
1113 829 95 52 est
1167 829 190 52 possibilis
1316 829 81 52 de
1357 829 163 52 potentia
1479 829 95 52 dei
1533 829 176 52 ordinata:
1655 829 122 52 quamuis

1060 862 103 62 sit
1119 862 118 62 sibi
1193 862 206 62 possibilis
1355 862 88 62 de
1399 862 177 62 potentia
1532 862 177 62 absoluta
1664 862 74 62 â‹
1679 862 103 62 Circa

1058 908 149 68 secundum
1169 908 149 68 sciendum
1281 908 99 68 quae
1343 908 87 68 sit
1393 908 137 68 notitia
1492 908 149 68 euidens.
1604 908 112 68 dico:
1679 908 99 68 quod
1728 908 50 68 no

1056 956 116 63 titia
1133 956 142 63 euidens
1237 956 90 63 est
1288 956 155 63 nontitia
1404 956 155 63 alicuius
1520 956 103 63 veri
1585 956 155 63 complexi
1701 956 77 63 ex
1726 956 52 63 no

1059 998 133 60 titia
1148 998 207 60 terminorum
1310 998 236 60 incoplexorum
1502 998 162 60 mediate
1620 998 103 60 vel
1665 998 103 60 imme-

1058 1040 109 59 diate
1131 1040 97 59 nata
1191 1040 194 59 sufficienter
1348 1040 145 59 causari.
1457 1040 85 59 ita
1506 1040 157 59 scilicet:
1627 1040 121 59 quando
1699 1040 73 59 noti

1057 1088 96 57 tia
1112 1088 192 57 incomplexa
1263 1088 178 57 aliquorum
1400 1088 206 57 terminorum:
1565 1088 110 57 siue
1634 1088 110 57 sint
1689 1088 82 57 ter-

1058 1125 103 64 mini
1122 1125 128 64 illius
1212 1125 231 64 propositionis:
1404 1125 103 64 siue
1468 1125 167 64 alterius:
1597 1125 103 64 siue
1648 1125 128 64 diuersa-

1056 1175 88 57 rum
1107 1175 226 57 propositionum:
1295 1175 75 57 in
1333 1175 163 57 quocumque
1458 1175 176 57 intellectu
1596 1175 138 57 habenti
1684 1175 88 57 talem

1048 1223 171 53 notitiam
1176 1223 228 53 sufficienter
1362 1223 143 53 causat
1462 1223 100 53 vel
1519 1223 100 53 est
1576 1223 114 53 nata
1633 1223 143 53 causare:

1057 1254 166 64 mediate
1178 1254 106 64 vel
1238 1254 196 64 immediate
1389 1254 181 64 notitiam
1525 1254 136 64 talis
1601 1254 181 64 complexum:

1054 1305 112 61 tunc
1124 1305 125 61 illud
1207 1305 181 61 complexum
1347 1305 181 61 euidenter
1486 1305 223 61 cognoscitur.
1667 1305 84 61 Ex
1695 1305 84 61 isto

1063 1344 136 62 sequitur
1164 1344 90 62 quod
1221 1344 124 62 notitia
1311 1344 124 62 euidens
1402 1344 79 62 est
1447 1344 68 62 in
1481 1344 90 62 plus
1538 1344 90 62 quam
1594 1344 136 62 scientia
1685 1344 90 62 intel-

1052 1384 139 67 lectus
1149 1384 97 67 vel
1205 1384 194 67 sapientia:
1358 1384 111 67 quia
1427 1384 194 67 propositio
1580 1384 139 67 aliqua
1663 1384 111 67 contin

1053 1425 105 70 gens
1119 1425 131 70 potest
1211 1425 171 70 euidenter
1342 1425 171 70 cognosci:
1474 1425 79 70 et
1513 1425 118 70 tamen
1592 1425 118 70 talis
1658 1425 118 70 notitia

1054 1481 87 47 non
1103 1481 87 47 est
1153 1481 161 47 scientia:
1276 1481 87 47 nec
1326 1481 198 47 intellectus:
1486 1481 87 47 nec
1536 1481 136 47 aliquis
1635 1481 136 47 istorum
1721 1481 62 47 ha-

1057 1515 121 73 bituum
1142 1515 97 73 quos
1202 1515 109 73 ponit
1275 1515 194 73 philosophus.
1433 1515 85 73 vi.
1481 1515 170 73 ethicorum.
1614 1515 61 73 â‹
1639 1515 73 73 Si
1663 1515 109 73 dicatur

1046 1564 101 63 quod
1109 1564 138 63 notitia
1210 1564 201 63 contingentis
1373 1564 163 63 veritatis
1499 1564 138 63 nunquam
1587 1564 176 63 sufficienter

1059 1613 152 50 causatur
1173 1613 76 50 ex
1211 1613 139 50 notitia
1312 1613 177 50 terminorum
1451 1613 227 50 incomplexorum:
1641 1613 101 50 quia
1691 1613 76 50 tunc

1055 1646 163 64 sciretur
1177 1646 163 64 cognitis
1299 1646 176 64 terminis:
1435 1646 81 64 et
1475 1646 108 64 omne
1543 1646 108 64 tale
1611 1646 95 64 est
1652 1646 108 64 primum

1058 1690 135 77 principium
1164 1690 58 77 et
1193 1690 67 77 per
1232 1690 58 77 se
1261 1690 96 77 notum:
1328 1690 116 77 secundum
1415 1690 144 77 philosophum
1530 1690 58 77 i.
1559 1690 154 77 posteriorum.
1684 1690 67 77 sed
1713 1690 48 77 nul

1041 1737 81 58 la
1081 1737 149 58 veritas
1189 1737 189 58 contingens
1338 1737 95 58 est
1392 1737 95 58 per
1446 1737 81 58 se
1486 1737 122 58 nota:
1567 1737 122 58 ergo.
1648 1737 68 58 â‹
1662 1737 95 58 Dicen

1050 1781 92 64 dum:
1107 1781 92 64 quod
1164 1781 160 64 propositio
1290 1781 80 64 per
1336 1781 69 64 se
1370 1781 92 64 nota
1428 1781 80 64 est
1474 1781 92 64 illa
1531 1781 92 64 quae
1588 1781 115 64 scitur
1657 1781 103 64 euiden-

1039 1826 95 60 ter
1094 1826 81 60 ex
1134 1826 176 60 quacumque
1269 1826 149 60 notitia
1377 1826 176 60 teminorum
1513 1826 135 60 istius
1594 1826 162 60 propositio

1040 1872 108 69 nis:
1107 1872 108 69 siue
1174 1872 215 69 abstractiua:
1349 1872 108 69 siue
1416 1872 188 69 intuitiva.
1565 1872 94 69 Sed
1618 1872 81 69 de
1645 1872 108 69 propo-

1044 1909 141 67 sitione
1147 1909 192 67 contingenti
1300 1909 90 67 non
1352 1909 90 67 est
1403 1909 90 67 hoc
1454 1909 179 67 possibile:
1595 1909 103 67 quia
1646 1909 103 67 aliqua

1044 1962 148 52 notitia
1151 1962 175 52 termiorum
1286 1962 162 52 sufficit
1407 1962 81 52 ad
1447 1962 175 52 causandum
1582 1962 162 52 notitiam
1690 1962 67 52 evi

1042 1999 124 63 dentem
1128 1999 161 63 veritatis
1252 1999 210 63 contingentis.
1425 1999 148 63 scilicet
1536 1999 173 63 intuitiua:
1660 1999 87 63 sicut

1032 2049 117 59 postea
1114 2049 140 59 patebit.
1219 2049 117 59 Aliqua
1301 2049 105 59 autem
1371 2049 82 59 non
1418 2049 140 59 sufficit
1523 2049 140 59 scilicet
1616 2049 129 59 abstracti

1034 2092 96 51 ua.
1089 2092 109 51 Unde
1157 2092 82 51 si
1198 2092 150 51 aliquis
1308 2092 137 51 videat
1403 2092 178 51 intuitiue
1540 2092 137 51 sortem
1636 2092 82 51 et
1663 2092 82 51 albe

1032 2128 108 61 dinem
1104 2128 168 61 existentem
1237 2128 72 61 in
1273 2128 120 61 sorte:
1357 2128 120 61 potest
1441 2128 156 61 euidenter
1561 2128 108 61 scire
1634 2128 96 61 quod
1682 2128 72 61 sor-

1032 2183 91 51 tes
1084 2183 91 51 est
1136 2183 130 51 albus.
1227 2183 78 51 Si
1266 2183 117 51 autem
1344 2183 130 51 tantum
1436 2183 169 51 cognoscit
1566 2183 130 51 sortem
1657 2183 78 51 et
1683 2183 78 51 albe

1032 2217 117 63 dinem
1110 2217 182 63 existentem
1253 2217 78 63 in
1292 2217 117 63 sorte
1370 2217 195 63 abstractiue
1527 2217 117 63 sicut
1605 2217 130 63 potest
1683 2217 65 63 ali

1027 2271 118 49 quis
1101 2271 192 49 ymaginari
1249 2271 89 49 in
1293 2271 177 49 absentia
1426 2271 148 49 eorum:
1529 2271 103 49 non
1588 2271 148 49 sciret
1676 2271 74 49 eui

1040 2311 121 63 denter
1125 2311 97 63 quod
1185 2311 121 63 sortes
1270 2311 109 63 esset
1342 2311 121 63 albus.
1427 2311 73 63 et
1463 2311 97 63 ideo
1523 2311 85 63 non
1572 2311 85 63 est
1608 2311 145 63 propositio

1035 2358 85 49 per
1083 2358 73 49 se
1120 2358 109 49 nota.
1193 2358 61 49 â‹
1217 2358 109 49 Circa
1290 2358 134 49 tertium
1387 2358 146 49 sciendum
1496 2358 97 49 est:
1557 2358 97 49 quod
1617 2358 109 49 omnes
1678 2358 73 49 veri

1026 2401 131 52 tates
1114 2401 204 52 necessarie
1274 2401 161 52 viatori
1391 2401 88 52 ad
1435 2401 161 52 eternam
1537 2401 219 52 beatitudinem:

1029 2437 169 67 habendam:
1159 2437 104 67 sunt
1225 2437 169 67 veritates
1355 2437 196 67 theologice.
1511 2437 91 67 hoc
1563 2437 117 67 patet
1642 2437 91 67 per
1681 2437 65 67 be-

1026 2488 106 57 atum
1092 2488 106 57 Aug.
1158 2488 133 57 xiiii.
1251 2488 80 57 de
1291 2488 186 57 trinitate.
1437 2488 80 57 c.
1477 2488 80 57 i.
1516 2488 93 57 sic
1569 2488 172 57 dicentem.
1689 2488 66 57 Non

1028 2526 126 58 itaque
1117 2526 152 58 quicquid
1230 2526 114 58 sciri
1306 2526 126 58 potest
1395 2526 76 58 ab
1432 2526 126 58 homine
1521 2526 76 58 in
1559 2526 139 58 humanis
1647 2526 101 58 rebus:

1019 2569 103 60 vbi
1078 2569 176 60 plurimum
1210 2569 205 60 superuacue
1371 2569 191 60 vanitatis
1518 2569 88 60 et
1562 2569 132 60 noxie
1636 2569 117 60 curio-

1025 2617 138 68 sitatis
1126 2617 100 68 est:
1189 2617 100 68 huic
1252 2617 151 68 scientie
1365 2617 138 68 tribuo:
1465 2617 88 68 sed
1515 2617 75 68 id
1553 2617 188 68 tamtummodo.
1691 2617 63 68 vbi
