<?xml version="1.0" encoding="UTF-8"?>
<alto xmlns:xsi="http://www.w3.org/2001/XMLSchema-instance"
      xmlns="http://www.loc.gov/standards/alto/ns-v2#"
      xmlns:page="http://schema.primaresearch.org/PAGE/gts/pagecontent/2013-07-15"
      xsi:schemaLocation="http://www.loc.gov/standards/alto/ns-v2# http://www.loc.gov/standards/alto/alto.xsd">
   <Description>
      <MeasurementUnit>pixel</MeasurementUnit>
      <OCRProcessing ID="IdOcr">
         <ocrProcessingStep>
            <processingDateTime>2020-09-05T08:09:42.815-04:00</processingDateTime>
            <processingSoftware>
               <softwareCreator>READ COOP</softwareCreator>
               <softwareName>Transkribus</softwareName>
            </processingSoftware>
         </ocrProcessingStep>
      </OCRProcessing>
   </Description>
   <Tags/>
   <Layout>
      <Page ID="Page1" PHYSICAL_IMG_NR="1" HEIGHT="3059" WIDTH="2257">
         <TopMargin HEIGHT="0" WIDTH="2257" VPOS="0" HPOS="0"/>
         <LeftMargin HEIGHT="3059" WIDTH="0" VPOS="0" HPOS="0"/>
         <RightMargin HEIGHT="3059" WIDTH="0" VPOS="0" HPOS="2257"/>
         <BottomMargin HEIGHT="0" WIDTH="2257" VPOS="3059" HPOS="0"/>
         <PrintSpace HEIGHT="3059" WIDTH="2257" VPOS="0" HPOS="0">
            <TextBlock ID="r2" HEIGHT="2474" WIDTH="724" VPOS="158" HPOS="461">
               <Shape>
                  <Polygon POINTS="461,158 461,2632 1185,2632 1185,158"/>
               </Shape>
               <TextLine ID="r2l2"
                         BASELINE="268"
                         HEIGHT="75"
                         WIDTH="709"
                         VPOS="193"
                         HPOS="462">
                  <String HEIGHT="75"
                          WIDTH="120"
                          VPOS="193"
                          HPOS="449"
                          CONTENT="fides"/>
                  <SP HEIGHT="75" WIDTH="13" VPOS="193" HPOS="569"/>
                  <String HEIGHT="75"
                          WIDTH="201"
                          VPOS="193"
                          HPOS="529"
                          CONTENT="saluberrima"/>
                  <SP HEIGHT="75" WIDTH="13" VPOS="193" HPOS="730"/>
                  <String HEIGHT="75"
                          WIDTH="107"
                          VPOS="193"
                          HPOS="689"
                          CONTENT="quae"/>
                  <SP HEIGHT="75" WIDTH="13" VPOS="193" HPOS="796"/>
                  <String HEIGHT="75" WIDTH="80" VPOS="193" HPOS="756" CONTENT="ad"/>
                  <SP HEIGHT="75" WIDTH="13" VPOS="193" HPOS="837"/>
                  <String HEIGHT="75"
                          WIDTH="120"
                          VPOS="193"
                          HPOS="796"
                          CONTENT="veram"/>
                  <SP HEIGHT="75" WIDTH="13" VPOS="193" HPOS="917"/>
                  <String HEIGHT="75"
                          WIDTH="120"
                          VPOS="193"
                          HPOS="877"
                          CONTENT="vitam"/>
                  <SP HEIGHT="75" WIDTH="13" VPOS="193" HPOS="997"/>
                  <String HEIGHT="75"
                          WIDTH="120"
                          VPOS="193"
                          HPOS="957"
                          CONTENT="ducit"/>
                  <SP HEIGHT="75" WIDTH="13" VPOS="193" HPOS="1077"/>
                  <String HEIGHT="75"
                          WIDTH="147"
                          VPOS="193"
                          HPOS="1024"
                          CONTENT="gignitur:"/>
               </TextLine>
               <TextLine ID="r2l3"
                         BASELINE="310"
                         HEIGHT="49"
                         WIDTH="709"
                         VPOS="261"
                         HPOS="472">
                  <String HEIGHT="49"
                          WIDTH="154"
                          VPOS="261"
                          HPOS="460"
                          CONTENT="nutritur:"/>
                  <SP HEIGHT="49" WIDTH="12" VPOS="261" HPOS="614"/>
                  <String HEIGHT="49"
                          WIDTH="177"
                          VPOS="261"
                          HPOS="578"
                          CONTENT="defenditur:"/>
                  <SP HEIGHT="49" WIDTH="12" VPOS="261" HPOS="756"/>
                  <String HEIGHT="49" WIDTH="71" VPOS="261" HPOS="720" CONTENT="et"/>
                  <SP HEIGHT="49" WIDTH="12" VPOS="261" HPOS="791"/>
                  <String HEIGHT="49"
                          WIDTH="165"
                          VPOS="261"
                          HPOS="756"
                          CONTENT="roboratur."/>
                  <SP HEIGHT="49" WIDTH="12" VPOS="261" HPOS="921"/>
                  <String HEIGHT="49" WIDTH="59" VPOS="261" HPOS="886" CONTENT="⁋"/>
                  <SP HEIGHT="49" WIDTH="12" VPOS="261" HPOS="945"/>
                  <String HEIGHT="49" WIDTH="71" VPOS="261" HPOS="909" CONTENT="Et"/>
                  <SP HEIGHT="49" WIDTH="12" VPOS="261" HPOS="980"/>
                  <String HEIGHT="49" WIDTH="95" VPOS="261" HPOS="945" CONTENT="isto"/>
                  <SP HEIGHT="49" WIDTH="12" VPOS="261" HPOS="1039"/>
                  <String HEIGHT="49"
                          WIDTH="154"
                          VPOS="261"
                          HPOS="1004"
                          CONTENT="sequitur:"/>
                  <SP HEIGHT="49" WIDTH="12" VPOS="261" HPOS="1157"/>
                  <String HEIGHT="49"
                          WIDTH="71"
                          VPOS="261"
                          HPOS="1110"
                          CONTENT="quod"/>
               </TextLine>
               <TextLine ID="r2l4"
                         BASELINE="356"
                         HEIGHT="53"
                         WIDTH="704"
                         VPOS="303"
                         HPOS="474">
                  <String HEIGHT="53"
                          WIDTH="147"
                          VPOS="303"
                          HPOS="459"
                          CONTENT="alique"/>
                  <SP HEIGHT="53" WIDTH="15" VPOS="303" HPOS="606"/>
                  <String HEIGHT="53"
                          WIDTH="191"
                          VPOS="303"
                          HPOS="562"
                          CONTENT="veritates"/>
                  <SP HEIGHT="53" WIDTH="15" VPOS="303" HPOS="753"/>
                  <String HEIGHT="53"
                          WIDTH="220"
                          VPOS="303"
                          HPOS="709"
                          CONTENT="naturalitur"/>
                  <SP HEIGHT="53" WIDTH="15" VPOS="303" HPOS="929"/>
                  <String HEIGHT="53"
                          WIDTH="117"
                          VPOS="303"
                          HPOS="885"
                          CONTENT="note"/>
                  <SP HEIGHT="53" WIDTH="15" VPOS="303" HPOS="1002"/>
                  <String HEIGHT="53" WIDTH="103" VPOS="303" HPOS="958" CONTENT="vel"/>
                  <SP HEIGHT="53" WIDTH="15" VPOS="303" HPOS="1061"/>
                  <String HEIGHT="53"
                          WIDTH="176"
                          VPOS="303"
                          HPOS="1002"
                          CONTENT="cognoscibi"/>
               </TextLine>
               <TextLine ID="r2l5"
                         BASELINE="393"
                         HEIGHT="49"
                         WIDTH="707"
                         VPOS="344"
                         HPOS="465">
                  <String HEIGHT="49" WIDTH="80" VPOS="344" HPOS="454" CONTENT="les"/>
                  <SP HEIGHT="49" WIDTH="11" VPOS="344" HPOS="533"/>
                  <String HEIGHT="49" WIDTH="91" VPOS="344" HPOS="499" CONTENT="sunt"/>
                  <SP HEIGHT="49" WIDTH="11" VPOS="344" HPOS="590"/>
                  <String HEIGHT="49"
                          WIDTH="205"
                          VPOS="344"
                          HPOS="556"
                          CONTENT="theologicales:"/>
                  <SP HEIGHT="49" WIDTH="11" VPOS="344" HPOS="761"/>
                  <String HEIGHT="49"
                          WIDTH="103"
                          VPOS="344"
                          HPOS="727"
                          CONTENT="sicut"/>
                  <SP HEIGHT="49" WIDTH="11" VPOS="344" HPOS="830"/>
                  <String HEIGHT="49" WIDTH="91" VPOS="344" HPOS="796" CONTENT="quod"/>
                  <SP HEIGHT="49" WIDTH="11" VPOS="344" HPOS="887"/>
                  <String HEIGHT="49" WIDTH="91" VPOS="344" HPOS="853" CONTENT="deus"/>
                  <SP HEIGHT="49" WIDTH="11" VPOS="344" HPOS="944"/>
                  <String HEIGHT="49" WIDTH="91" VPOS="344" HPOS="910" CONTENT="est:"/>
                  <SP HEIGHT="49" WIDTH="11" VPOS="344" HPOS="1001"/>
                  <String HEIGHT="49" WIDTH="91" VPOS="344" HPOS="967" CONTENT="quod"/>
                  <SP HEIGHT="49" WIDTH="11" VPOS="344" HPOS="1058"/>
                  <String HEIGHT="49"
                          WIDTH="91"
                          VPOS="344"
                          HPOS="1024"
                          CONTENT="deus"/>
                  <SP HEIGHT="49" WIDTH="11" VPOS="344" HPOS="1115"/>
                  <String HEIGHT="49" WIDTH="80" VPOS="344" HPOS="1081" CONTENT="est"/>
                  <SP HEIGHT="49" WIDTH="11" VPOS="344" HPOS="1161"/>
                  <String HEIGHT="49"
                          WIDTH="57"
                          VPOS="344"
                          HPOS="1115"
                          CONTENT="sa"
                          SUBS_TYPE="HypPart1"
                          SUBS_CONTENT="sapiens:"/>
                  <HYP CONTENT="-"/>
               </TextLine>
               <TextLine ID="r2l6"
                         BASELINE="440"
                         HEIGHT="45"
                         WIDTH="709"
                         VPOS="395"
                         HPOS="474">
                  <String HEIGHT="45"
                          WIDTH="122"
                          VPOS="395"
                          HPOS="462"
                          CONTENT="piens:"
                          SUBS_TYPE="HypPart2"
                          SUBS_CONTENT="sapiens:"/>
                  <SP HEIGHT="45" WIDTH="12" VPOS="395" HPOS="584"/>
                  <String HEIGHT="45" WIDTH="98" VPOS="395" HPOS="547" CONTENT="quod"/>
                  <SP HEIGHT="45" WIDTH="12" VPOS="395" HPOS="645"/>
                  <String HEIGHT="45" WIDTH="98" VPOS="395" HPOS="608" CONTENT="deus"/>
                  <SP HEIGHT="45" WIDTH="12" VPOS="395" HPOS="706"/>
                  <String HEIGHT="45" WIDTH="86" VPOS="395" HPOS="670" CONTENT="est"/>
                  <SP HEIGHT="45" WIDTH="12" VPOS="395" HPOS="755"/>
                  <String HEIGHT="45"
                          WIDTH="122"
                          VPOS="395"
                          HPOS="718"
                          CONTENT="bonus:"/>
                  <SP HEIGHT="45" WIDTH="12" VPOS="395" HPOS="841"/>
                  <String HEIGHT="45" WIDTH="73" VPOS="395" HPOS="804" CONTENT="et"/>
                  <SP HEIGHT="45" WIDTH="12" VPOS="395" HPOS="877"/>
                  <String HEIGHT="45" WIDTH="98" VPOS="395" HPOS="841" CONTENT="iste"/>
                  <SP HEIGHT="45" WIDTH="12" VPOS="395" HPOS="939"/>
                  <String HEIGHT="45" WIDTH="98" VPOS="395" HPOS="902" CONTENT="sunt"/>
                  <SP HEIGHT="45" WIDTH="12" VPOS="395" HPOS="1000"/>
                  <String HEIGHT="45"
                          WIDTH="171"
                          VPOS="395"
                          HPOS="963"
                          CONTENT="necessarie"/>
                  <SP HEIGHT="45" WIDTH="12" VPOS="395" HPOS="1134"/>
                  <String HEIGHT="45" WIDTH="73" VPOS="395" HPOS="1097" CONTENT="ad"/>
                  <SP HEIGHT="45" WIDTH="12" VPOS="395" HPOS="1171"/>
                  <String HEIGHT="45"
                          WIDTH="61"
                          VPOS="395"
                          HPOS="1122"
                          CONTENT="sa"
                          SUBS_TYPE="HypPart1"
                          SUBS_CONTENT="salutem"/>
                  <HYP CONTENT="-"/>
               </TextLine>
               <TextLine ID="r2l7"
                         BASELINE="485"
                         HEIGHT="49"
                         WIDTH="708"
                         VPOS="436"
                         HPOS="469">
                  <String HEIGHT="49"
                          WIDTH="127"
                          VPOS="436"
                          HPOS="455"
                          CONTENT="lutem"
                          SUBS_TYPE="HypPart2"
                          SUBS_CONTENT="salutem"/>
                  <SP HEIGHT="49" WIDTH="14" VPOS="436" HPOS="582"/>
                  <String HEIGHT="49"
                          WIDTH="156"
                          VPOS="436"
                          HPOS="540"
                          CONTENT="Relique"/>
                  <SP HEIGHT="49" WIDTH="14" VPOS="436" HPOS="696"/>
                  <String HEIGHT="49"
                          WIDTH="113"
                          VPOS="436"
                          HPOS="653"
                          CONTENT="sunt"/>
                  <SP HEIGHT="49" WIDTH="14" VPOS="436" HPOS="766"/>
                  <String HEIGHT="49"
                          WIDTH="283"
                          VPOS="436"
                          HPOS="724"
                          CONTENT="supernaturaliter"/>
                  <SP HEIGHT="49" WIDTH="14" VPOS="436" HPOS="1007"/>
                  <String HEIGHT="49"
                          WIDTH="170"
                          VPOS="436"
                          HPOS="965"
                          CONTENT="cognite:"/>
                  <SP HEIGHT="49" WIDTH="14" VPOS="436" HPOS="1135"/>
                  <String HEIGHT="49"
                          WIDTH="99"
                          VPOS="436"
                          HPOS="1078"
                          CONTENT="sicut"/>
               </TextLine>
               <TextLine ID="r2l8"
                         BASELINE="531"
                         HEIGHT="49"
                         WIDTH="715"
                         VPOS="482"
                         HPOS="468">
                  <String HEIGHT="49" WIDTH="85" VPOS="482" HPOS="457" CONTENT="deus"/>
                  <SP HEIGHT="49" WIDTH="11" VPOS="482" HPOS="543"/>
                  <String HEIGHT="49" WIDTH="75" VPOS="482" HPOS="511" CONTENT="est"/>
                  <SP HEIGHT="49" WIDTH="11" VPOS="482" HPOS="585"/>
                  <String HEIGHT="49"
                          WIDTH="107"
                          VPOS="482"
                          HPOS="553"
                          CONTENT="trinus"/>
                  <SP HEIGHT="49" WIDTH="11" VPOS="482" HPOS="660"/>
                  <String HEIGHT="49"
                          WIDTH="149"
                          VPOS="482"
                          HPOS="628"
                          CONTENT="incarnatus"/>
                  <SP HEIGHT="49" WIDTH="11" VPOS="482" HPOS="777"/>
                  <String HEIGHT="49" WIDTH="64" VPOS="482" HPOS="745" CONTENT="et"/>
                  <SP HEIGHT="49" WIDTH="11" VPOS="482" HPOS="809"/>
                  <String HEIGHT="49"
                          WIDTH="139"
                          VPOS="482"
                          HPOS="777"
                          CONTENT="huiusmodi"/>
                  <SP HEIGHT="49" WIDTH="11" VPOS="482" HPOS="916"/>
                  <String HEIGHT="49" WIDTH="53" VPOS="482" HPOS="884" CONTENT="⁋"/>
                  <SP HEIGHT="49" WIDTH="11" VPOS="482" HPOS="938"/>
                  <String HEIGHT="49" WIDTH="75" VPOS="482" HPOS="906" CONTENT="Sed"/>
                  <SP HEIGHT="49" WIDTH="11" VPOS="482" HPOS="980"/>
                  <String HEIGHT="49"
                          WIDTH="107"
                          VPOS="482"
                          HPOS="948"
                          CONTENT="contra"/>
                  <SP HEIGHT="49" WIDTH="11" VPOS="482" HPOS="1055"/>
                  <String HEIGHT="49" WIDTH="75" VPOS="482" HPOS="1023" CONTENT="hoc"/>
                  <SP HEIGHT="49" WIDTH="11" VPOS="482" HPOS="1098"/>
                  <String HEIGHT="49"
                          WIDTH="107"
                          VPOS="482"
                          HPOS="1066"
                          CONTENT="potest"/>
                  <SP HEIGHT="49" WIDTH="11" VPOS="482" HPOS="1172"/>
                  <String HEIGHT="49"
                          WIDTH="53"
                          VPOS="482"
                          HPOS="1130"
                          CONTENT="ar"
                          SUBS_TYPE="HypPart1"
                          SUBS_CONTENT="argui."/>
                  <HYP CONTENT="-"/>
               </TextLine>
               <TextLine ID="r2l9"
                         BASELINE="575"
                         HEIGHT="51"
                         WIDTH="703"
                         VPOS="524"
                         HPOS="475">
                  <String HEIGHT="51"
                          WIDTH="117"
                          VPOS="524"
                          HPOS="460"
                          CONTENT="gui."
                          SUBS_TYPE="HypPart2"
                          SUBS_CONTENT="argui."/>
                  <SP HEIGHT="51" WIDTH="15" VPOS="524" HPOS="578"/>
                  <String HEIGHT="51"
                          WIDTH="117"
                          VPOS="524"
                          HPOS="534"
                          CONTENT="Quia"/>
                  <SP HEIGHT="51" WIDTH="15" VPOS="524" HPOS="651"/>
                  <String HEIGHT="51"
                          WIDTH="132"
                          VPOS="524"
                          HPOS="607"
                          CONTENT="omnis"/>
                  <SP HEIGHT="51" WIDTH="15" VPOS="524" HPOS="739"/>
                  <String HEIGHT="51"
                          WIDTH="205"
                          VPOS="524"
                          HPOS="695"
                          CONTENT="propositio"/>
                  <SP HEIGHT="51" WIDTH="15" VPOS="524" HPOS="900"/>
                  <String HEIGHT="51"
                          WIDTH="220"
                          VPOS="524"
                          HPOS="856"
                          CONTENT="naturaliter"/>
                  <SP HEIGHT="51" WIDTH="15" VPOS="524" HPOS="1075"/>
                  <String HEIGHT="51"
                          WIDTH="161"
                          VPOS="524"
                          HPOS="1017"
                          CONTENT="cognosci"
                          SUBS_TYPE="HypPart1"
                          SUBS_CONTENT="cognoscibilis"/>
                  <HYP CONTENT="-"/>
               </TextLine>
               <TextLine ID="r2l10"
                         BASELINE="616"
                         HEIGHT="45"
                         WIDTH="710"
                         VPOS="571"
                         HPOS="462">
                  <String HEIGHT="45"
                          WIDTH="121"
                          VPOS="571"
                          HPOS="449"
                          CONTENT="bilis"
                          SUBS_TYPE="HypPart2"
                          SUBS_CONTENT="cognoscibilis"/>
                  <SP HEIGHT="45" WIDTH="13" VPOS="571" HPOS="569"/>
                  <String HEIGHT="45"
                          WIDTH="161"
                          VPOS="571"
                          HPOS="529"
                          CONTENT="pertinet"/>
                  <SP HEIGHT="45" WIDTH="13" VPOS="571" HPOS="690"/>
                  <String HEIGHT="45" WIDTH="80" VPOS="571" HPOS="650" CONTENT="ad"/>
                  <SP HEIGHT="45" WIDTH="13" VPOS="571" HPOS="730"/>
                  <String HEIGHT="45"
                          WIDTH="147"
                          VPOS="571"
                          HPOS="690"
                          CONTENT="aliquam"/>
                  <SP HEIGHT="45" WIDTH="13" VPOS="571" HPOS="837"/>
                  <String HEIGHT="45"
                          WIDTH="174"
                          VPOS="571"
                          HPOS="797"
                          CONTENT="scientiam"/>
                  <SP HEIGHT="45" WIDTH="13" VPOS="571" HPOS="971"/>
                  <String HEIGHT="45"
                          WIDTH="201"
                          VPOS="571"
                          HPOS="931"
                          CONTENT="naturalitur"/>
                  <SP HEIGHT="45" WIDTH="13" VPOS="571" HPOS="1132"/>
                  <String HEIGHT="45"
                          WIDTH="94"
                          VPOS="571"
                          HPOS="1078"
                          CONTENT="inuen"/>
               </TextLine>
               <TextLine ID="r2l11"
                         BASELINE="655"
                         HEIGHT="47"
                         WIDTH="712"
                         VPOS="608"
                         HPOS="465">
                  <String HEIGHT="47"
                          WIDTH="102"
                          VPOS="608"
                          HPOS="452"
                          CONTENT="tam."/>
                  <SP HEIGHT="47" WIDTH="13" VPOS="608" HPOS="554"/>
                  <String HEIGHT="47" WIDTH="89" VPOS="608" HPOS="516" CONTENT="Sed"/>
                  <SP HEIGHT="47" WIDTH="13" VPOS="608" HPOS="605"/>
                  <String HEIGHT="47"
                          WIDTH="114"
                          VPOS="608"
                          HPOS="567"
                          CONTENT="eadem"/>
                  <SP HEIGHT="47" WIDTH="13" VPOS="608" HPOS="681"/>
                  <String HEIGHT="47"
                          WIDTH="140"
                          VPOS="608"
                          HPOS="643"
                          CONTENT="veritas"/>
                  <SP HEIGHT="47" WIDTH="13" VPOS="608" HPOS="783"/>
                  <String HEIGHT="47" WIDTH="89" VPOS="608" HPOS="745" CONTENT="non"/>
                  <SP HEIGHT="47" WIDTH="13" VPOS="608" HPOS="834"/>
                  <String HEIGHT="47"
                          WIDTH="153"
                          VPOS="608"
                          HPOS="796"
                          CONTENT="pertinet"/>
                  <SP HEIGHT="47" WIDTH="13" VPOS="608" HPOS="948"/>
                  <String HEIGHT="47" WIDTH="76" VPOS="608" HPOS="910" CONTENT="ad"/>
                  <SP HEIGHT="47" WIDTH="13" VPOS="608" HPOS="986"/>
                  <String HEIGHT="47"
                          WIDTH="178"
                          VPOS="608"
                          HPOS="948"
                          CONTENT="distinctas"/>
                  <SP HEIGHT="47" WIDTH="13" VPOS="608" HPOS="1126"/>
                  <String HEIGHT="47"
                          WIDTH="102"
                          VPOS="608"
                          HPOS="1075"
                          CONTENT="scien"
                          SUBS_TYPE="HypPart1"
                          SUBS_CONTENT="scientias:"/>
                  <HYP CONTENT="-"/>
               </TextLine>
               <TextLine ID="r2l12"
                         BASELINE="710"
                         HEIGHT="55"
                         WIDTH="700"
                         VPOS="655"
                         HPOS="474">
                  <String HEIGHT="55"
                          WIDTH="126"
                          VPOS="655"
                          HPOS="460"
                          CONTENT="tias:"
                          SUBS_TYPE="HypPart2"
                          SUBS_CONTENT="scientias:"/>
                  <SP HEIGHT="55" WIDTH="14" VPOS="655" HPOS="586"/>
                  <String HEIGHT="55"
                          WIDTH="112"
                          VPOS="655"
                          HPOS="544"
                          CONTENT="ergo"/>
                  <SP HEIGHT="55" WIDTH="14" VPOS="655" HPOS="656"/>
                  <String HEIGHT="55"
                          WIDTH="126"
                          VPOS="655"
                          HPOS="614"
                          CONTENT="nulla"/>
                  <SP HEIGHT="55" WIDTH="14" VPOS="655" HPOS="740"/>
                  <String HEIGHT="55"
                          WIDTH="154"
                          VPOS="655"
                          HPOS="698"
                          CONTENT="veritas"/>
                  <SP HEIGHT="55" WIDTH="14" VPOS="655" HPOS="852"/>
                  <String HEIGHT="55"
                          WIDTH="210"
                          VPOS="655"
                          HPOS="810"
                          CONTENT="naturaliter"/>
                  <SP HEIGHT="55" WIDTH="14" VPOS="655" HPOS="1020"/>
                  <String HEIGHT="55"
                          WIDTH="210"
                          VPOS="655"
                          HPOS="964"
                          CONTENT="cognoscibilis"/>
               </TextLine>
               <TextLine ID="r2l13"
                         BASELINE="745"
                         HEIGHT="48"
                         WIDTH="718"
                         VPOS="697"
                         HPOS="469">
                  <String HEIGHT="48" WIDTH="90" VPOS="697" HPOS="456" CONTENT="est"/>
                  <SP HEIGHT="48" WIDTH="13" VPOS="697" HPOS="546"/>
                  <String HEIGHT="48"
                          WIDTH="192"
                          VPOS="697"
                          HPOS="507"
                          CONTENT="theologica."/>
                  <SP HEIGHT="48" WIDTH="13" VPOS="697" HPOS="700"/>
                  <String HEIGHT="48" WIDTH="64" VPOS="697" HPOS="661" CONTENT="⁋"/>
                  <SP HEIGHT="48" WIDTH="13" VPOS="697" HPOS="725"/>
                  <String HEIGHT="48"
                          WIDTH="154"
                          VPOS="697"
                          HPOS="687"
                          CONTENT="Preterea"/>
                  <SP HEIGHT="48" WIDTH="13" VPOS="697" HPOS="841"/>
                  <String HEIGHT="48"
                          WIDTH="103"
                          VPOS="697"
                          HPOS="802"
                          CONTENT="illa"/>
                  <SP HEIGHT="48" WIDTH="13" VPOS="697" HPOS="905"/>
                  <String HEIGHT="48"
                          WIDTH="141"
                          VPOS="697"
                          HPOS="866"
                          CONTENT="veritas"/>
                  <SP HEIGHT="48" WIDTH="13" VPOS="697" HPOS="1008"/>
                  <String HEIGHT="48"
                          WIDTH="103"
                          VPOS="697"
                          HPOS="969"
                          CONTENT="quae"/>
                  <SP HEIGHT="48" WIDTH="13" VPOS="697" HPOS="1072"/>
                  <String HEIGHT="48"
                          WIDTH="128"
                          VPOS="697"
                          HPOS="1033"
                          CONTENT="potest"/>
                  <SP HEIGHT="48" WIDTH="13" VPOS="697" HPOS="1161"/>
                  <String HEIGHT="48"
                          WIDTH="77"
                          VPOS="697"
                          HPOS="1110"
                          CONTENT="pro"
                          SUBS_TYPE="HypPart1"
                          SUBS_CONTENT="probari"/>
                  <HYP CONTENT="-"/>
               </TextLine>
               <TextLine ID="r2l14"
                         BASELINE="788"
                         HEIGHT="46"
                         WIDTH="713"
                         VPOS="742"
                         HPOS="465">
                  <String HEIGHT="46"
                          WIDTH="102"
                          VPOS="742"
                          HPOS="452"
                          CONTENT="bari"
                          SUBS_TYPE="HypPart2"
                          SUBS_CONTENT="probari"/>
                  <SP HEIGHT="46" WIDTH="13" VPOS="742" HPOS="554"/>
                  <String HEIGHT="46"
                          WIDTH="140"
                          VPOS="742"
                          HPOS="516"
                          CONTENT="aliquod"/>
                  <SP HEIGHT="46" WIDTH="13" VPOS="742" HPOS="656"/>
                  <String HEIGHT="46"
                          WIDTH="178"
                          VPOS="742"
                          HPOS="618"
                          CONTENT="subiectum:"/>
                  <SP HEIGHT="46" WIDTH="13" VPOS="742" HPOS="796"/>
                  <String HEIGHT="46" WIDTH="76" VPOS="742" HPOS="758" CONTENT="in"/>
                  <SP HEIGHT="46" WIDTH="13" VPOS="742" HPOS="834"/>
                  <String HEIGHT="46"
                          WIDTH="102"
                          VPOS="742"
                          HPOS="796"
                          CONTENT="quod"/>
                  <SP HEIGHT="46" WIDTH="13" VPOS="742" HPOS="898"/>
                  <String HEIGHT="46"
                          WIDTH="191"
                          VPOS="742"
                          HPOS="860"
                          CONTENT="praedicatum"/>
                  <SP HEIGHT="46" WIDTH="13" VPOS="742" HPOS="1051"/>
                  <String HEIGHT="46"
                          WIDTH="115"
                          VPOS="742"
                          HPOS="1012"
                          CONTENT="habet"/>
                  <SP HEIGHT="46" WIDTH="13" VPOS="742" HPOS="1127"/>
                  <String HEIGHT="46"
                          WIDTH="102"
                          VPOS="742"
                          HPOS="1076"
                          CONTENT="resol"
                          SUBS_TYPE="HypPart1"
                          SUBS_CONTENT="resolui"/>
                  <HYP CONTENT="-"/>
               </TextLine>
               <TextLine ID="r2l15"
                         BASELINE="834"
                         HEIGHT="46"
                         WIDTH="718"
                         VPOS="788"
                         HPOS="465">
                  <String HEIGHT="46"
                          WIDTH="76"
                          VPOS="788"
                          HPOS="452"
                          CONTENT="ui"
                          SUBS_TYPE="HypPart2"
                          SUBS_CONTENT="resolui"/>
                  <SP HEIGHT="46" WIDTH="13" VPOS="788" HPOS="528"/>
                  <String HEIGHT="46"
                          WIDTH="139"
                          VPOS="788"
                          HPOS="490"
                          CONTENT="tamquam"/>
                  <SP HEIGHT="46" WIDTH="13" VPOS="788" HPOS="629"/>
                  <String HEIGHT="46" WIDTH="88" VPOS="788" HPOS="591" CONTENT="per"/>
                  <SP HEIGHT="46" WIDTH="13" VPOS="788" HPOS="679"/>
                  <String HEIGHT="46"
                          WIDTH="139"
                          VPOS="788"
                          HPOS="641"
                          CONTENT="medium:"/>
                  <SP HEIGHT="46" WIDTH="13" VPOS="788" HPOS="780"/>
                  <String HEIGHT="46"
                          WIDTH="151"
                          VPOS="788"
                          HPOS="742"
                          CONTENT="pertinet"/>
                  <SP HEIGHT="46" WIDTH="13" VPOS="788" HPOS="893"/>
                  <String HEIGHT="46" WIDTH="76" VPOS="788" HPOS="855" CONTENT="ad"/>
                  <SP HEIGHT="46" WIDTH="13" VPOS="788" HPOS="931"/>
                  <String HEIGHT="46"
                          WIDTH="164"
                          VPOS="788"
                          HPOS="893"
                          CONTENT="scientiam"/>
                  <SP HEIGHT="46" WIDTH="13" VPOS="788" HPOS="1057"/>
                  <String HEIGHT="46" WIDTH="76" VPOS="788" HPOS="1019" CONTENT="de"/>
                  <SP HEIGHT="46" WIDTH="13" VPOS="788" HPOS="1095"/>
                  <String HEIGHT="46"
                          WIDTH="101"
                          VPOS="788"
                          HPOS="1057"
                          CONTENT="isto"/>
                  <SP HEIGHT="46" WIDTH="13" VPOS="788" HPOS="1158"/>
                  <String HEIGHT="46"
                          WIDTH="76"
                          VPOS="788"
                          HPOS="1107"
                          CONTENT="sub"
                          SUBS_TYPE="HypPart1"
                          SUBS_CONTENT="subiecto"/>
                  <HYP CONTENT="-"/>
               </TextLine>
               <TextLine ID="r2l16"
                         BASELINE="881"
                         HEIGHT="53"
                         WIDTH="712"
                         VPOS="828"
                         HPOS="475">
                  <String HEIGHT="53"
                          WIDTH="109"
                          VPOS="828"
                          HPOS="463"
                          CONTENT="iecto"
                          SUBS_TYPE="HypPart2"
                          SUBS_CONTENT="subiecto"/>
                  <SP HEIGHT="53" WIDTH="12" VPOS="828" HPOS="572"/>
                  <String HEIGHT="53" WIDTH="97" VPOS="828" HPOS="535" CONTENT="quod"/>
                  <SP HEIGHT="53" WIDTH="12" VPOS="828" HPOS="632"/>
                  <String HEIGHT="53" WIDTH="84" VPOS="828" HPOS="596" CONTENT="est"/>
                  <SP HEIGHT="53" WIDTH="12" VPOS="828" HPOS="680"/>
                  <String HEIGHT="53"
                          WIDTH="133"
                          VPOS="828"
                          HPOS="644"
                          CONTENT="medium:"/>
                  <SP HEIGHT="53" WIDTH="12" VPOS="828" HPOS="777"/>
                  <String HEIGHT="53" WIDTH="72" VPOS="828" HPOS="740" CONTENT="et"/>
                  <SP HEIGHT="53" WIDTH="12" VPOS="828" HPOS="813"/>
                  <String HEIGHT="53" WIDTH="84" VPOS="828" HPOS="777" CONTENT="non"/>
                  <SP HEIGHT="53" WIDTH="12" VPOS="828" HPOS="861"/>
                  <String HEIGHT="53" WIDTH="72" VPOS="828" HPOS="825" CONTENT="ad"/>
                  <SP HEIGHT="53" WIDTH="12" VPOS="828" HPOS="897"/>
                  <String HEIGHT="53"
                          WIDTH="157"
                          VPOS="828"
                          HPOS="861"
                          CONTENT="scientiam"/>
                  <SP HEIGHT="53" WIDTH="12" VPOS="828" HPOS="1018"/>
                  <String HEIGHT="53" WIDTH="97" VPOS="828" HPOS="982" CONTENT="quae"/>
                  <SP HEIGHT="53" WIDTH="12" VPOS="828" HPOS="1078"/>
                  <String HEIGHT="53" WIDTH="84" VPOS="828" HPOS="1042" CONTENT="est"/>
                  <SP HEIGHT="53" WIDTH="12" VPOS="828" HPOS="1127"/>
                  <String HEIGHT="53" WIDTH="72" VPOS="828" HPOS="1090" CONTENT="de"/>
                  <SP HEIGHT="53" WIDTH="12" VPOS="828" HPOS="1163"/>
                  <String HEIGHT="53"
                          WIDTH="72"
                          VPOS="828"
                          HPOS="1115"
                          CONTENT="sub"
                          SUBS_TYPE="HypPart1"
                          SUBS_CONTENT="subiecto"/>
                  <HYP CONTENT="-"/>
               </TextLine>
               <TextLine ID="r2l17"
                         BASELINE="922"
                         HEIGHT="48"
                         WIDTH="712"
                         VPOS="874"
                         HPOS="460">
                  <String HEIGHT="48"
                          WIDTH="119"
                          VPOS="874"
                          HPOS="447"
                          CONTENT="iecto"
                          SUBS_TYPE="HypPart2"
                          SUBS_CONTENT="subiecto"/>
                  <SP HEIGHT="48" WIDTH="13" VPOS="874" HPOS="565"/>
                  <String HEIGHT="48"
                          WIDTH="171"
                          VPOS="874"
                          HPOS="526"
                          CONTENT="veritatis"/>
                  <SP HEIGHT="48" WIDTH="13" VPOS="874" HPOS="697"/>
                  <String HEIGHT="48"
                          WIDTH="171"
                          VPOS="874"
                          HPOS="658"
                          CONTENT="probande:"/>
                  <SP HEIGHT="48" WIDTH="13" VPOS="874" HPOS="829"/>
                  <String HEIGHT="48" WIDTH="92" VPOS="874" HPOS="790" CONTENT="sed"/>
                  <SP HEIGHT="48" WIDTH="13" VPOS="874" HPOS="882"/>
                  <String HEIGHT="48"
                          WIDTH="119"
                          VPOS="874"
                          HPOS="842"
                          CONTENT="tales"/>
                  <SP HEIGHT="48" WIDTH="13" VPOS="874" HPOS="961"/>
                  <String HEIGHT="48"
                          WIDTH="224"
                          VPOS="874"
                          HPOS="921"
                          CONTENT="propositiones"/>
                  <SP HEIGHT="48" WIDTH="13" VPOS="874" HPOS="1146"/>
                  <String HEIGHT="48"
                          WIDTH="79"
                          VPOS="874"
                          HPOS="1093"
                          CONTENT="deus"/>
               </TextLine>
               <TextLine ID="r2l18"
                         BASELINE="974"
                         HEIGHT="53"
                         WIDTH="719"
                         VPOS="921"
                         HPOS="465">
                  <String HEIGHT="53" WIDTH="73" VPOS="921" HPOS="455" CONTENT="est"/>
                  <SP HEIGHT="53" WIDTH="10" VPOS="921" HPOS="528"/>
                  <String HEIGHT="53"
                          WIDTH="125"
                          VPOS="921"
                          HPOS="496"
                          CONTENT="sapiens:"/>
                  <SP HEIGHT="53" WIDTH="10" VPOS="921" HPOS="621"/>
                  <String HEIGHT="53"
                          WIDTH="104"
                          VPOS="921"
                          HPOS="590"
                          CONTENT="bonus:"/>
                  <SP HEIGHT="53" WIDTH="10" VPOS="921" HPOS="694"/>
                  <String HEIGHT="53" WIDTH="63" VPOS="921" HPOS="663" CONTENT="et"/>
                  <SP HEIGHT="53" WIDTH="10" VPOS="921" HPOS="726"/>
                  <String HEIGHT="53"
                          WIDTH="146"
                          VPOS="921"
                          HPOS="694"
                          CONTENT="huiusmodi:"/>
                  <SP HEIGHT="53" WIDTH="10" VPOS="921" HPOS="840"/>
                  <String HEIGHT="53"
                          WIDTH="115"
                          VPOS="921"
                          HPOS="809"
                          CONTENT="possunt"/>
                  <SP HEIGHT="53" WIDTH="10" VPOS="921" HPOS="923"/>
                  <String HEIGHT="53"
                          WIDTH="115"
                          VPOS="921"
                          HPOS="892"
                          CONTENT="probari"/>
                  <SP HEIGHT="53" WIDTH="10" VPOS="921" HPOS="1007"/>
                  <String HEIGHT="53" WIDTH="73" VPOS="921" HPOS="976" CONTENT="per"/>
                  <SP HEIGHT="53" WIDTH="10" VPOS="921" HPOS="1049"/>
                  <String HEIGHT="53" WIDTH="73" VPOS="921" HPOS="1017" CONTENT="ens"/>
                  <SP HEIGHT="53" WIDTH="10" VPOS="921" HPOS="1090"/>
                  <String HEIGHT="53"
                          WIDTH="115"
                          VPOS="921"
                          HPOS="1059"
                          CONTENT="tamquam"/>
                  <SP HEIGHT="53" WIDTH="10" VPOS="921" HPOS="1174"/>
                  <String HEIGHT="53" WIDTH="52" VPOS="921" HPOS="1132" CONTENT="per"/>
               </TextLine>
               <TextLine ID="r2l19"
                         BASELINE="1006"
                         HEIGHT="46"
                         WIDTH="706"
                         VPOS="960"
                         HPOS="469">
                  <String HEIGHT="46"
                          WIDTH="144"
                          VPOS="960"
                          HPOS="456"
                          CONTENT="medium:"/>
                  <SP HEIGHT="46" WIDTH="13" VPOS="960" HPOS="600"/>
                  <String HEIGHT="46" WIDTH="92" VPOS="960" HPOS="561" CONTENT="sic"/>
                  <SP HEIGHT="46" WIDTH="13" VPOS="960" HPOS="652"/>
                  <String HEIGHT="46"
                          WIDTH="170"
                          VPOS="960"
                          HPOS="613"
                          CONTENT="arguendo."/>
                  <SP HEIGHT="46" WIDTH="13" VPOS="960" HPOS="783"/>
                  <String HEIGHT="46"
                          WIDTH="105"
                          VPOS="960"
                          HPOS="744"
                          CONTENT="omne"/>
                  <SP HEIGHT="46" WIDTH="13" VPOS="960" HPOS="848"/>
                  <String HEIGHT="46" WIDTH="92" VPOS="960" HPOS="809" CONTENT="ens"/>
                  <SP HEIGHT="46" WIDTH="13" VPOS="960" HPOS="900"/>
                  <String HEIGHT="46" WIDTH="92" VPOS="960" HPOS="861" CONTENT="est"/>
                  <SP HEIGHT="46" WIDTH="13" VPOS="960" HPOS="953"/>
                  <String HEIGHT="46"
                          WIDTH="131"
                          VPOS="960"
                          HPOS="914"
                          CONTENT="bonum:"/>
                  <SP HEIGHT="46" WIDTH="13" VPOS="960" HPOS="1044"/>
                  <String HEIGHT="46"
                          WIDTH="105"
                          VPOS="960"
                          HPOS="1005"
                          CONTENT="deus"/>
                  <SP HEIGHT="46" WIDTH="13" VPOS="960" HPOS="1110"/>
                  <String HEIGHT="46" WIDTH="92" VPOS="960" HPOS="1070" CONTENT="est"/>
                  <SP HEIGHT="46" WIDTH="13" VPOS="960" HPOS="1162"/>
                  <String HEIGHT="46" WIDTH="65" VPOS="960" HPOS="1110" CONTENT="ens"/>
               </TextLine>
               <TextLine ID="r2l20"
                         BASELINE="1059"
                         HEIGHT="56"
                         WIDTH="712"
                         VPOS="1003"
                         HPOS="465">
                  <String HEIGHT="56"
                          WIDTH="89"
                          VPOS="1003"
                          HPOS="454"
                          CONTENT="ergo"/>
                  <SP HEIGHT="56" WIDTH="11" VPOS="1003" HPOS="543"/>
                  <String HEIGHT="56"
                          WIDTH="89"
                          VPOS="1003"
                          HPOS="510"
                          CONTENT="deus"/>
                  <SP HEIGHT="56" WIDTH="11" VPOS="1003" HPOS="599"/>
                  <String HEIGHT="56" WIDTH="78" VPOS="1003" HPOS="565" CONTENT="est"/>
                  <SP HEIGHT="56" WIDTH="11" VPOS="1003" HPOS="643"/>
                  <String HEIGHT="56"
                          WIDTH="111"
                          VPOS="1003"
                          HPOS="610"
                          CONTENT="bonus."/>
                  <SP HEIGHT="56" WIDTH="11" VPOS="1003" HPOS="721"/>
                  <String HEIGHT="56"
                          WIDTH="89"
                          VPOS="1003"
                          HPOS="688"
                          CONTENT="ergo"/>
                  <SP HEIGHT="56" WIDTH="11" VPOS="1003" HPOS="777"/>
                  <String HEIGHT="56"
                          WIDTH="89"
                          VPOS="1003"
                          HPOS="743"
                          CONTENT="ille"/>
                  <SP HEIGHT="56" WIDTH="11" VPOS="1003" HPOS="832"/>
                  <String HEIGHT="56"
                          WIDTH="145"
                          VPOS="1003"
                          HPOS="799"
                          CONTENT="veritates"/>
                  <SP HEIGHT="56" WIDTH="11" VPOS="1003" HPOS="943"/>
                  <String HEIGHT="56"
                          WIDTH="145"
                          VPOS="1003"
                          HPOS="910"
                          CONTENT="pertinent"/>
                  <SP HEIGHT="56" WIDTH="11" VPOS="1003" HPOS="1055"/>
                  <String HEIGHT="56" WIDTH="67" VPOS="1003" HPOS="1021" CONTENT="ad"/>
                  <SP HEIGHT="56" WIDTH="11" VPOS="1003" HPOS="1088"/>
                  <String HEIGHT="56"
                          WIDTH="145"
                          VPOS="1003"
                          HPOS="1055"
                          CONTENT="scientiam"/>
                  <SP HEIGHT="56" WIDTH="11" VPOS="1003" HPOS="1199"/>
                  <String HEIGHT="56" WIDTH="22" VPOS="1003" HPOS="1155" CONTENT=""/>
               </TextLine>
               <TextLine ID="r2l21"
                         BASELINE="1099"
                         HEIGHT="52"
                         WIDTH="724"
                         VPOS="1047"
                         HPOS="462">
                  <String HEIGHT="52" WIDTH="84" VPOS="1047" HPOS="448" CONTENT="de"/>
                  <SP HEIGHT="52" WIDTH="14" VPOS="1047" HPOS="532"/>
                  <String HEIGHT="52"
                          WIDTH="125"
                          VPOS="1047"
                          HPOS="490"
                          CONTENT="ente:"/>
                  <SP HEIGHT="52" WIDTH="14" VPOS="1047" HPOS="615"/>
                  <String HEIGHT="52" WIDTH="84" VPOS="1047" HPOS="573" CONTENT="et"/>
                  <SP HEIGHT="52" WIDTH="14" VPOS="1047" HPOS="657"/>
                  <String HEIGHT="52" WIDTH="97" VPOS="1047" HPOS="615" CONTENT="non"/>
                  <SP HEIGHT="52" WIDTH="14" VPOS="1047" HPOS="713"/>
                  <String HEIGHT="52" WIDTH="84" VPOS="1047" HPOS="671" CONTENT="ad"/>
                  <SP HEIGHT="52" WIDTH="14" VPOS="1047" HPOS="754"/>
                  <String HEIGHT="52"
                          WIDTH="181"
                          VPOS="1047"
                          HPOS="713"
                          CONTENT="scientiam"/>
                  <SP HEIGHT="52" WIDTH="14" VPOS="1047" HPOS="894"/>
                  <String HEIGHT="52" WIDTH="84" VPOS="1047" HPOS="852" CONTENT="de"/>
                  <SP HEIGHT="52" WIDTH="14" VPOS="1047" HPOS="935"/>
                  <String HEIGHT="52"
                          WIDTH="111"
                          VPOS="1047"
                          HPOS="894"
                          CONTENT="deo."/>
                  <SP HEIGHT="52" WIDTH="14" VPOS="1047" HPOS="1005"/>
                  <String HEIGHT="52" WIDTH="70" VPOS="1047" HPOS="963" CONTENT="⁋"/>
                  <SP HEIGHT="52" WIDTH="14" VPOS="1047" HPOS="1033"/>
                  <String HEIGHT="52"
                          WIDTH="223"
                          VPOS="1047"
                          HPOS="991"
                          CONTENT="Confirmatur:"/>
                  <SP HEIGHT="52" WIDTH="14" VPOS="1047" HPOS="1214"/>
                  <String HEIGHT="52" WIDTH="28" VPOS="1047" HPOS="1158" CONTENT=""/>
               </TextLine>
               <TextLine ID="r2l22"
                         BASELINE="1144"
                         HEIGHT="51"
                         WIDTH="703"
                         VPOS="1093"
                         HPOS="469">
                  <String HEIGHT="51" WIDTH="77" VPOS="1093" HPOS="458" CONTENT="qui"/>
                  <SP HEIGHT="51" WIDTH="11" VPOS="1093" HPOS="535"/>
                  <String HEIGHT="51"
                          WIDTH="88"
                          VPOS="1093"
                          HPOS="502"
                          CONTENT="iste"/>
                  <SP HEIGHT="51" WIDTH="11" VPOS="1093" HPOS="590"/>
                  <String HEIGHT="51"
                          WIDTH="88"
                          VPOS="1093"
                          HPOS="557"
                          CONTENT="sunt"/>
                  <SP HEIGHT="51" WIDTH="11" VPOS="1093" HPOS="645"/>
                  <String HEIGHT="51"
                          WIDTH="143"
                          VPOS="1093"
                          HPOS="612"
                          CONTENT="passiones"/>
                  <SP HEIGHT="51" WIDTH="11" VPOS="1093" HPOS="755"/>
                  <String HEIGHT="51"
                          WIDTH="110"
                          VPOS="1093"
                          HPOS="722"
                          CONTENT="entis:"/>
                  <SP HEIGHT="51" WIDTH="11" VPOS="1093" HPOS="831"/>
                  <String HEIGHT="51"
                          WIDTH="88"
                          VPOS="1093"
                          HPOS="799"
                          CONTENT="ergo"/>
                  <SP HEIGHT="51" WIDTH="11" VPOS="1093" HPOS="886"/>
                  <String HEIGHT="51"
                          WIDTH="143"
                          VPOS="1093"
                          HPOS="853"
                          CONTENT="veritates"/>
                  <SP HEIGHT="51" WIDTH="11" VPOS="1093" HPOS="996"/>
                  <String HEIGHT="51"
                          WIDTH="88"
                          VPOS="1093"
                          HPOS="963"
                          CONTENT="quae"/>
                  <SP HEIGHT="51" WIDTH="11" VPOS="1093" HPOS="1051"/>
                  <String HEIGHT="51" WIDTH="66" VPOS="1093" HPOS="1018" CONTENT="ex"/>
                  <SP HEIGHT="51" WIDTH="11" VPOS="1093" HPOS="1084"/>
                  <String HEIGHT="51"
                          WIDTH="99"
                          VPOS="1093"
                          HPOS="1051"
                          CONTENT="istis"/>
                  <SP HEIGHT="51" WIDTH="11" VPOS="1093" HPOS="1150"/>
                  <String HEIGHT="51"
                          WIDTH="66"
                          VPOS="1093"
                          HPOS="1106"
                          CONTENT="con"
                          SUBS_TYPE="HypPart1"
                          SUBS_CONTENT="consequuntur"/>
                  <HYP CONTENT="-"/>
               </TextLine>
               <TextLine ID="r2l23"
                         BASELINE="1186"
                         HEIGHT="52"
                         WIDTH="725"
                         VPOS="1134"
                         HPOS="456">
                  <String HEIGHT="52"
                          WIDTH="175"
                          VPOS="1134"
                          HPOS="443"
                          CONTENT="sequuntur"
                          SUBS_TYPE="HypPart2"
                          SUBS_CONTENT="consequuntur"/>
                  <SP HEIGHT="52" WIDTH="13" VPOS="1134" HPOS="617"/>
                  <String HEIGHT="52"
                          WIDTH="175"
                          VPOS="1134"
                          HPOS="577"
                          CONTENT="pertinent"/>
                  <SP HEIGHT="52" WIDTH="13" VPOS="1134" HPOS="751"/>
                  <String HEIGHT="52" WIDTH="81" VPOS="1134" HPOS="711" CONTENT="ad"/>
                  <SP HEIGHT="52" WIDTH="13" VPOS="1134" HPOS="792"/>
                  <String HEIGHT="52"
                          WIDTH="175"
                          VPOS="1134"
                          HPOS="751"
                          CONTENT="scientiam"/>
                  <SP HEIGHT="52" WIDTH="13" VPOS="1134" HPOS="926"/>
                  <String HEIGHT="52" WIDTH="81" VPOS="1134" HPOS="886" CONTENT="de"/>
                  <SP HEIGHT="52" WIDTH="13" VPOS="1134" HPOS="966"/>
                  <String HEIGHT="52"
                          WIDTH="121"
                          VPOS="1134"
                          HPOS="926"
                          CONTENT="ente:"/>
                  <SP HEIGHT="52" WIDTH="13" VPOS="1134" HPOS="1047"/>
                  <String HEIGHT="52" WIDTH="81" VPOS="1134" HPOS="1006" CONTENT="et"/>
                  <SP HEIGHT="52" WIDTH="13" VPOS="1134" HPOS="1087"/>
                  <String HEIGHT="52" WIDTH="81" VPOS="1134" HPOS="1047" CONTENT="ad"/>
                  <SP HEIGHT="52" WIDTH="13" VPOS="1134" HPOS="1127"/>
                  <String HEIGHT="52"
                          WIDTH="107"
                          VPOS="1134"
                          HPOS="1074"
                          CONTENT="nullam"/>
               </TextLine>
               <TextLine ID="r2l24"
                         BASELINE="1232"
                         HEIGHT="47"
                         WIDTH="723"
                         VPOS="1185"
                         HPOS="463">
                  <String HEIGHT="47"
                          WIDTH="94"
                          VPOS="1185"
                          HPOS="453"
                          CONTENT="aliam"/>
                  <SP HEIGHT="47" WIDTH="10" VPOS="1185" HPOS="547"/>
                  <String HEIGHT="47"
                          WIDTH="147"
                          VPOS="1185"
                          HPOS="515"
                          CONTENT="scientiam."/>
                  <SP HEIGHT="47" WIDTH="10" VPOS="1185" HPOS="662"/>
                  <String HEIGHT="47"
                          WIDTH="168"
                          VPOS="1185"
                          HPOS="631"
                          CONTENT="consequentia"/>
                  <SP HEIGHT="47" WIDTH="10" VPOS="1185" HPOS="798"/>
                  <String HEIGHT="47"
                          WIDTH="105"
                          VPOS="1185"
                          HPOS="767"
                          CONTENT="patet:"/>
                  <SP HEIGHT="47" WIDTH="10" VPOS="1185" HPOS="872"/>
                  <String HEIGHT="47"
                          WIDTH="84"
                          VPOS="1185"
                          HPOS="840"
                          CONTENT="quia"/>
                  <SP HEIGHT="47" WIDTH="10" VPOS="1185" HPOS="924"/>
                  <String HEIGHT="47"
                          WIDTH="115"
                          VPOS="1185"
                          HPOS="893"
                          CONTENT="eiusdem"/>
                  <SP HEIGHT="47" WIDTH="10" VPOS="1185" HPOS="1008"/>
                  <String HEIGHT="47"
                          WIDTH="126"
                          VPOS="1185"
                          HPOS="976"
                          CONTENT="scientie"/>
                  <SP HEIGHT="47" WIDTH="10" VPOS="1185" HPOS="1102"/>
                  <String HEIGHT="47"
                          WIDTH="73"
                          VPOS="1185"
                          HPOS="1071"
                          CONTENT="est"/>
                  <SP HEIGHT="47" WIDTH="10" VPOS="1185" HPOS="1144"/>
                  <String HEIGHT="47"
                          WIDTH="84"
                          VPOS="1185"
                          HPOS="1102"
                          CONTENT="consi"
                          SUBS_TYPE="HypPart1"
                          SUBS_CONTENT="considerare"/>
                  <HYP CONTENT="-"/>
               </TextLine>
               <TextLine ID="r2l25"
                         BASELINE="1276"
                         HEIGHT="50"
                         WIDTH="702"
                         VPOS="1226"
                         HPOS="472">
                  <String HEIGHT="50"
                          WIDTH="128"
                          VPOS="1226"
                          HPOS="459"
                          CONTENT="derare"
                          SUBS_TYPE="HypPart2"
                          SUBS_CONTENT="considerare"/>
                  <SP HEIGHT="50" WIDTH="13" VPOS="1226" HPOS="587"/>
                  <String HEIGHT="50"
                          WIDTH="179"
                          VPOS="1226"
                          HPOS="549"
                          CONTENT="subiectum:"/>
                  <SP HEIGHT="50" WIDTH="13" VPOS="1226" HPOS="727"/>
                  <String HEIGHT="50" WIDTH="77" VPOS="1226" HPOS="689" CONTENT="et"/>
                  <SP HEIGHT="50" WIDTH="13" VPOS="1226" HPOS="766"/>
                  <String HEIGHT="50"
                          WIDTH="166"
                          VPOS="1226"
                          HPOS="727"
                          CONTENT="passiones"/>
                  <SP HEIGHT="50" WIDTH="13" VPOS="1226" HPOS="893"/>
                  <String HEIGHT="50"
                          WIDTH="115"
                          VPOS="1226"
                          HPOS="855"
                          CONTENT="eius:"/>
                  <SP HEIGHT="50" WIDTH="13" VPOS="1226" HPOS="970"/>
                  <String HEIGHT="50"
                          WIDTH="102"
                          VPOS="1226"
                          HPOS="931"
                          CONTENT="ergo"/>
                  <SP HEIGHT="50" WIDTH="13" VPOS="1226" HPOS="1034"/>
                  <String HEIGHT="50" WIDTH="77" VPOS="1226" HPOS="995" CONTENT="ad"/>
                  <SP HEIGHT="50" WIDTH="13" VPOS="1226" HPOS="1072"/>
                  <String HEIGHT="50"
                          WIDTH="128"
                          VPOS="1226"
                          HPOS="1034"
                          CONTENT="nullam"/>
                  <SP HEIGHT="50" WIDTH="13" VPOS="1226" HPOS="1161"/>
                  <String HEIGHT="50"
                          WIDTH="64"
                          VPOS="1226"
                          HPOS="1110"
                          CONTENT="sci"/>
               </TextLine>
               <TextLine ID="r2l26"
                         BASELINE="1321"
                         HEIGHT="56"
                         WIDTH="722"
                         VPOS="1265"
                         HPOS="462">
                  <String HEIGHT="56"
                          WIDTH="139"
                          VPOS="1265"
                          HPOS="448"
                          CONTENT="entiam"/>
                  <SP HEIGHT="56" WIDTH="14" VPOS="1265" HPOS="587"/>
                  <String HEIGHT="56"
                          WIDTH="167"
                          VPOS="1265"
                          HPOS="545"
                          CONTENT="pertinet"/>
                  <SP HEIGHT="56" WIDTH="14" VPOS="1265" HPOS="712"/>
                  <String HEIGHT="56"
                          WIDTH="222"
                          VPOS="1265"
                          HPOS="670"
                          CONTENT="consideratio"/>
                  <SP HEIGHT="56" WIDTH="14" VPOS="1265" HPOS="892"/>
                  <String HEIGHT="56" WIDTH="83" VPOS="1265" HPOS="851" CONTENT="de"/>
                  <SP HEIGHT="56" WIDTH="14" VPOS="1265" HPOS="934"/>
                  <String HEIGHT="56"
                          WIDTH="208"
                          VPOS="1265"
                          HPOS="892"
                          CONTENT="passionibus"/>
                  <SP HEIGHT="56" WIDTH="14" VPOS="1265" HPOS="1101"/>
                  <String HEIGHT="56"
                          WIDTH="111"
                          VPOS="1265"
                          HPOS="1059"
                          CONTENT="nisi"/>
                  <SP HEIGHT="56" WIDTH="14" VPOS="1265" HPOS="1170"/>
                  <String HEIGHT="56" WIDTH="83" VPOS="1265" HPOS="1128" CONTENT="ad"/>
                  <SP HEIGHT="56" WIDTH="14" VPOS="1265" HPOS="1212"/>
                  <String HEIGHT="56" WIDTH="28" VPOS="1265" HPOS="1156" CONTENT=""/>
               </TextLine>
               <TextLine ID="r2l27"
                         BASELINE="1370"
                         HEIGHT="52"
                         WIDTH="704"
                         VPOS="1318"
                         HPOS="474">
                  <String HEIGHT="52"
                          WIDTH="115"
                          VPOS="1318"
                          HPOS="460"
                          CONTENT="quam"/>
                  <SP HEIGHT="52" WIDTH="14" VPOS="1318" HPOS="575"/>
                  <String HEIGHT="52"
                          WIDTH="172"
                          VPOS="1318"
                          HPOS="531"
                          CONTENT="pertinet"/>
                  <SP HEIGHT="52" WIDTH="14" VPOS="1318" HPOS="704"/>
                  <String HEIGHT="52"
                          WIDTH="230"
                          VPOS="1318"
                          HPOS="661"
                          CONTENT="consideratio"/>
                  <SP HEIGHT="52" WIDTH="14" VPOS="1318" HPOS="891"/>
                  <String HEIGHT="52" WIDTH="86" VPOS="1318" HPOS="848" CONTENT="de"/>
                  <SP HEIGHT="52" WIDTH="14" VPOS="1318" HPOS="934"/>
                  <String HEIGHT="52"
                          WIDTH="187"
                          VPOS="1318"
                          HPOS="891"
                          CONTENT="subiecto."/>
                  <SP HEIGHT="52" WIDTH="14" VPOS="1318" HPOS="1077"/>
                  <String HEIGHT="52" WIDTH="72" VPOS="1318" HPOS="1034" CONTENT="⁋"/>
                  <SP HEIGHT="52" WIDTH="14" VPOS="1318" HPOS="1106"/>
                  <String HEIGHT="52"
                          WIDTH="129"
                          VPOS="1318"
                          HPOS="1049"
                          CONTENT="Preter"
                          SUBS_TYPE="HypPart1"
                          SUBS_CONTENT="Preterea."/>
                  <HYP CONTENT="-"/>
               </TextLine>
               <TextLine ID="r2l28"
                         BASELINE="1406"
                         HEIGHT="54"
                         WIDTH="715"
                         VPOS="1352"
                         HPOS="466">
                  <String HEIGHT="54"
                          WIDTH="93"
                          VPOS="1352"
                          HPOS="453"
                          CONTENT="ea."
                          SUBS_TYPE="HypPart2"
                          SUBS_CONTENT="Preterea."/>
                  <SP HEIGHT="54" WIDTH="13" VPOS="1352" HPOS="545"/>
                  <String HEIGHT="54" WIDTH="79" VPOS="1352" HPOS="506" CONTENT="i."/>
                  <SP HEIGHT="54" WIDTH="13" VPOS="1352" HPOS="585"/>
                  <String HEIGHT="54"
                          WIDTH="212"
                          VPOS="1352"
                          HPOS="545"
                          CONTENT="posteriorum."/>
                  <SP HEIGHT="54" WIDTH="13" VPOS="1352" HPOS="757"/>
                  <String HEIGHT="54" WIDTH="93" VPOS="1352" HPOS="718" CONTENT="Non"/>
                  <SP HEIGHT="54" WIDTH="13" VPOS="1352" HPOS="810"/>
                  <String HEIGHT="54"
                          WIDTH="172"
                          VPOS="1352"
                          HPOS="771"
                          CONTENT="contingit"/>
                  <SP HEIGHT="54" WIDTH="13" VPOS="1352" HPOS="943"/>
                  <String HEIGHT="54"
                          WIDTH="225"
                          VPOS="1352"
                          HPOS="903"
                          CONTENT="demonstrantem"/>
                  <SP HEIGHT="54" WIDTH="13" VPOS="1352" HPOS="1128"/>
                  <String HEIGHT="54"
                          WIDTH="106"
                          VPOS="1352"
                          HPOS="1075"
                          CONTENT="descen"/>
               </TextLine>
               <TextLine ID="r2l29"
                         BASELINE="1456"
                         HEIGHT="59"
                         WIDTH="711"
                         VPOS="1397"
                         HPOS="472">
                  <String HEIGHT="59"
                          WIDTH="109"
                          VPOS="1397"
                          HPOS="458"
                          CONTENT="dere"/>
                  <SP HEIGHT="59" WIDTH="14" VPOS="1397" HPOS="568"/>
                  <String HEIGHT="59" WIDTH="82" VPOS="1397" HPOS="527" CONTENT="de"/>
                  <SP HEIGHT="59" WIDTH="14" VPOS="1397" HPOS="609"/>
                  <String HEIGHT="59"
                          WIDTH="137"
                          VPOS="1397"
                          HPOS="568"
                          CONTENT="genere"/>
                  <SP HEIGHT="59" WIDTH="14" VPOS="1397" HPOS="704"/>
                  <String HEIGHT="59" WIDTH="82" VPOS="1397" HPOS="663" CONTENT="in"/>
                  <SP HEIGHT="59" WIDTH="14" VPOS="1397" HPOS="745"/>
                  <String HEIGHT="59"
                          WIDTH="137"
                          VPOS="1397"
                          HPOS="704"
                          CONTENT="genus."/>
                  <SP HEIGHT="59" WIDTH="14" VPOS="1397" HPOS="841"/>
                  <String HEIGHT="59" WIDTH="96" VPOS="1397" HPOS="800" CONTENT="Sed"/>
                  <SP HEIGHT="59" WIDTH="14" VPOS="1397" HPOS="896"/>
                  <String HEIGHT="59" WIDTH="82" VPOS="1397" HPOS="855" CONTENT="si"/>
                  <SP HEIGHT="59" WIDTH="14" VPOS="1397" HPOS="937"/>
                  <String HEIGHT="59"
                          WIDTH="123"
                          VPOS="1397"
                          HPOS="896"
                          CONTENT="eadem"/>
                  <SP HEIGHT="59" WIDTH="14" VPOS="1397" HPOS="1019"/>
                  <String HEIGHT="59"
                          WIDTH="150"
                          VPOS="1397"
                          HPOS="978"
                          CONTENT="veritas"/>
                  <SP HEIGHT="59" WIDTH="14" VPOS="1397" HPOS="1128"/>
                  <String HEIGHT="59"
                          WIDTH="109"
                          VPOS="1397"
                          HPOS="1074"
                          CONTENT="parti"
                          SUBS_TYPE="HypPart1"
                          SUBS_CONTENT="partinet"/>
                  <HYP CONTENT="-"/>
               </TextLine>
               <TextLine ID="r2l30"
                         BASELINE="1496"
                         HEIGHT="48"
                         WIDTH="703"
                         VPOS="1448"
                         HPOS="475">
                  <String HEIGHT="48"
                          WIDTH="96"
                          VPOS="1448"
                          HPOS="461"
                          CONTENT="net"
                          SUBS_TYPE="HypPart2"
                          SUBS_CONTENT="partinet"/>
                  <SP HEIGHT="48" WIDTH="14" VPOS="1448" HPOS="558"/>
                  <String HEIGHT="48" WIDTH="83" VPOS="1448" HPOS="516" CONTENT="ad"/>
                  <SP HEIGHT="48" WIDTH="14" VPOS="1448" HPOS="599"/>
                  <String HEIGHT="48"
                          WIDTH="193"
                          VPOS="1448"
                          HPOS="558"
                          CONTENT="distinctas"/>
                  <SP HEIGHT="48" WIDTH="14" VPOS="1448" HPOS="751"/>
                  <String HEIGHT="48"
                          WIDTH="193"
                          VPOS="1448"
                          HPOS="709"
                          CONTENT="scientias:"/>
                  <SP HEIGHT="48" WIDTH="14" VPOS="1448" HPOS="902"/>
                  <String HEIGHT="48"
                          WIDTH="179"
                          VPOS="1448"
                          HPOS="861"
                          CONTENT="continget"/>
                  <SP HEIGHT="48" WIDTH="14" VPOS="1448" HPOS="1040"/>
                  <String HEIGHT="48" WIDTH="96" VPOS="1448" HPOS="999" CONTENT="per"/>
                  <SP HEIGHT="48" WIDTH="14" VPOS="1448" HPOS="1095"/>
                  <String HEIGHT="48"
                          WIDTH="138"
                          VPOS="1448"
                          HPOS="1040"
                          CONTENT="pricipia"/>
               </TextLine>
               <TextLine ID="r2l31"
                         BASELINE="1532"
                         HEIGHT="46"
                         WIDTH="707"
                         VPOS="1486"
                         HPOS="474">
                  <String HEIGHT="46"
                          WIDTH="133"
                          VPOS="1486"
                          HPOS="459"
                          CONTENT="vnius"/>
                  <SP HEIGHT="46" WIDTH="15" VPOS="1486" HPOS="592"/>
                  <String HEIGHT="46"
                          WIDTH="177"
                          VPOS="1486"
                          HPOS="548"
                          CONTENT="scientie"/>
                  <SP HEIGHT="46" WIDTH="15" VPOS="1486" HPOS="724"/>
                  <String HEIGHT="46"
                          WIDTH="162"
                          VPOS="1486"
                          HPOS="680"
                          CONTENT="probare"/>
                  <SP HEIGHT="46" WIDTH="15" VPOS="1486" HPOS="842"/>
                  <String HEIGHT="46"
                          WIDTH="236"
                          VPOS="1486"
                          HPOS="798"
                          CONTENT="conclusiones"/>
                  <SP HEIGHT="46" WIDTH="15" VPOS="1486" HPOS="1034"/>
                  <String HEIGHT="46"
                          WIDTH="191"
                          VPOS="1486"
                          HPOS="990"
                          CONTENT="alterius:"/>
                  <SP HEIGHT="46" WIDTH="15" VPOS="1486" HPOS="1181"/>
                  <String HEIGHT="46" WIDTH="59" VPOS="1486" HPOS="1122" CONTENT="et"/>
               </TextLine>
               <TextLine ID="r2l32"
                         BASELINE="1583"
                         HEIGHT="58"
                         WIDTH="706"
                         VPOS="1525"
                         HPOS="469">
                  <String HEIGHT="58" WIDTH="93" VPOS="1525" HPOS="456" CONTENT="hoc"/>
                  <SP HEIGHT="58" WIDTH="13" VPOS="1525" HPOS="549"/>
                  <String HEIGHT="58" WIDTH="93" VPOS="1525" HPOS="509" CONTENT="est"/>
                  <SP HEIGHT="58" WIDTH="13" VPOS="1525" HPOS="602"/>
                  <String HEIGHT="58"
                          WIDTH="186"
                          VPOS="1525"
                          HPOS="562"
                          CONTENT="descendere"/>
                  <SP HEIGHT="58" WIDTH="13" VPOS="1525" HPOS="749"/>
                  <String HEIGHT="58" WIDTH="80" VPOS="1525" HPOS="709" CONTENT="de"/>
                  <SP HEIGHT="58" WIDTH="13" VPOS="1525" HPOS="789"/>
                  <String HEIGHT="58"
                          WIDTH="133"
                          VPOS="1525"
                          HPOS="749"
                          CONTENT="genere"/>
                  <SP HEIGHT="58" WIDTH="13" VPOS="1525" HPOS="882"/>
                  <String HEIGHT="58" WIDTH="80" VPOS="1525" HPOS="842" CONTENT="in"/>
                  <SP HEIGHT="58" WIDTH="13" VPOS="1525" HPOS="922"/>
                  <String HEIGHT="58"
                          WIDTH="133"
                          VPOS="1525"
                          HPOS="882"
                          CONTENT="genus:"/>
                  <SP HEIGHT="58" WIDTH="13" VPOS="1525" HPOS="1015"/>
                  <String HEIGHT="58"
                          WIDTH="120"
                          VPOS="1525"
                          HPOS="975"
                          CONTENT="ergo."/>
                  <SP HEIGHT="58" WIDTH="13" VPOS="1525" HPOS="1095"/>
                  <String HEIGHT="58" WIDTH="67" VPOS="1525" HPOS="1055" CONTENT="⁋"/>
                  <SP HEIGHT="58" WIDTH="13" VPOS="1525" HPOS="1122"/>
                  <String HEIGHT="58" WIDTH="80" VPOS="1525" HPOS="1082" CONTENT="Ad"/>
                  <SP HEIGHT="58" WIDTH="13" VPOS="1525" HPOS="1162"/>
                  <String HEIGHT="58"
                          WIDTH="67"
                          VPOS="1525"
                          HPOS="1108"
                          CONTENT="pri"/>
               </TextLine>
               <TextLine ID="r2l33"
                         BASELINE="1627"
                         HEIGHT="46"
                         WIDTH="699"
                         VPOS="1581"
                         HPOS="478">
                  <String HEIGHT="46" WIDTH="91" VPOS="1581" HPOS="465" CONTENT="mum"/>
                  <SP HEIGHT="46" WIDTH="13" VPOS="1581" HPOS="556"/>
                  <String HEIGHT="46"
                          WIDTH="142"
                          VPOS="1581"
                          HPOS="517"
                          CONTENT="istorum"/>
                  <SP HEIGHT="46" WIDTH="13" VPOS="1581" HPOS="659"/>
                  <String HEIGHT="46" WIDTH="78" VPOS="1581" HPOS="620" CONTENT="ad"/>
                  <SP HEIGHT="46" WIDTH="13" VPOS="1581" HPOS="698"/>
                  <String HEIGHT="46"
                          WIDTH="155"
                          VPOS="1581"
                          HPOS="659"
                          CONTENT="praesens"/>
                  <SP HEIGHT="46" WIDTH="13" VPOS="1581" HPOS="815"/>
                  <String HEIGHT="46"
                          WIDTH="117"
                          VPOS="1581"
                          HPOS="776"
                          CONTENT="dico:"/>
                  <SP HEIGHT="46" WIDTH="13" VPOS="1581" HPOS="892"/>
                  <String HEIGHT="46"
                          WIDTH="104"
                          VPOS="1581"
                          HPOS="853"
                          CONTENT="quod"/>
                  <SP HEIGHT="46" WIDTH="13" VPOS="1581" HPOS="957"/>
                  <String HEIGHT="46"
                          WIDTH="155"
                          VPOS="1581"
                          HPOS="918"
                          CONTENT="scientia"/>
                  <SP HEIGHT="46" WIDTH="13" VPOS="1581" HPOS="1073"/>
                  <String HEIGHT="46"
                          WIDTH="155"
                          VPOS="1581"
                          HPOS="1022"
                          CONTENT="dupliciter"/>
               </TextLine>
               <TextLine ID="r2l34"
                         BASELINE="1673"
                         HEIGHT="57"
                         WIDTH="709"
                         VPOS="1616"
                         HPOS="475">
                  <String HEIGHT="57"
                          WIDTH="187"
                          VPOS="1616"
                          HPOS="462"
                          CONTENT="accipitur."/>
                  <SP HEIGHT="57" WIDTH="13" VPOS="1616" HPOS="649"/>
                  <String HEIGHT="57" WIDTH="94" VPOS="1616" HPOS="609" CONTENT="vno"/>
                  <SP HEIGHT="57" WIDTH="13" VPOS="1616" HPOS="702"/>
                  <String HEIGHT="57"
                          WIDTH="107"
                          VPOS="1616"
                          HPOS="662"
                          CONTENT="modo"/>
                  <SP HEIGHT="57" WIDTH="13" VPOS="1616" HPOS="769"/>
                  <String HEIGHT="57" WIDTH="94" VPOS="1616" HPOS="729" CONTENT="pro"/>
                  <SP HEIGHT="57" WIDTH="13" VPOS="1616" HPOS="823"/>
                  <String HEIGHT="57"
                          WIDTH="201"
                          VPOS="1616"
                          HPOS="783"
                          CONTENT="collectione"/>
                  <SP HEIGHT="57" WIDTH="13" VPOS="1616" HPOS="983"/>
                  <String HEIGHT="57"
                          WIDTH="161"
                          VPOS="1616"
                          HPOS="943"
                          CONTENT="multorum"/>
                  <SP HEIGHT="57" WIDTH="13" VPOS="1616" HPOS="1104"/>
                  <String HEIGHT="57"
                          WIDTH="134"
                          VPOS="1616"
                          HPOS="1050"
                          CONTENT="pertinen"/>
               </TextLine>
               <TextLine ID="r2l35"
                         BASELINE="1715"
                         HEIGHT="53"
                         WIDTH="703"
                         VPOS="1662"
                         HPOS="477">
                  <String HEIGHT="53"
                          WIDTH="117"
                          VPOS="1662"
                          HPOS="462"
                          CONTENT="tium"/>
                  <SP HEIGHT="53" WIDTH="15" VPOS="1662" HPOS="580"/>
                  <String HEIGHT="53" WIDTH="88" VPOS="1662" HPOS="536" CONTENT="ad"/>
                  <SP HEIGHT="53" WIDTH="15" VPOS="1662" HPOS="623"/>
                  <String HEIGHT="53"
                          WIDTH="176"
                          VPOS="1662"
                          HPOS="580"
                          CONTENT="notitiam"/>
                  <SP HEIGHT="53" WIDTH="15" VPOS="1662" HPOS="755"/>
                  <String HEIGHT="53"
                          WIDTH="132"
                          VPOS="1662"
                          HPOS="711"
                          CONTENT="vnius"/>
                  <SP HEIGHT="53" WIDTH="15" VPOS="1662" HPOS="843"/>
                  <String HEIGHT="53"
                          WIDTH="103"
                          VPOS="1662"
                          HPOS="799"
                          CONTENT="vel"/>
                  <SP HEIGHT="53" WIDTH="15" VPOS="1662" HPOS="902"/>
                  <String HEIGHT="53"
                          WIDTH="176"
                          VPOS="1662"
                          HPOS="858"
                          CONTENT="multorum"/>
                  <SP HEIGHT="53" WIDTH="15" VPOS="1662" HPOS="1034"/>
                  <String HEIGHT="53"
                          WIDTH="205"
                          VPOS="1662"
                          HPOS="975"
                          CONTENT="determinatum"/>
               </TextLine>
               <TextLine ID="r2l36"
                         BASELINE="1756"
                         HEIGHT="44"
                         WIDTH="712"
                         VPOS="1712"
                         HPOS="475">
                  <String HEIGHT="44"
                          WIDTH="157"
                          VPOS="1712"
                          HPOS="461"
                          CONTENT="ordinem"/>
                  <SP HEIGHT="44" WIDTH="14" VPOS="1712" HPOS="617"/>
                  <String HEIGHT="44"
                          WIDTH="199"
                          VPOS="1712"
                          HPOS="575"
                          CONTENT="habentium:"/>
                  <SP HEIGHT="44" WIDTH="14" VPOS="1712" HPOS="774"/>
                  <String HEIGHT="44"
                          WIDTH="171"
                          VPOS="1712"
                          HPOS="731"
                          CONTENT="scientia"/>
                  <SP HEIGHT="44" WIDTH="14" VPOS="1712" HPOS="902"/>
                  <String HEIGHT="44"
                          WIDTH="114"
                          VPOS="1712"
                          HPOS="859"
                          CONTENT="isto"/>
                  <SP HEIGHT="44" WIDTH="14" VPOS="1712" HPOS="973"/>
                  <String HEIGHT="44"
                          WIDTH="114"
                          VPOS="1712"
                          HPOS="931"
                          CONTENT="modo"/>
                  <SP HEIGHT="44" WIDTH="14" VPOS="1712" HPOS="1045"/>
                  <String HEIGHT="44"
                          WIDTH="128"
                          VPOS="1712"
                          HPOS="1002"
                          CONTENT="dicta"/>
                  <SP HEIGHT="44" WIDTH="14" VPOS="1712" HPOS="1130"/>
                  <String HEIGHT="44"
                          WIDTH="114"
                          VPOS="1712"
                          HPOS="1073"
                          CONTENT="conti"
                          SUBS_TYPE="HypPart1"
                          SUBS_CONTENT="continet"/>
                  <HYP CONTENT="-"/>
               </TextLine>
               <TextLine ID="r2l37"
                         BASELINE="1800"
                         HEIGHT="51"
                         WIDTH="703"
                         VPOS="1749"
                         HPOS="474">
                  <String HEIGHT="51"
                          WIDTH="91"
                          VPOS="1749"
                          HPOS="461"
                          CONTENT="net"
                          SUBS_TYPE="HypPart2"
                          SUBS_CONTENT="continet"/>
                  <SP HEIGHT="51" WIDTH="13" VPOS="1749" HPOS="552"/>
                  <String HEIGHT="51" WIDTH="91" VPOS="1749" HPOS="513" CONTENT="tam"/>
                  <SP HEIGHT="51" WIDTH="13" VPOS="1749" HPOS="604"/>
                  <String HEIGHT="51"
                          WIDTH="156"
                          VPOS="1749"
                          HPOS="565"
                          CONTENT="notitiam"/>
                  <SP HEIGHT="51" WIDTH="13" VPOS="1749" HPOS="721"/>
                  <String HEIGHT="51"
                          WIDTH="195"
                          VPOS="1749"
                          HPOS="682"
                          CONTENT="incomplexam"/>
                  <SP HEIGHT="51" WIDTH="13" VPOS="1749" HPOS="878"/>
                  <String HEIGHT="51"
                          WIDTH="195"
                          VPOS="1749"
                          HPOS="839"
                          CONTENT="terminorum:"/>
                  <SP HEIGHT="51" WIDTH="13" VPOS="1749" HPOS="1034"/>
                  <String HEIGHT="51"
                          WIDTH="104"
                          VPOS="1749"
                          HPOS="995"
                          CONTENT="quam"/>
                  <SP HEIGHT="51" WIDTH="13" VPOS="1749" HPOS="1099"/>
                  <String HEIGHT="51"
                          WIDTH="130"
                          VPOS="1749"
                          HPOS="1047"
                          CONTENT="notitiam"/>
               </TextLine>
               <TextLine ID="r2l38"
                         BASELINE="1840"
                         HEIGHT="45"
                         WIDTH="715"
                         VPOS="1795"
                         HPOS="462">
                  <String HEIGHT="45"
                          WIDTH="189"
                          VPOS="1795"
                          HPOS="449"
                          CONTENT="complexam:"/>
                  <SP HEIGHT="45" WIDTH="13" VPOS="1795" HPOS="637"/>
                  <String HEIGHT="45" WIDTH="81" VPOS="1795" HPOS="597" CONTENT="et"/>
                  <SP HEIGHT="45" WIDTH="13" VPOS="1795" HPOS="678"/>
                  <String HEIGHT="45" WIDTH="94" VPOS="1795" HPOS="637" CONTENT="hoc"/>
                  <SP HEIGHT="45" WIDTH="13" VPOS="1795" HPOS="732"/>
                  <String HEIGHT="45"
                          WIDTH="216"
                          VPOS="1795"
                          HPOS="691"
                          CONTENT="principiorum"/>
                  <SP HEIGHT="45" WIDTH="13" VPOS="1795" HPOS="907"/>
                  <String HEIGHT="45" WIDTH="81" VPOS="1795" HPOS="867" CONTENT="et"/>
                  <SP HEIGHT="45" WIDTH="13" VPOS="1795" HPOS="948"/>
                  <String HEIGHT="45"
                          WIDTH="229"
                          VPOS="1795"
                          HPOS="907"
                          CONTENT="conclusionum:"/>
                  <SP HEIGHT="45" WIDTH="13" VPOS="1795" HPOS="1137"/>
                  <String HEIGHT="45"
                          WIDTH="94"
                          VPOS="1795"
                          HPOS="1083"
                          CONTENT="conti"/>
               </TextLine>
               <TextLine ID="r2l39"
                         BASELINE="1887"
                         HEIGHT="49"
                         WIDTH="703"
                         VPOS="1838"
                         HPOS="477">
                  <String HEIGHT="49" WIDTH="96" VPOS="1838" HPOS="463" CONTENT="net"/>
                  <SP HEIGHT="49" WIDTH="14" VPOS="1838" HPOS="560"/>
                  <String HEIGHT="49"
                          WIDTH="124"
                          VPOS="1838"
                          HPOS="518"
                          CONTENT="etiam"/>
                  <SP HEIGHT="49" WIDTH="14" VPOS="1838" HPOS="642"/>
                  <String HEIGHT="49"
                          WIDTH="248"
                          VPOS="1838"
                          HPOS="601"
                          CONTENT="reprobationes:"/>
                  <SP HEIGHT="49" WIDTH="14" VPOS="1838" HPOS="849"/>
                  <String HEIGHT="49"
                          WIDTH="165"
                          VPOS="1838"
                          HPOS="808"
                          CONTENT="errores:"/>
                  <SP HEIGHT="49" WIDTH="14" VPOS="1838" HPOS="973"/>
                  <String HEIGHT="49" WIDTH="83" VPOS="1838" HPOS="932" CONTENT="et"/>
                  <SP HEIGHT="49" WIDTH="14" VPOS="1838" HPOS="1015"/>
                  <String HEIGHT="49"
                          WIDTH="193"
                          VPOS="1838"
                          HPOS="973"
                          CONTENT="solutiones"/>
                  <SP HEIGHT="49" WIDTH="14" VPOS="1838" HPOS="1166"/>
                  <String HEIGHT="49"
                          WIDTH="69"
                          VPOS="1838"
                          HPOS="1111"
                          CONTENT="fal"/>
               </TextLine>
               <TextLine ID="r2l40"
                         BASELINE="1932"
                         HEIGHT="54"
                         WIDTH="716"
                         VPOS="1878"
                         HPOS="471">
                  <String HEIGHT="54"
                          WIDTH="126"
                          VPOS="1878"
                          HPOS="457"
                          CONTENT="sorum"/>
                  <SP HEIGHT="54" WIDTH="14" VPOS="1878" HPOS="583"/>
                  <String HEIGHT="54"
                          WIDTH="239"
                          VPOS="1878"
                          HPOS="541"
                          CONTENT="argumentorum."/>
                  <SP HEIGHT="54" WIDTH="14" VPOS="1878" HPOS="780"/>
                  <String HEIGHT="54"
                          WIDTH="168"
                          VPOS="1878"
                          HPOS="738"
                          CONTENT="continet"/>
                  <SP HEIGHT="54" WIDTH="14" VPOS="1878" HPOS="906"/>
                  <String HEIGHT="54"
                          WIDTH="126"
                          VPOS="1878"
                          HPOS="864"
                          CONTENT="etiam"/>
                  <SP HEIGHT="54" WIDTH="14" VPOS="1878" HPOS="990"/>
                  <String HEIGHT="54"
                          WIDTH="197"
                          VPOS="1878"
                          HPOS="948"
                          CONTENT="diuisiones"/>
                  <SP HEIGHT="54" WIDTH="14" VPOS="1878" HPOS="1145"/>
                  <String HEIGHT="54"
                          WIDTH="98"
                          VPOS="1878"
                          HPOS="1089"
                          CONTENT="neces"/>
               </TextLine>
               <TextLine ID="r2l41"
                         BASELINE="1969"
                         HEIGHT="47"
                         WIDTH="702"
                         VPOS="1922"
                         HPOS="475">
                  <String HEIGHT="47"
                          WIDTH="132"
                          VPOS="1922"
                          HPOS="462"
                          CONTENT="sarias"/>
                  <SP HEIGHT="47" WIDTH="13" VPOS="1922" HPOS="594"/>
                  <String HEIGHT="47" WIDTH="79" VPOS="1922" HPOS="554" CONTENT="et"/>
                  <SP HEIGHT="47" WIDTH="13" VPOS="1922" HPOS="634"/>
                  <String HEIGHT="47"
                          WIDTH="225"
                          VPOS="1922"
                          HPOS="594"
                          CONTENT="diffinitiones"/>
                  <SP HEIGHT="47" WIDTH="13" VPOS="1922" HPOS="819"/>
                  <String HEIGHT="47" WIDTH="79" VPOS="1922" HPOS="780" CONTENT="vt"/>
                  <SP HEIGHT="47" WIDTH="13" VPOS="1922" HPOS="859"/>
                  <String HEIGHT="47"
                          WIDTH="199"
                          VPOS="1922"
                          HPOS="819"
                          CONTENT="frequenter:"/>
                  <SP HEIGHT="47" WIDTH="13" VPOS="1922" HPOS="1018"/>
                  <String HEIGHT="47" WIDTH="79" VPOS="1922" HPOS="978" CONTENT="et"/>
                  <SP HEIGHT="47" WIDTH="13" VPOS="1922" HPOS="1058"/>
                  <String HEIGHT="47" WIDTH="79" VPOS="1922" HPOS="1018" CONTENT="de"/>
                  <SP HEIGHT="47" WIDTH="13" VPOS="1922" HPOS="1098"/>
                  <String HEIGHT="47"
                          WIDTH="132"
                          VPOS="1922"
                          HPOS="1045"
                          CONTENT="scientia"/>
               </TextLine>
               <TextLine ID="r2l42"
                         BASELINE="2020"
                         HEIGHT="54"
                         WIDTH="700"
                         VPOS="1966"
                         HPOS="481">
                  <String HEIGHT="54"
                          WIDTH="84"
                          VPOS="1966"
                          HPOS="471"
                          CONTENT="illo"/>
                  <SP HEIGHT="54" WIDTH="10" VPOS="1966" HPOS="554"/>
                  <String HEIGHT="54"
                          WIDTH="84"
                          VPOS="1966"
                          HPOS="523"
                          CONTENT="modo"/>
                  <SP HEIGHT="54" WIDTH="10" VPOS="1966" HPOS="606"/>
                  <String HEIGHT="54"
                          WIDTH="94"
                          VPOS="1966"
                          HPOS="575"
                          CONTENT="dicta"/>
                  <SP HEIGHT="54" WIDTH="10" VPOS="1966" HPOS="669"/>
                  <String HEIGHT="54"
                          WIDTH="115"
                          VPOS="1966"
                          HPOS="638"
                          CONTENT="dicitur"/>
                  <SP HEIGHT="54" WIDTH="10" VPOS="1966" HPOS="753"/>
                  <String HEIGHT="54"
                          WIDTH="146"
                          VPOS="1966"
                          HPOS="721"
                          CONTENT="communiter"/>
                  <SP HEIGHT="54" WIDTH="10" VPOS="1966" HPOS="868"/>
                  <String HEIGHT="54"
                          WIDTH="84"
                          VPOS="1966"
                          HPOS="836"
                          CONTENT="quod"/>
                  <SP HEIGHT="54" WIDTH="10" VPOS="1966" HPOS="920"/>
                  <String HEIGHT="54" WIDTH="63" VPOS="1966" HPOS="888" CONTENT="in"/>
                  <SP HEIGHT="54" WIDTH="10" VPOS="1966" HPOS="951"/>
                  <String HEIGHT="54" WIDTH="63" VPOS="1966" HPOS="920" CONTENT="ea"/>
                  <SP HEIGHT="54" WIDTH="10" VPOS="1966" HPOS="982"/>
                  <String HEIGHT="54" WIDTH="73" VPOS="1966" HPOS="951" CONTENT="est"/>
                  <SP HEIGHT="54" WIDTH="10" VPOS="1966" HPOS="1024"/>
                  <String HEIGHT="54"
                          WIDTH="115"
                          VPOS="1966"
                          HPOS="993"
                          CONTENT="triplex"/>
                  <SP HEIGHT="54" WIDTH="10" VPOS="1966" HPOS="1108"/>
                  <String HEIGHT="54"
                          WIDTH="94"
                          VPOS="1966"
                          HPOS="1077"
                          CONTENT="modus"/>
                  <SP HEIGHT="54" WIDTH="10" VPOS="1966" HPOS="1171"/>
                  <String HEIGHT="54"
                          WIDTH="52"
                          VPOS="1966"
                          HPOS="1129"
                          CONTENT="pro"/>
               </TextLine>
               <TextLine ID="r2l43"
                         BASELINE="2066"
                         HEIGHT="52"
                         WIDTH="710"
                         VPOS="2014"
                         HPOS="480">
                  <String HEIGHT="52"
                          WIDTH="124"
                          VPOS="2014"
                          HPOS="469"
                          CONTENT="cedendi"/>
                  <SP HEIGHT="52" WIDTH="11" VPOS="2014" HPOS="593"/>
                  <String HEIGHT="52"
                          WIDTH="135"
                          VPOS="2014"
                          HPOS="559"
                          CONTENT="scilicet"/>
                  <SP HEIGHT="52" WIDTH="11" VPOS="2014" HPOS="694"/>
                  <String HEIGHT="52"
                          WIDTH="158"
                          VPOS="2014"
                          HPOS="660"
                          CONTENT="diuisiuus:"/>
                  <SP HEIGHT="52" WIDTH="11" VPOS="2014" HPOS="818"/>
                  <String HEIGHT="52"
                          WIDTH="192"
                          VPOS="2014"
                          HPOS="784"
                          CONTENT="diffinitiuus:"/>
                  <SP HEIGHT="52" WIDTH="11" VPOS="2014" HPOS="976"/>
                  <String HEIGHT="52" WIDTH="68" VPOS="2014" HPOS="942" CONTENT="et"/>
                  <SP HEIGHT="52" WIDTH="11" VPOS="2014" HPOS="1010"/>
                  <String HEIGHT="52"
                          WIDTH="158"
                          VPOS="2014"
                          HPOS="976"
                          CONTENT="collatius:"/>
                  <SP HEIGHT="52" WIDTH="11" VPOS="2014" HPOS="1134"/>
                  <String HEIGHT="52"
                          WIDTH="101"
                          VPOS="2014"
                          HPOS="1089"
                          CONTENT="quamuis"/>
               </TextLine>
               <TextLine ID="r2l44"
                         BASELINE="2103"
                         HEIGHT="48"
                         WIDTH="709"
                         VPOS="2055"
                         HPOS="472">
                  <String HEIGHT="48" WIDTH="86" VPOS="2055" HPOS="460" CONTENT="hoc"/>
                  <SP HEIGHT="48" WIDTH="12" VPOS="2055" HPOS="545"/>
                  <String HEIGHT="48" WIDTH="86" VPOS="2055" HPOS="509" CONTENT="non"/>
                  <SP HEIGHT="48" WIDTH="12" VPOS="2055" HPOS="594"/>
                  <String HEIGHT="48" WIDTH="86" VPOS="2055" HPOS="558" CONTENT="sic"/>
                  <SP HEIGHT="48" WIDTH="12" VPOS="2055" HPOS="643"/>
                  <String HEIGHT="48"
                          WIDTH="110"
                          VPOS="2055"
                          HPOS="606"
                          CONTENT="verum"/>
                  <SP HEIGHT="48" WIDTH="12" VPOS="2055" HPOS="716"/>
                  <String HEIGHT="48"
                          WIDTH="98"
                          VPOS="2055"
                          HPOS="680"
                          CONTENT="nisi"/>
                  <SP HEIGHT="48" WIDTH="12" VPOS="2055" HPOS="778"/>
                  <String HEIGHT="48"
                          WIDTH="122"
                          VPOS="2055"
                          HPOS="741"
                          CONTENT="quando"/>
                  <SP HEIGHT="48" WIDTH="12" VPOS="2055" HPOS="863"/>
                  <String HEIGHT="48" WIDTH="73" VPOS="2055" HPOS="827" CONTENT="in"/>
                  <SP HEIGHT="48" WIDTH="12" VPOS="2055" HPOS="900"/>
                  <String HEIGHT="48" WIDTH="73" VPOS="2055" HPOS="863" CONTENT="ea"/>
                  <SP HEIGHT="48" WIDTH="12" VPOS="2055" HPOS="937"/>
                  <String HEIGHT="48"
                          WIDTH="196"
                          VPOS="2055"
                          HPOS="900"
                          CONTENT="determinatur"/>
                  <SP HEIGHT="48" WIDTH="12" VPOS="2055" HPOS="1095"/>
                  <String HEIGHT="48" WIDTH="73" VPOS="2055" HPOS="1059" CONTENT="de"/>
                  <SP HEIGHT="48" WIDTH="12" VPOS="2055" HPOS="1132"/>
                  <String HEIGHT="48"
                          WIDTH="98"
                          VPOS="2055"
                          HPOS="1083"
                          CONTENT="aliquo"/>
               </TextLine>
               <TextLine ID="r2l45"
                         BASELINE="2153"
                         HEIGHT="53"
                         WIDTH="715"
                         VPOS="2100"
                         HPOS="475">
                  <String HEIGHT="53"
                          WIDTH="146"
                          VPOS="2100"
                          HPOS="462"
                          CONTENT="habente"/>
                  <SP HEIGHT="53" WIDTH="13" VPOS="2100" HPOS="607"/>
                  <String HEIGHT="53" WIDTH="93" VPOS="2100" HPOS="568" CONTENT="sub"/>
                  <SP HEIGHT="53" WIDTH="13" VPOS="2100" HPOS="660"/>
                  <String HEIGHT="53" WIDTH="79" VPOS="2100" HPOS="621" CONTENT="se"/>
                  <SP HEIGHT="53" WIDTH="13" VPOS="2100" HPOS="700"/>
                  <String HEIGHT="53"
                          WIDTH="132"
                          VPOS="2100"
                          HPOS="660"
                          CONTENT="multas"/>
                  <SP HEIGHT="53" WIDTH="13" VPOS="2100" HPOS="793"/>
                  <String HEIGHT="53"
                          WIDTH="159"
                          VPOS="2100"
                          HPOS="753"
                          CONTENT="species:"/>
                  <SP HEIGHT="53" WIDTH="13" VPOS="2100" HPOS="912"/>
                  <String HEIGHT="53"
                          WIDTH="106"
                          VPOS="2100"
                          HPOS="872"
                          CONTENT="illo"/>
                  <SP HEIGHT="53" WIDTH="13" VPOS="2100" HPOS="978"/>
                  <String HEIGHT="53"
                          WIDTH="106"
                          VPOS="2100"
                          HPOS="938"
                          CONTENT="modo"/>
                  <SP HEIGHT="53" WIDTH="13" VPOS="2100" HPOS="1044"/>
                  <String HEIGHT="53"
                          WIDTH="172"
                          VPOS="2100"
                          HPOS="1005"
                          CONTENT="accipitur"/>
                  <SP HEIGHT="53" WIDTH="13" VPOS="2100" HPOS="1177"/>
                  <String HEIGHT="53"
                          WIDTH="66"
                          VPOS="2100"
                          HPOS="1124"
                          CONTENT="sci"/>
               </TextLine>
               <TextLine ID="r2l46"
                         BASELINE="2199"
                         HEIGHT="55"
                         WIDTH="709"
                         VPOS="2144"
                         HPOS="478">
                  <String HEIGHT="55"
                          WIDTH="125"
                          VPOS="2144"
                          HPOS="464"
                          CONTENT="entia"/>
                  <SP HEIGHT="55" WIDTH="14" VPOS="2144" HPOS="589"/>
                  <String HEIGHT="55" WIDTH="97" VPOS="2144" HPOS="548" CONTENT="pro"/>
                  <SP HEIGHT="55" WIDTH="14" VPOS="2144" HPOS="645"/>
                  <String HEIGHT="55"
                          WIDTH="264"
                          VPOS="2144"
                          HPOS="603"
                          CONTENT="compilationibus"/>
                  <SP HEIGHT="55" WIDTH="14" VPOS="2144" HPOS="867"/>
                  <String HEIGHT="55"
                          WIDTH="153"
                          VPOS="2144"
                          HPOS="826"
                          CONTENT="autorum"/>
                  <SP HEIGHT="55" WIDTH="14" VPOS="2144" HPOS="978"/>
                  <String HEIGHT="55" WIDTH="83" VPOS="2144" HPOS="937" CONTENT="et"/>
                  <SP HEIGHT="55" WIDTH="14" VPOS="2144" HPOS="1020"/>
                  <String HEIGHT="55"
                          WIDTH="111"
                          VPOS="2144"
                          HPOS="978"
                          CONTENT="phi."/>
                  <SP HEIGHT="55" WIDTH="14" VPOS="2144" HPOS="1090"/>
                  <String HEIGHT="55"
                          WIDTH="97"
                          VPOS="2144"
                          HPOS="1048"
                          CONTENT="Sic"/>
                  <SP HEIGHT="55" WIDTH="14" VPOS="2144" HPOS="1145"/>
                  <String HEIGHT="55"
                          WIDTH="97"
                          VPOS="2144"
                          HPOS="1090"
                          CONTENT="acci"
                          SUBS_TYPE="HypPart1"
                          SUBS_CONTENT="accipitur"/>
                  <HYP CONTENT="-"/>
               </TextLine>
               <TextLine ID="r2l47"
                         BASELINE="2240"
                         HEIGHT="52"
                         WIDTH="715"
                         VPOS="2188"
                         HPOS="468">
                  <String HEIGHT="52"
                          WIDTH="89"
                          VPOS="2188"
                          HPOS="458"
                          CONTENT="pitur"
                          SUBS_TYPE="HypPart2"
                          SUBS_CONTENT="accipitur"/>
                  <SP HEIGHT="52" WIDTH="10" VPOS="2188" HPOS="547"/>
                  <String HEIGHT="52"
                          WIDTH="119"
                          VPOS="2188"
                          HPOS="518"
                          CONTENT="scientia"/>
                  <SP HEIGHT="52" WIDTH="10" VPOS="2188" HPOS="637"/>
                  <String HEIGHT="52"
                          WIDTH="89"
                          VPOS="2188"
                          HPOS="607"
                          CONTENT="primo"/>
                  <SP HEIGHT="52" WIDTH="10" VPOS="2188" HPOS="696"/>
                  <String HEIGHT="52"
                          WIDTH="139"
                          VPOS="2188"
                          HPOS="667"
                          CONTENT="phisicorum"/>
                  <SP HEIGHT="52" WIDTH="10" VPOS="2188" HPOS="806"/>
                  <String HEIGHT="52"
                          WIDTH="99"
                          VPOS="2188"
                          HPOS="776"
                          CONTENT="quando"/>
                  <SP HEIGHT="52" WIDTH="10" VPOS="2188" HPOS="875"/>
                  <String HEIGHT="52"
                          WIDTH="119"
                          VPOS="2188"
                          HPOS="845"
                          CONTENT="dicitur:"/>
                  <SP HEIGHT="52" WIDTH="10" VPOS="2188" HPOS="965"/>
                  <String HEIGHT="52"
                          WIDTH="79"
                          VPOS="2188"
                          HPOS="935"
                          CONTENT="quod"/>
                  <SP HEIGHT="52" WIDTH="10" VPOS="2188" HPOS="1014"/>
                  <String HEIGHT="52" WIDTH="60" VPOS="2188" HPOS="984" CONTENT="ad"/>
                  <SP HEIGHT="52" WIDTH="10" VPOS="2188" HPOS="1044"/>
                  <String HEIGHT="52"
                          WIDTH="99"
                          VPOS="2188"
                          HPOS="1014"
                          CONTENT="nullam"/>
                  <SP HEIGHT="52" WIDTH="10" VPOS="2188" HPOS="1113"/>
                  <String HEIGHT="52"
                          WIDTH="109"
                          VPOS="2188"
                          HPOS="1074"
                          CONTENT="scientiam"/>
               </TextLine>
               <TextLine ID="r2l48"
                         BASELINE="2285"
                         HEIGHT="52"
                         WIDTH="694"
                         VPOS="2233"
                         HPOS="483">
                  <String HEIGHT="52"
                          WIDTH="141"
                          VPOS="2233"
                          HPOS="471"
                          CONTENT="pertinet"/>
                  <SP HEIGHT="52" WIDTH="12" VPOS="2233" HPOS="612"/>
                  <String HEIGHT="52"
                          WIDTH="129"
                          VPOS="2233"
                          HPOS="577"
                          CONTENT="arguere"/>
                  <SP HEIGHT="52" WIDTH="12" VPOS="2233" HPOS="706"/>
                  <String HEIGHT="52"
                          WIDTH="118"
                          VPOS="2233"
                          HPOS="671"
                          CONTENT="contra"/>
                  <SP HEIGHT="52" WIDTH="12" VPOS="2233" HPOS="789"/>
                  <String HEIGHT="52"
                          WIDTH="141"
                          VPOS="2233"
                          HPOS="754"
                          CONTENT="negantem"/>
                  <SP HEIGHT="52" WIDTH="12" VPOS="2233" HPOS="895"/>
                  <String HEIGHT="52"
                          WIDTH="165"
                          VPOS="2233"
                          HPOS="859"
                          CONTENT="principia:"/>
                  <SP HEIGHT="52" WIDTH="12" VPOS="2233" HPOS="1024"/>
                  <String HEIGHT="52" WIDTH="82" VPOS="2233" HPOS="989" CONTENT="et."/>
                  <SP HEIGHT="52" WIDTH="12" VPOS="2233" HPOS="1071"/>
                  <String HEIGHT="52" WIDTH="71" VPOS="2233" HPOS="1036" CONTENT="i."/>
                  <SP HEIGHT="52" WIDTH="12" VPOS="2233" HPOS="1106"/>
                  <String HEIGHT="52"
                          WIDTH="118"
                          VPOS="2233"
                          HPOS="1059"
                          CONTENT="posterio"/>
               </TextLine>
               <TextLine ID="r2l49"
                         BASELINE="2329"
                         HEIGHT="48"
                         WIDTH="712"
                         VPOS="2281"
                         HPOS="478">
                  <String HEIGHT="48" WIDTH="78" VPOS="2281" HPOS="467" CONTENT="rum"/>
                  <SP HEIGHT="48" WIDTH="11" VPOS="2281" HPOS="545"/>
                  <String HEIGHT="48" WIDTH="78" VPOS="2281" HPOS="511" CONTENT="vbi"/>
                  <SP HEIGHT="48" WIDTH="11" VPOS="2281" HPOS="589"/>
                  <String HEIGHT="48"
                          WIDTH="134"
                          VPOS="2281"
                          HPOS="556"
                          CONTENT="dicitur:"/>
                  <SP HEIGHT="48" WIDTH="11" VPOS="2281" HPOS="689"/>
                  <String HEIGHT="48"
                          WIDTH="89"
                          VPOS="2281"
                          HPOS="656"
                          CONTENT="quod"/>
                  <SP HEIGHT="48" WIDTH="11" VPOS="2281" HPOS="745"/>
                  <String HEIGHT="48"
                          WIDTH="122"
                          VPOS="2281"
                          HPOS="712"
                          CONTENT="nullius"/>
                  <SP HEIGHT="48" WIDTH="11" VPOS="2281" HPOS="834"/>
                  <String HEIGHT="48"
                          WIDTH="134"
                          VPOS="2281"
                          HPOS="801"
                          CONTENT="scientie"/>
                  <SP HEIGHT="48" WIDTH="11" VPOS="2281" HPOS="934"/>
                  <String HEIGHT="48" WIDTH="78" VPOS="2281" HPOS="901" CONTENT="est"/>
                  <SP HEIGHT="48" WIDTH="11" VPOS="2281" HPOS="979"/>
                  <String HEIGHT="48"
                          WIDTH="122"
                          VPOS="2281"
                          HPOS="945"
                          CONTENT="probare"/>
                  <SP HEIGHT="48" WIDTH="11" VPOS="2281" HPOS="1068"/>
                  <String HEIGHT="48"
                          WIDTH="78"
                          VPOS="2281"
                          HPOS="1034"
                          CONTENT="sua"/>
                  <SP HEIGHT="48" WIDTH="11" VPOS="2281" HPOS="1112"/>
                  <String HEIGHT="48"
                          WIDTH="122"
                          VPOS="2281"
                          HPOS="1068"
                          CONTENT="principia"/>
               </TextLine>
               <TextLine ID="r2l50"
                         BASELINE="2376"
                         HEIGHT="58"
                         WIDTH="705"
                         VPOS="2318"
                         HPOS="481">
                  <String HEIGHT="58" WIDTH="91" VPOS="2318" HPOS="468" CONTENT="et."/>
                  <SP HEIGHT="58" WIDTH="13" VPOS="2318" HPOS="559"/>
                  <String HEIGHT="58"
                          WIDTH="104"
                          VPOS="2318"
                          HPOS="520"
                          CONTENT="iii."/>
                  <SP HEIGHT="58" WIDTH="13" VPOS="2318" HPOS="625"/>
                  <String HEIGHT="58"
                          WIDTH="209"
                          VPOS="2318"
                          HPOS="585"
                          CONTENT="metaphisice."/>
                  <SP HEIGHT="58" WIDTH="13" VPOS="2318" HPOS="794"/>
                  <String HEIGHT="58"
                          WIDTH="196"
                          VPOS="2318"
                          HPOS="755"
                          CONTENT="posteriorum"/>
                  <SP HEIGHT="58" WIDTH="13" VPOS="2318" HPOS="951"/>
                  <String HEIGHT="58"
                          WIDTH="209"
                          VPOS="2318"
                          HPOS="912"
                          CONTENT="inuestigatio"/>
                  <SP HEIGHT="58" WIDTH="13" VPOS="2318" HPOS="1121"/>
                  <String HEIGHT="58"
                          WIDTH="118"
                          VPOS="2318"
                          HPOS="1069"
                          CONTENT="priorum"/>
               </TextLine>
               <TextLine ID="r2l51"
                         BASELINE="2417"
                         HEIGHT="57"
                         WIDTH="718"
                         VPOS="2360"
                         HPOS="469">
                  <String HEIGHT="57" WIDTH="73" VPOS="2360" HPOS="459" CONTENT="est"/>
                  <SP HEIGHT="57" WIDTH="10" VPOS="2360" HPOS="531"/>
                  <String HEIGHT="57"
                          WIDTH="114"
                          VPOS="2360"
                          HPOS="500"
                          CONTENT="solutio"/>
                  <SP HEIGHT="57" WIDTH="10" VPOS="2360" HPOS="615"/>
                  <String HEIGHT="57"
                          WIDTH="135"
                          VPOS="2360"
                          HPOS="583"
                          CONTENT="dubiorum."/>
                  <SP HEIGHT="57" WIDTH="10" VPOS="2360" HPOS="719"/>
                  <String HEIGHT="57" WIDTH="73" VPOS="2360" HPOS="688" CONTENT="Sic"/>
                  <SP HEIGHT="57" WIDTH="10" VPOS="2360" HPOS="760"/>
                  <String HEIGHT="57"
                          WIDTH="94"
                          VPOS="2360"
                          HPOS="729"
                          CONTENT="etiam"/>
                  <SP HEIGHT="57" WIDTH="10" VPOS="2360" HPOS="823"/>
                  <String HEIGHT="57"
                          WIDTH="135"
                          VPOS="2360"
                          HPOS="792"
                          CONTENT="accipitur"/>
                  <SP HEIGHT="57" WIDTH="10" VPOS="2360" HPOS="927"/>
                  <String HEIGHT="57"
                          WIDTH="125"
                          VPOS="2360"
                          HPOS="896"
                          CONTENT="scientia"/>
                  <SP HEIGHT="57" WIDTH="10" VPOS="2360" HPOS="1021"/>
                  <String HEIGHT="57"
                          WIDTH="104"
                          VPOS="2360"
                          HPOS="989"
                          CONTENT="quando"/>
                  <SP HEIGHT="57" WIDTH="10" VPOS="2360" HPOS="1093"/>
                  <String HEIGHT="57"
                          WIDTH="125"
                          VPOS="2360"
                          HPOS="1062"
                          CONTENT="dicitur."/>
                  <SP HEIGHT="57" WIDTH="10" VPOS="2360" HPOS="1187"/>
                  <String HEIGHT="57" WIDTH="42" VPOS="2360" HPOS="1145" CONTENT="li"/>
               </TextLine>
               <TextLine ID="r2l52"
                         BASELINE="2451"
                         HEIGHT="46"
                         WIDTH="713"
                         VPOS="2405"
                         HPOS="468">
                  <String HEIGHT="46" WIDTH="96" VPOS="2405" HPOS="454" CONTENT="ber"/>
                  <SP HEIGHT="46" WIDTH="14" VPOS="2405" HPOS="550"/>
                  <String HEIGHT="46"
                          WIDTH="219"
                          VPOS="2405"
                          HPOS="509"
                          CONTENT="metaphisice:"/>
                  <SP HEIGHT="46" WIDTH="14" VPOS="2405" HPOS="729"/>
                  <String HEIGHT="46" WIDTH="96" VPOS="2405" HPOS="687" CONTENT="vel"/>
                  <SP HEIGHT="46" WIDTH="14" VPOS="2405" HPOS="783"/>
                  <String HEIGHT="46"
                          WIDTH="123"
                          VPOS="2405"
                          HPOS="742"
                          CONTENT="liber"/>
                  <SP HEIGHT="46" WIDTH="14" VPOS="2405" HPOS="866"/>
                  <String HEIGHT="46"
                          WIDTH="206"
                          VPOS="2405"
                          HPOS="825"
                          CONTENT="posteriorum"/>
                  <SP HEIGHT="46" WIDTH="14" VPOS="2405" HPOS="1030"/>
                  <String HEIGHT="46" WIDTH="96" VPOS="2405" HPOS="989" CONTENT="est"/>
                  <SP HEIGHT="46" WIDTH="14" VPOS="2405" HPOS="1085"/>
                  <String HEIGHT="46"
                          WIDTH="96"
                          VPOS="2405"
                          HPOS="1044"
                          CONTENT="vna"/>
                  <SP HEIGHT="46" WIDTH="14" VPOS="2405" HPOS="1140"/>
                  <String HEIGHT="46"
                          WIDTH="96"
                          VPOS="2405"
                          HPOS="1085"
                          CONTENT="scien"/>
               </TextLine>
               <TextLine ID="r2l53"
                         BASELINE="2497"
                         HEIGHT="46"
                         WIDTH="701"
                         VPOS="2451"
                         HPOS="477">
                  <String HEIGHT="46"
                          WIDTH="95"
                          VPOS="2451"
                          HPOS="465"
                          CONTENT="tia."/>
                  <SP HEIGHT="46" WIDTH="12" VPOS="2451" HPOS="560"/>
                  <String HEIGHT="46" WIDTH="71" VPOS="2451" HPOS="525" CONTENT="et"/>
                  <SP HEIGHT="46" WIDTH="12" VPOS="2451" HPOS="596"/>
                  <String HEIGHT="46"
                          WIDTH="143"
                          VPOS="2451"
                          HPOS="560"
                          CONTENT="scientia"/>
                  <SP HEIGHT="46" WIDTH="12" VPOS="2451" HPOS="703"/>
                  <String HEIGHT="46"
                          WIDTH="95"
                          VPOS="2451"
                          HPOS="667"
                          CONTENT="illo"/>
                  <SP HEIGHT="46" WIDTH="12" VPOS="2451" HPOS="762"/>
                  <String HEIGHT="46"
                          WIDTH="95"
                          VPOS="2451"
                          HPOS="727"
                          CONTENT="modo"/>
                  <SP HEIGHT="46" WIDTH="12" VPOS="2451" HPOS="822"/>
                  <String HEIGHT="46" WIDTH="83" VPOS="2451" HPOS="786" CONTENT="non"/>
                  <SP HEIGHT="46" WIDTH="12" VPOS="2451" HPOS="869"/>
                  <String HEIGHT="46" WIDTH="83" VPOS="2451" HPOS="833" CONTENT="est"/>
                  <SP HEIGHT="46" WIDTH="12" VPOS="2451" HPOS="917"/>
                  <String HEIGHT="46" WIDTH="83" VPOS="2451" HPOS="881" CONTENT="vna"/>
                  <SP HEIGHT="46" WIDTH="12" VPOS="2451" HPOS="964"/>
                  <String HEIGHT="46"
                          WIDTH="131"
                          VPOS="2451"
                          HPOS="928"
                          CONTENT="numero:"/>
                  <SP HEIGHT="46" WIDTH="12" VPOS="2451" HPOS="1059"/>
                  <String HEIGHT="46"
                          WIDTH="83"
                          VPOS="2451"
                          HPOS="1024"
                          CONTENT="sed"/>
                  <SP HEIGHT="46" WIDTH="12" VPOS="2451" HPOS="1107"/>
                  <String HEIGHT="46"
                          WIDTH="119"
                          VPOS="2451"
                          HPOS="1059"
                          CONTENT="continet"/>
               </TextLine>
               <TextLine ID="r2l54"
                         BASELINE="2554"
                         HEIGHT="56"
                         WIDTH="710"
                         VPOS="2498"
                         HPOS="468">
                  <String HEIGHT="56"
                          WIDTH="120"
                          VPOS="2498"
                          HPOS="456"
                          CONTENT="multos"/>
                  <SP HEIGHT="56" WIDTH="12" VPOS="2498" HPOS="576"/>
                  <String HEIGHT="56"
                          WIDTH="132"
                          VPOS="2498"
                          HPOS="540"
                          CONTENT="habitus"/>
                  <SP HEIGHT="56" WIDTH="12" VPOS="2498" HPOS="673"/>
                  <String HEIGHT="56" WIDTH="84" VPOS="2498" HPOS="636" CONTENT="non"/>
                  <SP HEIGHT="56" WIDTH="12" VPOS="2498" HPOS="721"/>
                  <String HEIGHT="56"
                          WIDTH="120"
                          VPOS="2498"
                          HPOS="685"
                          CONTENT="tantum"/>
                  <SP HEIGHT="56" WIDTH="12" VPOS="2498" HPOS="805"/>
                  <String HEIGHT="56"
                          WIDTH="132"
                          VPOS="2498"
                          HPOS="769"
                          CONTENT="specie:"/>
                  <SP HEIGHT="56" WIDTH="12" VPOS="2498" HPOS="901"/>
                  <String HEIGHT="56" WIDTH="84" VPOS="2498" HPOS="865" CONTENT="sed"/>
                  <SP HEIGHT="56" WIDTH="12" VPOS="2498" HPOS="949"/>
                  <String HEIGHT="56"
                          WIDTH="108"
                          VPOS="2498"
                          HPOS="913"
                          CONTENT="etiam"/>
                  <SP HEIGHT="56" WIDTH="12" VPOS="2498" HPOS="1022"/>
                  <String HEIGHT="56"
                          WIDTH="168"
                          VPOS="2498"
                          HPOS="985"
                          CONTENT="frequenter"/>
                  <SP HEIGHT="56" WIDTH="12" VPOS="2498" HPOS="1154"/>
                  <String HEIGHT="56"
                          WIDTH="72"
                          VPOS="2498"
                          HPOS="1106"
                          CONTENT="gene"/>
               </TextLine>
               <TextLine ID="r2l55"
                         BASELINE="2584"
                         HEIGHT="47"
                         WIDTH="703"
                         VPOS="2537"
                         HPOS="480">
                  <String HEIGHT="47" WIDTH="75" VPOS="2537" HPOS="467" CONTENT="re"/>
                  <SP HEIGHT="47" WIDTH="13" VPOS="2537" HPOS="543"/>
                  <String HEIGHT="47"
                          WIDTH="188"
                          VPOS="2537"
                          HPOS="505"
                          CONTENT="distinctos:"/>
                  <SP HEIGHT="47" WIDTH="13" VPOS="2537" HPOS="693"/>
                  <String HEIGHT="47"
                          WIDTH="138"
                          VPOS="2537"
                          HPOS="656"
                          CONTENT="ordinem"/>
                  <SP HEIGHT="47" WIDTH="13" VPOS="2537" HPOS="794"/>
                  <String HEIGHT="47"
                          WIDTH="113"
                          VPOS="2537"
                          HPOS="756"
                          CONTENT="tamen"/>
                  <SP HEIGHT="47" WIDTH="13" VPOS="2537" HPOS="869"/>
                  <String HEIGHT="47"
                          WIDTH="163"
                          VPOS="2537"
                          HPOS="832"
                          CONTENT="aliqualem"/>
                  <SP HEIGHT="47" WIDTH="13" VPOS="2537" HPOS="995"/>
                  <String HEIGHT="47"
                          WIDTH="113"
                          VPOS="2537"
                          HPOS="957"
                          CONTENT="inter"/>
                  <SP HEIGHT="47" WIDTH="13" VPOS="2537" HPOS="1070"/>
                  <String HEIGHT="47" WIDTH="75" VPOS="2537" HPOS="1032" CONTENT="se"/>
                  <SP HEIGHT="47" WIDTH="13" VPOS="2537" HPOS="1108"/>
                  <String HEIGHT="47"
                          WIDTH="126"
                          VPOS="2537"
                          HPOS="1057"
                          CONTENT="habentes"/>
               </TextLine>
               <TextLine ID="r2l56"
                         BASELINE="2651"
                         HEIGHT="66"
                         WIDTH="712"
                         VPOS="2585"
                         HPOS="475">
                  <String HEIGHT="66"
                          WIDTH="145"
                          VPOS="2585"
                          HPOS="462"
                          CONTENT="propter"/>
                  <SP HEIGHT="66" WIDTH="13" VPOS="2585" HPOS="607"/>
                  <String HEIGHT="66"
                          WIDTH="105"
                          VPOS="2585"
                          HPOS="567"
                          CONTENT="quem"/>
                  <SP HEIGHT="66" WIDTH="13" VPOS="2585" HPOS="673"/>
                  <String HEIGHT="66"
                          WIDTH="145"
                          VPOS="2585"
                          HPOS="633"
                          CONTENT="ordinem"/>
                  <SP HEIGHT="66" WIDTH="13" VPOS="2585" HPOS="778"/>
                  <String HEIGHT="66"
                          WIDTH="171"
                          VPOS="2585"
                          HPOS="739"
                          CONTENT="specialem"/>
                  <SP HEIGHT="66" WIDTH="13" VPOS="2585" HPOS="910"/>
                  <String HEIGHT="66"
                          WIDTH="105"
                          VPOS="2585"
                          HPOS="871"
                          CONTENT="quem"/>
                  <SP HEIGHT="66" WIDTH="13" VPOS="2585" HPOS="976"/>
                  <String HEIGHT="66" WIDTH="92" VPOS="2585" HPOS="936" CONTENT="non"/>
                  <SP HEIGHT="66" WIDTH="13" VPOS="2585" HPOS="1029"/>
                  <String HEIGHT="66"
                          WIDTH="132"
                          VPOS="2585"
                          HPOS="989"
                          CONTENT="habent"/>
                  <SP HEIGHT="66" WIDTH="13" VPOS="2585" HPOS="1121"/>
                  <String HEIGHT="66" WIDTH="79" VPOS="2585" HPOS="1082" CONTENT="ad"/>
                  <SP HEIGHT="66" WIDTH="13" VPOS="2585" HPOS="1161"/>
                  <String HEIGHT="66"
                          WIDTH="79"
                          VPOS="2585"
                          HPOS="1108"
                          CONTENT="alia"/>
               </TextLine>
            </TextBlock>
            <TextBlock ID="TextRegion_1597252822475_64"
                       HEIGHT="2485"
                       WIDTH="731"
                       VPOS="149"
                       HPOS="1277">
               <Shape>
                  <Polygon POINTS="1277,149 2008,149 2008,2634 1277,2634"/>
               </Shape>
               <TextLine ID="r3l2"
                         BASELINE="272"
                         HEIGHT="77"
                         WIDTH="701"
                         VPOS="195"
                         HPOS="1278">
                  <String HEIGHT="77"
                          WIDTH="153"
                          VPOS="195"
                          HPOS="1265"
                          CONTENT="scibilia"/>
                  <SP HEIGHT="77" WIDTH="13" VPOS="195" HPOS="1418"/>
                  <String HEIGHT="77" WIDTH="76" VPOS="195" HPOS="1380" CONTENT="et"/>
                  <SP HEIGHT="77" WIDTH="13" VPOS="195" HPOS="1456"/>
                  <String HEIGHT="77"
                          WIDTH="217"
                          VPOS="195"
                          HPOS="1418"
                          CONTENT="cognoscibilia"/>
                  <SP HEIGHT="77" WIDTH="13" VPOS="195" HPOS="1635"/>
                  <String HEIGHT="77"
                          WIDTH="140"
                          VPOS="195"
                          HPOS="1597"
                          CONTENT="possunt"/>
                  <SP HEIGHT="77" WIDTH="13" VPOS="195" HPOS="1737"/>
                  <String HEIGHT="77"
                          WIDTH="102"
                          VPOS="195"
                          HPOS="1699"
                          CONTENT="dici"/>
                  <SP HEIGHT="77" WIDTH="13" VPOS="195" HPOS="1801"/>
                  <String HEIGHT="77" WIDTH="89" VPOS="195" HPOS="1762" CONTENT="vna"/>
                  <SP HEIGHT="77" WIDTH="13" VPOS="195" HPOS="1852"/>
                  <String HEIGHT="77"
                          WIDTH="166"
                          VPOS="195"
                          HPOS="1813"
                          CONTENT="scientia:"/>
                  <SP HEIGHT="77" WIDTH="13" VPOS="195" HPOS="1979"/>
                  <String HEIGHT="77" WIDTH="51" VPOS="195" HPOS="1928" CONTENT="et"/>
               </TextLine>
               <TextLine ID="r3l3"
                         BASELINE="305"
                         HEIGHT="55"
                         WIDTH="694"
                         VPOS="250"
                         HPOS="1288">
                  <String HEIGHT="55"
                          WIDTH="93"
                          VPOS="250"
                          HPOS="1276"
                          CONTENT="illo"/>
                  <SP HEIGHT="55" WIDTH="12" VPOS="250" HPOS="1369"/>
                  <String HEIGHT="55"
                          WIDTH="93"
                          VPOS="250"
                          HPOS="1334"
                          CONTENT="modo"/>
                  <SP HEIGHT="55" WIDTH="12" VPOS="250" HPOS="1427"/>
                  <String HEIGHT="55"
                          WIDTH="127"
                          VPOS="250"
                          HPOS="1392"
                          CONTENT="capiedo"/>
                  <SP HEIGHT="55" WIDTH="12" VPOS="250" HPOS="1519"/>
                  <String HEIGHT="55"
                          WIDTH="150"
                          VPOS="250"
                          HPOS="1485"
                          CONTENT="scientiam"/>
                  <SP HEIGHT="55" WIDTH="12" VPOS="250" HPOS="1635"/>
                  <String HEIGHT="55" WIDTH="81" VPOS="250" HPOS="1600" CONTENT="non"/>
                  <SP HEIGHT="55" WIDTH="12" VPOS="250" HPOS="1681"/>
                  <String HEIGHT="55" WIDTH="81" VPOS="250" HPOS="1647" CONTENT="est"/>
                  <SP HEIGHT="55" WIDTH="12" VPOS="250" HPOS="1728"/>
                  <String HEIGHT="55"
                          WIDTH="185"
                          VPOS="250"
                          HPOS="1693"
                          CONTENT="inconueniens"/>
                  <SP HEIGHT="55" WIDTH="12" VPOS="250" HPOS="1878"/>
                  <String HEIGHT="55"
                          WIDTH="116"
                          VPOS="250"
                          HPOS="1843"
                          CONTENT="eandem"/>
                  <SP HEIGHT="55" WIDTH="12" VPOS="250" HPOS="1959"/>
                  <String HEIGHT="55"
                          WIDTH="69"
                          VPOS="250"
                          HPOS="1913"
                          CONTENT="veri"/>
               </TextLine>
               <TextLine ID="r3l4"
                         BASELINE="351"
                         HEIGHT="53"
                         WIDTH="703"
                         VPOS="298"
                         HPOS="1281">
                  <String HEIGHT="53"
                          WIDTH="109"
                          VPOS="298"
                          HPOS="1269"
                          CONTENT="tatem"/>
                  <SP HEIGHT="53" WIDTH="12" VPOS="298" HPOS="1378"/>
                  <String HEIGHT="53"
                          WIDTH="158"
                          VPOS="298"
                          HPOS="1342"
                          CONTENT="pertinere"/>
                  <SP HEIGHT="53" WIDTH="12" VPOS="298" HPOS="1499"/>
                  <String HEIGHT="53" WIDTH="73" VPOS="298" HPOS="1463" CONTENT="ad"/>
                  <SP HEIGHT="53" WIDTH="12" VPOS="298" HPOS="1536"/>
                  <String HEIGHT="53"
                          WIDTH="170"
                          VPOS="298"
                          HPOS="1499"
                          CONTENT="distinctas"/>
                  <SP HEIGHT="53" WIDTH="12" VPOS="298" HPOS="1669"/>
                  <String HEIGHT="53"
                          WIDTH="170"
                          VPOS="298"
                          HPOS="1633"
                          CONTENT="scientias."/>
                  <SP HEIGHT="53" WIDTH="12" VPOS="298" HPOS="1802"/>
                  <String HEIGHT="53"
                          WIDTH="109"
                          VPOS="298"
                          HPOS="1766"
                          CONTENT="etiam"/>
                  <SP HEIGHT="53" WIDTH="12" VPOS="298" HPOS="1875"/>
                  <String HEIGHT="53"
                          WIDTH="158"
                          VPOS="298"
                          HPOS="1826"
                          CONTENT="naturaliter"/>
               </TextLine>
               <TextLine ID="r3l5"
                         BASELINE="395"
                         HEIGHT="54"
                         WIDTH="700"
                         VPOS="341"
                         HPOS="1281">
                  <String HEIGHT="54"
                          WIDTH="157"
                          VPOS="341"
                          HPOS="1269"
                          CONTENT="inuentas:"/>
                  <SP HEIGHT="54" WIDTH="12" VPOS="341" HPOS="1426"/>
                  <String HEIGHT="54"
                          WIDTH="97"
                          VPOS="341"
                          HPOS="1390"
                          CONTENT="quia"/>
                  <SP HEIGHT="54" WIDTH="12" VPOS="341" HPOS="1486"/>
                  <String HEIGHT="54"
                          WIDTH="109"
                          VPOS="341"
                          HPOS="1450"
                          CONTENT="eadem"/>
                  <SP HEIGHT="54" WIDTH="12" VPOS="341" HPOS="1559"/>
                  <String HEIGHT="54"
                          WIDTH="157"
                          VPOS="341"
                          HPOS="1522"
                          CONTENT="conclusio"/>
                  <SP HEIGHT="54" WIDTH="12" VPOS="341" HPOS="1679"/>
                  <String HEIGHT="54" WIDTH="72" VPOS="341" HPOS="1643" CONTENT="in"/>
                  <SP HEIGHT="54" WIDTH="12" VPOS="341" HPOS="1715"/>
                  <String HEIGHT="54"
                          WIDTH="169"
                          VPOS="341"
                          HPOS="1679"
                          CONTENT="distinctis"/>
                  <SP HEIGHT="54" WIDTH="12" VPOS="341" HPOS="1848"/>
                  <String HEIGHT="54"
                          WIDTH="157"
                          VPOS="341"
                          HPOS="1812"
                          CONTENT="scientiis"/>
                  <SP HEIGHT="54" WIDTH="12" VPOS="341" HPOS="1969"/>
                  <String HEIGHT="54" WIDTH="60" VPOS="341" HPOS="1921" CONTENT="per"/>
               </TextLine>
               <TextLine ID="r3l6"
                         BASELINE="447"
                         HEIGHT="62"
                         WIDTH="701"
                         VPOS="385"
                         HPOS="1284">
                  <String HEIGHT="62"
                          WIDTH="172"
                          VPOS="385"
                          HPOS="1271"
                          CONTENT="distincta"/>
                  <SP HEIGHT="62" WIDTH="13" VPOS="385" HPOS="1443"/>
                  <String HEIGHT="62"
                          WIDTH="119"
                          VPOS="385"
                          HPOS="1403"
                          CONTENT="media"/>
                  <SP HEIGHT="62" WIDTH="13" VPOS="385" HPOS="1522"/>
                  <String HEIGHT="62"
                          WIDTH="132"
                          VPOS="385"
                          HPOS="1482"
                          CONTENT="potest"/>
                  <SP HEIGHT="62" WIDTH="13" VPOS="385" HPOS="1615"/>
                  <String HEIGHT="62"
                          WIDTH="172"
                          VPOS="385"
                          HPOS="1575"
                          CONTENT="euidenter"/>
                  <SP HEIGHT="62" WIDTH="13" VPOS="385" HPOS="1747"/>
                  <String HEIGHT="62"
                          WIDTH="159"
                          VPOS="385"
                          HPOS="1707"
                          CONTENT="probari:"/>
                  <SP HEIGHT="62" WIDTH="13" VPOS="385" HPOS="1866"/>
                  <String HEIGHT="62"
                          WIDTH="106"
                          VPOS="385"
                          HPOS="1826"
                          CONTENT="siue"/>
                  <SP HEIGHT="62" WIDTH="13" VPOS="385" HPOS="1932"/>
                  <String HEIGHT="62"
                          WIDTH="106"
                          VPOS="385"
                          HPOS="1879"
                          CONTENT="possit"/>
               </TextLine>
               <TextLine ID="r3l7"
                         BASELINE="484"
                         HEIGHT="54"
                         WIDTH="707"
                         VPOS="430"
                         HPOS="1272">
                  <String HEIGHT="54"
                          WIDTH="255"
                          VPOS="430"
                          HPOS="1258"
                          CONTENT="demonstratione"/>
                  <SP HEIGHT="54" WIDTH="14" VPOS="430" HPOS="1512"/>
                  <String HEIGHT="54"
                          WIDTH="184"
                          VPOS="430"
                          HPOS="1470"
                          CONTENT="potissima"/>
                  <SP HEIGHT="54" WIDTH="14" VPOS="430" HPOS="1654"/>
                  <String HEIGHT="54"
                          WIDTH="156"
                          VPOS="430"
                          HPOS="1611"
                          CONTENT="probari"/>
                  <SP HEIGHT="54" WIDTH="14" VPOS="430" HPOS="1767"/>
                  <String HEIGHT="54" WIDTH="85" VPOS="430" HPOS="1724" CONTENT="in"/>
                  <SP HEIGHT="54" WIDTH="14" VPOS="430" HPOS="1809"/>
                  <String HEIGHT="54"
                          WIDTH="127"
                          VPOS="430"
                          HPOS="1767"
                          CONTENT="illis"/>
                  <SP HEIGHT="54" WIDTH="14" VPOS="430" HPOS="1894"/>
                  <String HEIGHT="54"
                          WIDTH="113"
                          VPOS="430"
                          HPOS="1852"
                          CONTENT="siue"/>
                  <SP HEIGHT="54" WIDTH="14" VPOS="430" HPOS="1965"/>
                  <String HEIGHT="54" WIDTH="71" VPOS="430" HPOS="1908" CONTENT="non"/>
               </TextLine>
               <TextLine ID="r3l8"
                         BASELINE="528"
                         HEIGHT="43"
                         WIDTH="695"
                         VPOS="485"
                         HPOS="1287">
                  <String HEIGHT="43" WIDTH="85" VPOS="485" HPOS="1275" CONTENT="non"/>
                  <SP HEIGHT="43" WIDTH="12" VPOS="485" HPOS="1360"/>
                  <String HEIGHT="43"
                          WIDTH="122"
                          VPOS="485"
                          HPOS="1324"
                          CONTENT="multum"/>
                  <SP HEIGHT="43" WIDTH="12" VPOS="485" HPOS="1446"/>
                  <String HEIGHT="43"
                          WIDTH="110"
                          VPOS="485"
                          HPOS="1409"
                          CONTENT="curo:"/>
                  <SP HEIGHT="43" WIDTH="12" VPOS="485" HPOS="1519"/>
                  <String HEIGHT="43"
                          WIDTH="98"
                          VPOS="485"
                          HPOS="1482"
                          CONTENT="quia"/>
                  <SP HEIGHT="43" WIDTH="12" VPOS="485" HPOS="1580"/>
                  <String HEIGHT="43"
                          WIDTH="98"
                          VPOS="485"
                          HPOS="1543"
                          CONTENT="illa"/>
                  <SP HEIGHT="43" WIDTH="12" VPOS="485" HPOS="1641"/>
                  <String HEIGHT="43"
                          WIDTH="146"
                          VPOS="485"
                          HPOS="1604"
                          CONTENT="scientia"/>
                  <SP HEIGHT="43" WIDTH="12" VPOS="485" HPOS="1750"/>
                  <String HEIGHT="43" WIDTH="85" VPOS="485" HPOS="1714" CONTENT="non"/>
                  <SP HEIGHT="43" WIDTH="12" VPOS="485" HPOS="1799"/>
                  <String HEIGHT="43"
                          WIDTH="110"
                          VPOS="485"
                          HPOS="1763"
                          CONTENT="solum"/>
                  <SP HEIGHT="43" WIDTH="12" VPOS="485" HPOS="1872"/>
                  <String HEIGHT="43"
                          WIDTH="146"
                          VPOS="485"
                          HPOS="1836"
                          CONTENT="continet"/>
                  <SP HEIGHT="43" WIDTH="12" VPOS="485" HPOS="1982"/>
                  <String HEIGHT="43" WIDTH="49" VPOS="485" HPOS="1933" CONTENT="de"/>
               </TextLine>
               <TextLine ID="r3l9"
                         BASELINE="575"
                         HEIGHT="50"
                         WIDTH="707"
                         VPOS="525"
                         HPOS="1283">
                  <String HEIGHT="50"
                          WIDTH="223"
                          VPOS="525"
                          HPOS="1270"
                          CONTENT="monstrationes"/>
                  <SP HEIGHT="50" WIDTH="13" VPOS="525" HPOS="1492"/>
                  <String HEIGHT="50"
                          WIDTH="144"
                          VPOS="525"
                          HPOS="1453"
                          CONTENT="proprie"/>
                  <SP HEIGHT="50" WIDTH="13" VPOS="525" HPOS="1597"/>
                  <String HEIGHT="50"
                          WIDTH="144"
                          VPOS="525"
                          HPOS="1558"
                          CONTENT="dictas:"/>
                  <SP HEIGHT="50" WIDTH="13" VPOS="525" HPOS="1702"/>
                  <String HEIGHT="50" WIDTH="92" VPOS="525" HPOS="1663" CONTENT="sed"/>
                  <SP HEIGHT="50" WIDTH="13" VPOS="525" HPOS="1754"/>
                  <String HEIGHT="50"
                          WIDTH="118"
                          VPOS="525"
                          HPOS="1715"
                          CONTENT="etiam"/>
                  <SP HEIGHT="50" WIDTH="13" VPOS="525" HPOS="1833"/>
                  <String HEIGHT="50"
                          WIDTH="118"
                          VPOS="525"
                          HPOS="1794"
                          CONTENT="alias"/>
                  <SP HEIGHT="50" WIDTH="13" VPOS="525" HPOS="1911"/>
                  <String HEIGHT="50"
                          WIDTH="131"
                          VPOS="525"
                          HPOS="1859"
                          CONTENT="probatio"/>
               </TextLine>
               <TextLine ID="r3l10"
                         BASELINE="619"
                         HEIGHT="53"
                         WIDTH="707"
                         VPOS="566"
                         HPOS="1278">
                  <String HEIGHT="53" WIDTH="97" VPOS="566" HPOS="1264" CONTENT="nes"/>
                  <SP HEIGHT="53" WIDTH="14" VPOS="566" HPOS="1361"/>
                  <String HEIGHT="53"
                          WIDTH="194"
                          VPOS="566"
                          HPOS="1320"
                          CONTENT="quascumque"/>
                  <SP HEIGHT="53" WIDTH="14" VPOS="566" HPOS="1514"/>
                  <String HEIGHT="53"
                          WIDTH="194"
                          VPOS="566"
                          HPOS="1472"
                          CONTENT="euidentes."/>
                  <SP HEIGHT="53" WIDTH="14" VPOS="566" HPOS="1666"/>
                  <String HEIGHT="53"
                          WIDTH="139"
                          VPOS="566"
                          HPOS="1625"
                          CONTENT="Potest"/>
                  <SP HEIGHT="53" WIDTH="14" VPOS="566" HPOS="1763"/>
                  <String HEIGHT="53"
                          WIDTH="125"
                          VPOS="566"
                          HPOS="1722"
                          CONTENT="etiam"/>
                  <SP HEIGHT="53" WIDTH="14" VPOS="566" HPOS="1846"/>
                  <String HEIGHT="53"
                          WIDTH="125"
                          VPOS="566"
                          HPOS="1805"
                          CONTENT="eadem"/>
                  <SP HEIGHT="53" WIDTH="14" VPOS="566" HPOS="1930"/>
                  <String HEIGHT="53"
                          WIDTH="125"
                          VPOS="566"
                          HPOS="1888"
                          CONTENT="veri¬"/>
                  <SP HEIGHT="53" WIDTH="14" VPOS="566" HPOS="2013"/>
                  <String HEIGHT="53" WIDTH="28" VPOS="566" HPOS="1957" CONTENT=""/>
               </TextLine>
               <TextLine ID="r3l11"
                         BASELINE="661"
                         HEIGHT="57"
                         WIDTH="709"
                         VPOS="604"
                         HPOS="1281">
                  <String HEIGHT="57" WIDTH="76" VPOS="604" HPOS="1270" CONTENT="tas"/>
                  <SP HEIGHT="57" WIDTH="11" VPOS="604" HPOS="1346"/>
                  <String HEIGHT="57"
                          WIDTH="87"
                          VPOS="604"
                          HPOS="1314"
                          CONTENT="esse"/>
                  <SP HEIGHT="57" WIDTH="11" VPOS="604" HPOS="1401"/>
                  <String HEIGHT="57"
                          WIDTH="153"
                          VPOS="604"
                          HPOS="1368"
                          CONTENT="principium"/>
                  <SP HEIGHT="57" WIDTH="11" VPOS="604" HPOS="1521"/>
                  <String HEIGHT="57" WIDTH="65" VPOS="604" HPOS="1488" CONTENT="in"/>
                  <SP HEIGHT="57" WIDTH="11" VPOS="604" HPOS="1554"/>
                  <String HEIGHT="57" WIDTH="76" VPOS="604" HPOS="1521" CONTENT="vna"/>
                  <SP HEIGHT="57" WIDTH="11" VPOS="604" HPOS="1597"/>
                  <String HEIGHT="57"
                          WIDTH="142"
                          VPOS="604"
                          HPOS="1565"
                          CONTENT="scientia:"/>
                  <SP HEIGHT="57" WIDTH="11" VPOS="604" HPOS="1706"/>
                  <String HEIGHT="57" WIDTH="65" VPOS="604" HPOS="1674" CONTENT="et"/>
                  <SP HEIGHT="57" WIDTH="11" VPOS="604" HPOS="1739"/>
                  <String HEIGHT="57"
                          WIDTH="142"
                          VPOS="604"
                          HPOS="1706"
                          CONTENT="conclusio"/>
                  <SP HEIGHT="57" WIDTH="11" VPOS="604" HPOS="1848"/>
                  <String HEIGHT="57" WIDTH="65" VPOS="604" HPOS="1815" CONTENT="in"/>
                  <SP HEIGHT="57" WIDTH="11" VPOS="604" HPOS="1881"/>
                  <String HEIGHT="57"
                          WIDTH="98"
                          VPOS="604"
                          HPOS="1848"
                          CONTENT="alia:"/>
                  <SP HEIGHT="57" WIDTH="11" VPOS="604" HPOS="1946"/>
                  <String HEIGHT="57" WIDTH="65" VPOS="604" HPOS="1914" CONTENT="et"/>
                  <SP HEIGHT="57" WIDTH="11" VPOS="604" HPOS="1979"/>
                  <String HEIGHT="57" WIDTH="55" VPOS="604" HPOS="1935" CONTENT="hoc"/>
               </TextLine>
               <TextLine ID="r3l12"
                         BASELINE="702"
                         HEIGHT="53"
                         WIDTH="719"
                         VPOS="649"
                         HPOS="1281">
                  <String HEIGHT="53"
                          WIDTH="131"
                          VPOS="649"
                          HPOS="1268"
                          CONTENT="maxime"/>
                  <SP HEIGHT="53" WIDTH="13" VPOS="649" HPOS="1399"/>
                  <String HEIGHT="53"
                          WIDTH="131"
                          VPOS="649"
                          HPOS="1359"
                          CONTENT="quando"/>
                  <SP HEIGHT="53" WIDTH="13" VPOS="649" HPOS="1490"/>
                  <String HEIGHT="53"
                          WIDTH="144"
                          VPOS="649"
                          HPOS="1451"
                          CONTENT="aliquid"/>
                  <SP HEIGHT="53" WIDTH="13" VPOS="649" HPOS="1595"/>
                  <String HEIGHT="53"
                          WIDTH="105"
                          VPOS="649"
                          HPOS="1556"
                          CONTENT="quod"/>
                  <SP HEIGHT="53" WIDTH="13" VPOS="649" HPOS="1660"/>
                  <String HEIGHT="53"
                          WIDTH="209"
                          VPOS="649"
                          HPOS="1621"
                          CONTENT="determinatur"/>
                  <SP HEIGHT="53" WIDTH="13" VPOS="649" HPOS="1830"/>
                  <String HEIGHT="53" WIDTH="78" VPOS="649" HPOS="1791" CONTENT="in"/>
                  <SP HEIGHT="53" WIDTH="13" VPOS="649" HPOS="1869"/>
                  <String HEIGHT="53" WIDTH="92" VPOS="649" HPOS="1830" CONTENT="vna"/>
                  <SP HEIGHT="53" WIDTH="13" VPOS="649" HPOS="1922"/>
                  <String HEIGHT="53"
                          WIDTH="131"
                          VPOS="649"
                          HPOS="1869"
                          CONTENT="scientia"/>
               </TextLine>
               <TextLine ID="r3l13"
                         BASELINE="748"
                         HEIGHT="52"
                         WIDTH="717"
                         VPOS="696"
                         HPOS="1276">
                  <String HEIGHT="52"
                          WIDTH="207"
                          VPOS="696"
                          HPOS="1262"
                          CONTENT="continetur:"/>
                  <SP HEIGHT="52" WIDTH="14" VPOS="696" HPOS="1469"/>
                  <String HEIGHT="52"
                          WIDTH="124"
                          VPOS="696"
                          HPOS="1428"
                          CONTENT="sicut"/>
                  <SP HEIGHT="52" WIDTH="14" VPOS="696" HPOS="1552"/>
                  <String HEIGHT="52"
                          WIDTH="165"
                          VPOS="696"
                          HPOS="1510"
                          CONTENT="inferius"/>
                  <SP HEIGHT="52" WIDTH="14" VPOS="696" HPOS="1676"/>
                  <String HEIGHT="52" WIDTH="97" VPOS="696" HPOS="1635" CONTENT="sub"/>
                  <SP HEIGHT="52" WIDTH="14" VPOS="696" HPOS="1731"/>
                  <String HEIGHT="52"
                          WIDTH="138"
                          VPOS="696"
                          HPOS="1690"
                          CONTENT="aliquo"/>
                  <SP HEIGHT="52" WIDTH="14" VPOS="696" HPOS="1828"/>
                  <String HEIGHT="52"
                          WIDTH="207"
                          VPOS="696"
                          HPOS="1786"
                          CONTENT="determinato"/>
                  <SP HEIGHT="52" WIDTH="14" VPOS="696" HPOS="1993"/>
                  <String HEIGHT="52" WIDTH="55" VPOS="696" HPOS="1938" CONTENT="in"/>
               </TextLine>
               <TextLine ID="r3l14"
                         BASELINE="786"
                         HEIGHT="48"
                         WIDTH="703"
                         VPOS="738"
                         HPOS="1276">
                  <String HEIGHT="48"
                          WIDTH="104"
                          VPOS="738"
                          HPOS="1263"
                          CONTENT="alia"/>
                  <SP HEIGHT="48" WIDTH="13" VPOS="738" HPOS="1367"/>
                  <String HEIGHT="48"
                          WIDTH="169"
                          VPOS="738"
                          HPOS="1328"
                          CONTENT="scientia:"/>
                  <SP HEIGHT="48" WIDTH="13" VPOS="738" HPOS="1497"/>
                  <String HEIGHT="48"
                          WIDTH="117"
                          VPOS="738"
                          HPOS="1458"
                          CONTENT="sicut"/>
                  <SP HEIGHT="48" WIDTH="13" VPOS="738" HPOS="1575"/>
                  <String HEIGHT="48" WIDTH="91" VPOS="738" HPOS="1536" CONTENT="est"/>
                  <SP HEIGHT="48" WIDTH="13" VPOS="738" HPOS="1628"/>
                  <String HEIGHT="48" WIDTH="78" VPOS="738" HPOS="1588" CONTENT="de"/>
                  <SP HEIGHT="48" WIDTH="13" VPOS="738" HPOS="1667"/>
                  <String HEIGHT="48"
                          WIDTH="104"
                          VPOS="738"
                          HPOS="1628"
                          CONTENT="ente"/>
                  <SP HEIGHT="48" WIDTH="13" VPOS="738" HPOS="1732"/>
                  <String HEIGHT="48" WIDTH="78" VPOS="738" HPOS="1693" CONTENT="de"/>
                  <SP HEIGHT="48" WIDTH="13" VPOS="738" HPOS="1771"/>
                  <String HEIGHT="48" WIDTH="91" VPOS="738" HPOS="1732" CONTENT="quo"/>
                  <SP HEIGHT="48" WIDTH="13" VPOS="738" HPOS="1823"/>
                  <String HEIGHT="48"
                          WIDTH="182"
                          VPOS="738"
                          HPOS="1784"
                          CONTENT="determinat"/>
                  <SP HEIGHT="48" WIDTH="13" VPOS="738" HPOS="1966"/>
                  <String HEIGHT="48"
                          WIDTH="65"
                          VPOS="738"
                          HPOS="1914"
                          CONTENT="me"
                          SUBS_TYPE="HypPart1"
                          SUBS_CONTENT="metaphisicus:"/>
                  <HYP CONTENT="-"/>
               </TextLine>
               <TextLine ID="r3l15"
                         BASELINE="840"
                         HEIGHT="59"
                         WIDTH="721"
                         VPOS="781"
                         HPOS="1279">
                  <String HEIGHT="59"
                          WIDTH="221"
                          VPOS="781"
                          HPOS="1264"
                          CONTENT="taphisicus:"
                          SUBS_TYPE="HypPart2"
                          SUBS_CONTENT="metaphisicus:"/>
                  <SP HEIGHT="59" WIDTH="15" VPOS="781" HPOS="1485"/>
                  <String HEIGHT="59" WIDTH="88" VPOS="781" HPOS="1441" CONTENT="et"/>
                  <SP HEIGHT="59" WIDTH="15" VPOS="781" HPOS="1529"/>
                  <String HEIGHT="59" WIDTH="88" VPOS="781" HPOS="1485" CONTENT="de"/>
                  <SP HEIGHT="59" WIDTH="15" VPOS="781" HPOS="1573"/>
                  <String HEIGHT="59"
                          WIDTH="103"
                          VPOS="781"
                          HPOS="1529"
                          CONTENT="deo"/>
                  <SP HEIGHT="59" WIDTH="15" VPOS="781" HPOS="1632"/>
                  <String HEIGHT="59" WIDTH="88" VPOS="781" HPOS="1588" CONTENT="de"/>
                  <SP HEIGHT="59" WIDTH="15" VPOS="781" HPOS="1676"/>
                  <String HEIGHT="59"
                          WIDTH="103"
                          VPOS="781"
                          HPOS="1632"
                          CONTENT="quo"/>
                  <SP HEIGHT="59" WIDTH="15" VPOS="781" HPOS="1735"/>
                  <String HEIGHT="59"
                          WIDTH="206"
                          VPOS="781"
                          HPOS="1691"
                          CONTENT="determinat"/>
                  <SP HEIGHT="59" WIDTH="15" VPOS="781" HPOS="1897"/>
                  <String HEIGHT="59"
                          WIDTH="162"
                          VPOS="781"
                          HPOS="1838"
                          CONTENT="theologus"/>
               </TextLine>
               <TextLine ID="r3l16"
                         BASELINE="876"
                         HEIGHT="49"
                         WIDTH="715"
                         VPOS="827"
                         HPOS="1279">
                  <String HEIGHT="49"
                          WIDTH="104"
                          VPOS="827"
                          HPOS="1266"
                          CONTENT="Quod"/>
                  <SP HEIGHT="49" WIDTH="13" VPOS="827" HPOS="1370"/>
                  <String HEIGHT="49"
                          WIDTH="117"
                          VPOS="827"
                          HPOS="1331"
                          CONTENT="autem"/>
                  <SP HEIGHT="49" WIDTH="13" VPOS="827" HPOS="1448"/>
                  <String HEIGHT="49"
                          WIDTH="117"
                          VPOS="827"
                          HPOS="1409"
                          CONTENT="eadem"/>
                  <SP HEIGHT="49" WIDTH="13" VPOS="827" HPOS="1526"/>
                  <String HEIGHT="49"
                          WIDTH="143"
                          VPOS="827"
                          HPOS="1487"
                          CONTENT="veritas"/>
                  <SP HEIGHT="49" WIDTH="13" VPOS="827" HPOS="1630"/>
                  <String HEIGHT="49"
                          WIDTH="130"
                          VPOS="827"
                          HPOS="1591"
                          CONTENT="possit"/>
                  <SP HEIGHT="49" WIDTH="13" VPOS="827" HPOS="1721"/>
                  <String HEIGHT="49"
                          WIDTH="169"
                          VPOS="827"
                          HPOS="1682"
                          CONTENT="pertinere"/>
                  <SP HEIGHT="49" WIDTH="13" VPOS="827" HPOS="1851"/>
                  <String HEIGHT="49" WIDTH="78" VPOS="827" HPOS="1812" CONTENT="ad"/>
                  <SP HEIGHT="49" WIDTH="13" VPOS="827" HPOS="1890"/>
                  <String HEIGHT="49"
                          WIDTH="156"
                          VPOS="827"
                          HPOS="1838"
                          CONTENT="distinctas"/>
               </TextLine>
               <TextLine ID="r3l17"
                         BASELINE="921"
                         HEIGHT="52"
                         WIDTH="709"
                         VPOS="869"
                         HPOS="1282">
                  <String HEIGHT="52"
                          WIDTH="171"
                          VPOS="869"
                          HPOS="1270"
                          CONTENT="scientias."/>
                  <SP HEIGHT="52" WIDTH="12" VPOS="869" HPOS="1441"/>
                  <String HEIGHT="52"
                          WIDTH="110"
                          VPOS="869"
                          HPOS="1404"
                          CONTENT="patet"/>
                  <SP HEIGHT="52" WIDTH="12" VPOS="869" HPOS="1514"/>
                  <String HEIGHT="52" WIDTH="86" VPOS="869" HPOS="1478" CONTENT="per"/>
                  <SP HEIGHT="52" WIDTH="12" VPOS="869" HPOS="1563"/>
                  <String HEIGHT="52"
                          WIDTH="220"
                          VPOS="869"
                          HPOS="1526"
                          CONTENT="commentatorem."/>
                  <SP HEIGHT="52" WIDTH="12" VPOS="869" HPOS="1747"/>
                  <String HEIGHT="52" WIDTH="73" VPOS="869" HPOS="1710" CONTENT="i."/>
                  <SP HEIGHT="52" WIDTH="12" VPOS="869" HPOS="1783"/>
                  <String HEIGHT="52"
                          WIDTH="171"
                          VPOS="869"
                          HPOS="1747"
                          CONTENT="phisicorum"/>
                  <SP HEIGHT="52" WIDTH="12" VPOS="869" HPOS="1918"/>
                  <String HEIGHT="52"
                          WIDTH="122"
                          VPOS="869"
                          HPOS="1869"
                          CONTENT="commento"/>
               </TextLine>
               <TextLine ID="r3l18"
                         BASELINE="967"
                         HEIGHT="44"
                         WIDTH="713"
                         VPOS="923"
                         HPOS="1281">
                  <String HEIGHT="44"
                          WIDTH="182"
                          VPOS="923"
                          HPOS="1267"
                          CONTENT="penultimo"/>
                  <SP HEIGHT="44" WIDTH="14" VPOS="923" HPOS="1449"/>
                  <String HEIGHT="44" WIDTH="98" VPOS="923" HPOS="1407" CONTENT="qua"/>
                  <SP HEIGHT="44" WIDTH="14" VPOS="923" HPOS="1505"/>
                  <String HEIGHT="44"
                          WIDTH="112"
                          VPOS="923"
                          HPOS="1463"
                          CONTENT="vult"/>
                  <SP HEIGHT="44" WIDTH="14" VPOS="923" HPOS="1575"/>
                  <String HEIGHT="44"
                          WIDTH="112"
                          VPOS="923"
                          HPOS="1533"
                          CONTENT="quod"/>
                  <SP HEIGHT="44" WIDTH="14" VPOS="923" HPOS="1644"/>
                  <String HEIGHT="44"
                          WIDTH="168"
                          VPOS="923"
                          HPOS="1603"
                          CONTENT="phisicus"/>
                  <SP HEIGHT="44" WIDTH="14" VPOS="923" HPOS="1770"/>
                  <String HEIGHT="44"
                          WIDTH="140"
                          VPOS="923"
                          HPOS="1728"
                          CONTENT="probat"/>
                  <SP HEIGHT="44" WIDTH="14" VPOS="923" HPOS="1868"/>
                  <String HEIGHT="44"
                          WIDTH="182"
                          VPOS="923"
                          HPOS="1812"
                          CONTENT="substantias"/>
               </TextLine>
               <TextLine ID="r3l19"
                         BASELINE="1007"
                         HEIGHT="47"
                         WIDTH="715"
                         VPOS="960"
                         HPOS="1285">
                  <String HEIGHT="47"
                          WIDTH="175"
                          VPOS="960"
                          HPOS="1272"
                          CONTENT="separatas"/>
                  <SP HEIGHT="47" WIDTH="13" VPOS="960" HPOS="1447"/>
                  <String HEIGHT="47"
                          WIDTH="121"
                          VPOS="960"
                          HPOS="1406"
                          CONTENT="esse:"/>
                  <SP HEIGHT="47" WIDTH="13" VPOS="960" HPOS="1528"/>
                  <String HEIGHT="47" WIDTH="81" VPOS="960" HPOS="1487" CONTENT="et"/>
                  <SP HEIGHT="47" WIDTH="13" VPOS="960" HPOS="1568"/>
                  <String HEIGHT="47"
                          WIDTH="216"
                          VPOS="960"
                          HPOS="1528"
                          CONTENT="metaphisicus"/>
                  <SP HEIGHT="47" WIDTH="13" VPOS="960" HPOS="1744"/>
                  <String HEIGHT="47"
                          WIDTH="162"
                          VPOS="960"
                          HPOS="1703"
                          CONTENT="supponit"/>
                  <SP HEIGHT="47" WIDTH="13" VPOS="960" HPOS="1865"/>
                  <String HEIGHT="47" WIDTH="94" VPOS="960" HPOS="1825" CONTENT="eas"/>
                  <SP HEIGHT="47" WIDTH="13" VPOS="960" HPOS="1919"/>
                  <String HEIGHT="47"
                          WIDTH="121"
                          VPOS="960"
                          HPOS="1879"
                          CONTENT="esse."/>
                  <SP HEIGHT="47" WIDTH="13" VPOS="960" HPOS="2000"/>
                  <String HEIGHT="47" WIDTH="54" VPOS="960" HPOS="1946" CONTENT="si"/>
               </TextLine>
               <TextLine ID="r3l20"
                         BASELINE="1057"
                         HEIGHT="42"
                         WIDTH="719"
                         VPOS="1015"
                         HPOS="1278">
                  <String HEIGHT="42"
                          WIDTH="115"
                          VPOS="1015"
                          HPOS="1268"
                          CONTENT="militer"/>
                  <SP HEIGHT="42" WIDTH="10" VPOS="1015" HPOS="1382"/>
                  <String HEIGHT="42"
                          WIDTH="125"
                          VPOS="1015"
                          HPOS="1351"
                          CONTENT="secundum"/>
                  <SP HEIGHT="42" WIDTH="10" VPOS="1015" HPOS="1476"/>
                  <String HEIGHT="42"
                          WIDTH="115"
                          VPOS="1015"
                          HPOS="1445"
                          CONTENT="aliquos"/>
                  <SP HEIGHT="42" WIDTH="10" VPOS="1015" HPOS="1559"/>
                  <String HEIGHT="42"
                          WIDTH="83"
                          VPOS="1015"
                          HPOS="1528"
                          CONTENT="deum"/>
                  <SP HEIGHT="42" WIDTH="10" VPOS="1015" HPOS="1611"/>
                  <String HEIGHT="42"
                          WIDTH="83"
                          VPOS="1015"
                          HPOS="1580"
                          CONTENT="esse"/>
                  <SP HEIGHT="42" WIDTH="10" VPOS="1015" HPOS="1664"/>
                  <String HEIGHT="42"
                          WIDTH="73"
                          VPOS="1015"
                          HPOS="1632"
                          CONTENT="non"/>
                  <SP HEIGHT="42" WIDTH="10" VPOS="1015" HPOS="1705"/>
                  <String HEIGHT="42"
                          WIDTH="104"
                          VPOS="1015"
                          HPOS="1674"
                          CONTENT="tantum"/>
                  <SP HEIGHT="42" WIDTH="10" VPOS="1015" HPOS="1778"/>
                  <String HEIGHT="42"
                          WIDTH="125"
                          VPOS="1015"
                          HPOS="1747"
                          CONTENT="probatur"/>
                  <SP HEIGHT="42" WIDTH="10" VPOS="1015" HPOS="1872"/>
                  <String HEIGHT="42" WIDTH="63" VPOS="1015" HPOS="1841" CONTENT="in"/>
                  <SP HEIGHT="42" WIDTH="10" VPOS="1015" HPOS="1903"/>
                  <String HEIGHT="42"
                          WIDTH="125"
                          VPOS="1015"
                          HPOS="1872"
                          CONTENT="scientia"/>
                  <SP HEIGHT="42" WIDTH="10" VPOS="1015" HPOS="1997"/>
                  <String HEIGHT="42" WIDTH="42" VPOS="1015" HPOS="1955" CONTENT="su"/>
               </TextLine>
               <TextLine ID="r3l21"
                         BASELINE="1103"
                         HEIGHT="51"
                         WIDTH="713"
                         VPOS="1052"
                         HPOS="1281">
                  <String HEIGHT="51"
                          WIDTH="219"
                          VPOS="1052"
                          HPOS="1267"
                          CONTENT="pernaturali:"/>
                  <SP HEIGHT="51" WIDTH="14" VPOS="1052" HPOS="1487"/>
                  <String HEIGHT="51"
                          WIDTH="96"
                          VPOS="1052"
                          HPOS="1446"
                          CONTENT="sed"/>
                  <SP HEIGHT="51" WIDTH="14" VPOS="1052" HPOS="1542"/>
                  <String HEIGHT="51"
                          WIDTH="123"
                          VPOS="1052"
                          HPOS="1500"
                          CONTENT="etiam"/>
                  <SP HEIGHT="51" WIDTH="14" VPOS="1052" HPOS="1624"/>
                  <String HEIGHT="51" WIDTH="82" VPOS="1052" HPOS="1583" CONTENT="in"/>
                  <SP HEIGHT="51" WIDTH="14" VPOS="1052" HPOS="1665"/>
                  <String HEIGHT="51"
                          WIDTH="219"
                          VPOS="1052"
                          HPOS="1624"
                          CONTENT="metaphisica."/>
                  <SP HEIGHT="51" WIDTH="14" VPOS="1052" HPOS="1843"/>
                  <String HEIGHT="51"
                          WIDTH="178"
                          VPOS="1052"
                          HPOS="1802"
                          CONTENT="Similiter"/>
                  <SP HEIGHT="51" WIDTH="14" VPOS="1052" HPOS="1980"/>
                  <String HEIGHT="51"
                          WIDTH="69"
                          VPOS="1052"
                          HPOS="1925"
                          CONTENT="po"
                          SUBS_TYPE="HypPart1"
                          SUBS_CONTENT="ponendo"/>
                  <HYP CONTENT="-"/>
               </TextLine>
               <TextLine ID="r3l22"
                         BASELINE="1148"
                         HEIGHT="53"
                         WIDTH="712"
                         VPOS="1095"
                         HPOS="1279">
                  <String HEIGHT="53"
                          WIDTH="112"
                          VPOS="1095"
                          HPOS="1267"
                          CONTENT="nendo"
                          SUBS_TYPE="HypPart2"
                          SUBS_CONTENT="ponendo"/>
                  <SP HEIGHT="53" WIDTH="12" VPOS="1095" HPOS="1379"/>
                  <String HEIGHT="53"
                          WIDTH="100"
                          VPOS="1095"
                          HPOS="1341"
                          CONTENT="quod"/>
                  <SP HEIGHT="53" WIDTH="12" VPOS="1095" HPOS="1441"/>
                  <String HEIGHT="53"
                          WIDTH="87"
                          VPOS="1095"
                          HPOS="1404"
                          CONTENT="hoc"/>
                  <SP HEIGHT="53" WIDTH="12" VPOS="1095" HPOS="1491"/>
                  <String HEIGHT="53"
                          WIDTH="87"
                          VPOS="1095"
                          HPOS="1454"
                          CONTENT="non"/>
                  <SP HEIGHT="53" WIDTH="12" VPOS="1095" HPOS="1541"/>
                  <String HEIGHT="53"
                          WIDTH="87"
                          VPOS="1095"
                          HPOS="1504"
                          CONTENT="est"/>
                  <SP HEIGHT="53" WIDTH="12" VPOS="1095" HPOS="1591"/>
                  <String HEIGHT="53"
                          WIDTH="162"
                          VPOS="1095"
                          HPOS="1554"
                          CONTENT="possibile"/>
                  <SP HEIGHT="53" WIDTH="12" VPOS="1095" HPOS="1716"/>
                  <String HEIGHT="53" WIDTH="75" VPOS="1095" HPOS="1679" CONTENT="de"/>
                  <SP HEIGHT="53" WIDTH="12" VPOS="1095" HPOS="1754"/>
                  <String HEIGHT="53"
                          WIDTH="162"
                          VPOS="1095"
                          HPOS="1716"
                          CONTENT="scientiis"/>
                  <SP HEIGHT="53" WIDTH="12" VPOS="1095" HPOS="1879"/>
                  <String HEIGHT="53"
                          WIDTH="162"
                          VPOS="1095"
                          HPOS="1829"
                          CONTENT="naturaliter"/>
               </TextLine>
               <TextLine ID="r3l23"
                         BASELINE="1187"
                         HEIGHT="52"
                         WIDTH="706"
                         VPOS="1135"
                         HPOS="1276">
                  <String HEIGHT="52"
                          WIDTH="179"
                          VPOS="1135"
                          HPOS="1264"
                          CONTENT="acquisitis:"/>
                  <SP HEIGHT="52" WIDTH="12" VPOS="1135" HPOS="1444"/>
                  <String HEIGHT="52"
                          WIDTH="108"
                          VPOS="1135"
                          HPOS="1408"
                          CONTENT="tamen"/>
                  <SP HEIGHT="52" WIDTH="12" VPOS="1135" HPOS="1515"/>
                  <String HEIGHT="52"
                          WIDTH="108"
                          VPOS="1135"
                          HPOS="1479"
                          CONTENT="eadem"/>
                  <SP HEIGHT="52" WIDTH="12" VPOS="1135" HPOS="1587"/>
                  <String HEIGHT="52"
                          WIDTH="132"
                          VPOS="1135"
                          HPOS="1551"
                          CONTENT="veritas"/>
                  <SP HEIGHT="52" WIDTH="12" VPOS="1135" HPOS="1683"/>
                  <String HEIGHT="52"
                          WIDTH="120"
                          VPOS="1135"
                          HPOS="1647"
                          CONTENT="potest"/>
                  <SP HEIGHT="52" WIDTH="12" VPOS="1135" HPOS="1767"/>
                  <String HEIGHT="52"
                          WIDTH="156"
                          VPOS="1135"
                          HPOS="1731"
                          CONTENT="pertinere"/>
                  <SP HEIGHT="52" WIDTH="12" VPOS="1135" HPOS="1886"/>
                  <String HEIGHT="52" WIDTH="72" VPOS="1135" HPOS="1850" CONTENT="ad"/>
                  <SP HEIGHT="52" WIDTH="12" VPOS="1135" HPOS="1922"/>
                  <String HEIGHT="52"
                          WIDTH="108"
                          VPOS="1135"
                          HPOS="1874"
                          CONTENT="aliquam"/>
               </TextLine>
               <TextLine ID="r3l24"
                         BASELINE="1235"
                         HEIGHT="49"
                         WIDTH="713"
                         VPOS="1186"
                         HPOS="1274">
                  <String HEIGHT="49"
                          WIDTH="143"
                          VPOS="1186"
                          HPOS="1262"
                          CONTENT="scientam"/>
                  <SP HEIGHT="49" WIDTH="12" VPOS="1186" HPOS="1405"/>
                  <String HEIGHT="49"
                          WIDTH="131"
                          VPOS="1186"
                          HPOS="1369"
                          CONTENT="proprie"/>
                  <SP HEIGHT="49" WIDTH="12" VPOS="1186" HPOS="1500"/>
                  <String HEIGHT="49"
                          WIDTH="131"
                          VPOS="1186"
                          HPOS="1464"
                          CONTENT="dictam:"/>
                  <SP HEIGHT="49" WIDTH="12" VPOS="1186" HPOS="1595"/>
                  <String HEIGHT="49" WIDTH="71" VPOS="1186" HPOS="1559" CONTENT="et"/>
                  <SP HEIGHT="49" WIDTH="12" VPOS="1186" HPOS="1630"/>
                  <String HEIGHT="49"
                          WIDTH="107"
                          VPOS="1186"
                          HPOS="1595"
                          CONTENT="aliam"/>
                  <SP HEIGHT="49" WIDTH="12" VPOS="1186" HPOS="1702"/>
                  <String HEIGHT="49"
                          WIDTH="154"
                          VPOS="1186"
                          HPOS="1666"
                          CONTENT="scientiam"/>
                  <SP HEIGHT="49" WIDTH="12" VPOS="1186" HPOS="1821"/>
                  <String HEIGHT="49"
                          WIDTH="107"
                          VPOS="1186"
                          HPOS="1785"
                          CONTENT="large"/>
                  <SP HEIGHT="49" WIDTH="12" VPOS="1186" HPOS="1892"/>
                  <String HEIGHT="49"
                          WIDTH="119"
                          VPOS="1186"
                          HPOS="1856"
                          CONTENT="dictam"/>
                  <SP HEIGHT="49" WIDTH="12" VPOS="1186" HPOS="1975"/>
                  <String HEIGHT="49"
                          WIDTH="59"
                          VPOS="1186"
                          HPOS="1928"
                          CONTENT="pro"/>
               </TextLine>
               <TextLine ID="r3l25"
                         BASELINE="1281"
                         HEIGHT="52"
                         WIDTH="715"
                         VPOS="1229"
                         HPOS="1278">
                  <String HEIGHT="52"
                          WIDTH="137"
                          VPOS="1229"
                          HPOS="1263"
                          CONTENT="firma"/>
                  <SP HEIGHT="52" WIDTH="15" VPOS="1229" HPOS="1400"/>
                  <String HEIGHT="52"
                          WIDTH="213"
                          VPOS="1229"
                          HPOS="1354"
                          CONTENT="adhesione:"/>
                  <SP HEIGHT="52" WIDTH="15" VPOS="1229" HPOS="1567"/>
                  <String HEIGHT="52"
                          WIDTH="137"
                          VPOS="1229"
                          HPOS="1521"
                          CONTENT="sicut"/>
                  <SP HEIGHT="52" WIDTH="15" VPOS="1229" HPOS="1658"/>
                  <String HEIGHT="52"
                          WIDTH="198"
                          VPOS="1229"
                          HPOS="1613"
                          CONTENT="theologia"/>
                  <SP HEIGHT="52" WIDTH="15" VPOS="1229" HPOS="1810"/>
                  <String HEIGHT="52"
                          WIDTH="106"
                          VPOS="1229"
                          HPOS="1765"
                          CONTENT="est"/>
                  <SP HEIGHT="52" WIDTH="15" VPOS="1229" HPOS="1871"/>
                  <String HEIGHT="52"
                          WIDTH="106"
                          VPOS="1229"
                          HPOS="1826"
                          CONTENT="pro"/>
                  <SP HEIGHT="52" WIDTH="15" VPOS="1229" HPOS="1932"/>
                  <String HEIGHT="52"
                          WIDTH="122"
                          VPOS="1229"
                          HPOS="1871"
                          CONTENT="maxima"/>
               </TextLine>
               <TextLine ID="r3l26"
                         BASELINE="1328"
                         HEIGHT="64"
                         WIDTH="722"
                         VPOS="1264"
                         HPOS="1272">
                  <String HEIGHT="64"
                          WIDTH="99"
                          VPOS="1264"
                          HPOS="1258"
                          CONTENT="sui"/>
                  <SP HEIGHT="64" WIDTH="14" VPOS="1264" HPOS="1357"/>
                  <String HEIGHT="64"
                          WIDTH="142"
                          VPOS="1264"
                          HPOS="1314"
                          CONTENT="parte:"/>
                  <SP HEIGHT="64" WIDTH="14" VPOS="1264" HPOS="1456"/>
                  <String HEIGHT="64"
                          WIDTH="127"
                          VPOS="1264"
                          HPOS="1414"
                          CONTENT="sicut"/>
                  <SP HEIGHT="64" WIDTH="14" VPOS="1264" HPOS="1541"/>
                  <String HEIGHT="64"
                          WIDTH="142"
                          VPOS="1264"
                          HPOS="1499"
                          CONTENT="postea"/>
                  <SP HEIGHT="64" WIDTH="14" VPOS="1264" HPOS="1640"/>
                  <String HEIGHT="64"
                          WIDTH="170"
                          VPOS="1264"
                          HPOS="1598"
                          CONTENT="patebit."/>
                  <SP HEIGHT="64" WIDTH="14" VPOS="1264" HPOS="1767"/>
                  <String HEIGHT="64" WIDTH="71" VPOS="1264" HPOS="1725" CONTENT="⁋"/>
                  <SP HEIGHT="64" WIDTH="14" VPOS="1264" HPOS="1796"/>
                  <String HEIGHT="64"
                          WIDTH="142"
                          VPOS="1264"
                          HPOS="1753"
                          CONTENT="Aliter"/>
                  <SP HEIGHT="64" WIDTH="14" VPOS="1264" HPOS="1895"/>
                  <String HEIGHT="64"
                          WIDTH="156"
                          VPOS="1264"
                          HPOS="1838"
                          CONTENT="accipitur"/>
               </TextLine>
               <TextLine ID="r3l27"
                         BASELINE="1359"
                         HEIGHT="49"
                         WIDTH="716"
                         VPOS="1310"
                         HPOS="1281">
                  <String HEIGHT="49"
                          WIDTH="162"
                          VPOS="1310"
                          HPOS="1267"
                          CONTENT="scientia"/>
                  <SP HEIGHT="49" WIDTH="14" VPOS="1310" HPOS="1430"/>
                  <String HEIGHT="49"
                          WIDTH="95"
                          VPOS="1310"
                          HPOS="1389"
                          CONTENT="pro"/>
                  <SP HEIGHT="49" WIDTH="14" VPOS="1310" HPOS="1484"/>
                  <String HEIGHT="49"
                          WIDTH="135"
                          VPOS="1310"
                          HPOS="1443"
                          CONTENT="habitu"/>
                  <SP HEIGHT="49" WIDTH="14" VPOS="1310" HPOS="1578"/>
                  <String HEIGHT="49"
                          WIDTH="176"
                          VPOS="1310"
                          HPOS="1538"
                          CONTENT="existente"/>
                  <SP HEIGHT="49" WIDTH="14" VPOS="1310" HPOS="1713"/>
                  <String HEIGHT="49" WIDTH="81" VPOS="1310" HPOS="1673" CONTENT="in"/>
                  <SP HEIGHT="49" WIDTH="14" VPOS="1310" HPOS="1754"/>
                  <String HEIGHT="49"
                          WIDTH="135"
                          VPOS="1310"
                          HPOS="1713"
                          CONTENT="genere"/>
                  <SP HEIGHT="49" WIDTH="14" VPOS="1310" HPOS="1848"/>
                  <String HEIGHT="49"
                          WIDTH="189"
                          VPOS="1310"
                          HPOS="1808"
                          CONTENT="qualitatis"/>
                  <SP HEIGHT="49" WIDTH="14" VPOS="1310" HPOS="1997"/>
                  <String HEIGHT="49" WIDTH="54" VPOS="1310" HPOS="1943" CONTENT="di"/>
               </TextLine>
               <TextLine ID="r3l28"
                         BASELINE="1406"
                         HEIGHT="50"
                         WIDTH="715"
                         VPOS="1356"
                         HPOS="1279">
                  <String HEIGHT="50"
                          WIDTH="116"
                          VPOS="1356"
                          HPOS="1268"
                          CONTENT="stincto"/>
                  <SP HEIGHT="50" WIDTH="11" VPOS="1356" HPOS="1384"/>
                  <String HEIGHT="50"
                          WIDTH="105"
                          VPOS="1356"
                          HPOS="1353"
                          CONTENT="contra"/>
                  <SP HEIGHT="50" WIDTH="11" VPOS="1356" HPOS="1458"/>
                  <String HEIGHT="50"
                          WIDTH="95"
                          VPOS="1356"
                          HPOS="1426"
                          CONTENT="alios"/>
                  <SP HEIGHT="50" WIDTH="11" VPOS="1356" HPOS="1521"/>
                  <String HEIGHT="50"
                          WIDTH="116"
                          VPOS="1356"
                          HPOS="1489"
                          CONTENT="habitus"/>
                  <SP HEIGHT="50" WIDTH="11" VPOS="1356" HPOS="1605"/>
                  <String HEIGHT="50"
                          WIDTH="189"
                          VPOS="1356"
                          HPOS="1573"
                          CONTENT="intellectuales"/>
                  <SP HEIGHT="50" WIDTH="11" VPOS="1356" HPOS="1763"/>
                  <String HEIGHT="50"
                          WIDTH="126"
                          VPOS="1356"
                          HPOS="1731"
                          CONTENT="scilicet"/>
                  <SP HEIGHT="50" WIDTH="11" VPOS="1356" HPOS="1857"/>
                  <String HEIGHT="50"
                          WIDTH="105"
                          VPOS="1356"
                          HPOS="1826"
                          CONTENT="contra"/>
                  <SP HEIGHT="50" WIDTH="11" VPOS="1356" HPOS="1931"/>
                  <String HEIGHT="50"
                          WIDTH="105"
                          VPOS="1356"
                          HPOS="1889"
                          CONTENT="intelle"
                          SUBS_TYPE="HypPart1"
                          SUBS_CONTENT="intellectum:"/>
                  <HYP CONTENT="-"/>
               </TextLine>
               <TextLine ID="r3l29"
                         BASELINE="1444"
                         HEIGHT="49"
                         WIDTH="711"
                         VPOS="1395"
                         HPOS="1289">
                  <String HEIGHT="49"
                          WIDTH="114"
                          VPOS="1395"
                          HPOS="1276"
                          CONTENT="ctum:"
                          SUBS_TYPE="HypPart2"
                          SUBS_CONTENT="intellectum:"/>
                  <SP HEIGHT="49" WIDTH="13" VPOS="1395" HPOS="1391"/>
                  <String HEIGHT="49"
                          WIDTH="190"
                          VPOS="1395"
                          HPOS="1352"
                          CONTENT="sapientiam:"/>
                  <SP HEIGHT="49" WIDTH="13" VPOS="1395" HPOS="1543"/>
                  <String HEIGHT="49"
                          WIDTH="127"
                          VPOS="1395"
                          HPOS="1505"
                          CONTENT="artem:"/>
                  <SP HEIGHT="49" WIDTH="13" VPOS="1395" HPOS="1632"/>
                  <String HEIGHT="49" WIDTH="76" VPOS="1395" HPOS="1594" CONTENT="et"/>
                  <SP HEIGHT="49" WIDTH="13" VPOS="1395" HPOS="1670"/>
                  <String HEIGHT="49"
                          WIDTH="190"
                          VPOS="1395"
                          HPOS="1632"
                          CONTENT="prudentiam:"/>
                  <SP HEIGHT="49" WIDTH="13" VPOS="1395" HPOS="1822"/>
                  <String HEIGHT="49" WIDTH="76" VPOS="1395" HPOS="1784" CONTENT="et"/>
                  <SP HEIGHT="49" WIDTH="13" VPOS="1395" HPOS="1860"/>
                  <String HEIGHT="49"
                          WIDTH="102"
                          VPOS="1395"
                          HPOS="1822"
                          CONTENT="illo"/>
                  <SP HEIGHT="49" WIDTH="13" VPOS="1395" HPOS="1924"/>
                  <String HEIGHT="49"
                          WIDTH="102"
                          VPOS="1395"
                          HPOS="1886"
                          CONTENT="modo"/>
                  <SP HEIGHT="49" WIDTH="13" VPOS="1395" HPOS="1987"/>
                  <String HEIGHT="49"
                          WIDTH="63"
                          VPOS="1395"
                          HPOS="1937"
                          CONTENT="ea"
                          SUBS_TYPE="HypPart1"
                          SUBS_CONTENT="eadem"/>
                  <HYP CONTENT="-"/>
               </TextLine>
               <TextLine ID="r3l30"
                         BASELINE="1494"
                         HEIGHT="53"
                         WIDTH="713"
                         VPOS="1441"
                         HPOS="1287">
                  <String HEIGHT="53"
                          WIDTH="92"
                          VPOS="1441"
                          HPOS="1274"
                          CONTENT="dem"
                          SUBS_TYPE="HypPart2"
                          SUBS_CONTENT="eadem"/>
                  <SP HEIGHT="53" WIDTH="13" VPOS="1441" HPOS="1366"/>
                  <String HEIGHT="53"
                          WIDTH="145"
                          VPOS="1441"
                          HPOS="1327"
                          CONTENT="veritas"/>
                  <SP HEIGHT="53" WIDTH="13" VPOS="1441" HPOS="1472"/>
                  <String HEIGHT="53"
                          WIDTH="92"
                          VPOS="1441"
                          HPOS="1432"
                          CONTENT="non"/>
                  <SP HEIGHT="53" WIDTH="13" VPOS="1441" HPOS="1525"/>
                  <String HEIGHT="53"
                          WIDTH="158"
                          VPOS="1441"
                          HPOS="1485"
                          CONTENT="pertinet"/>
                  <SP HEIGHT="53" WIDTH="13" VPOS="1441" HPOS="1644"/>
                  <String HEIGHT="53" WIDTH="79" VPOS="1441" HPOS="1604" CONTENT="ad"/>
                  <SP HEIGHT="53" WIDTH="13" VPOS="1441" HPOS="1683"/>
                  <String HEIGHT="53"
                          WIDTH="185"
                          VPOS="1441"
                          HPOS="1644"
                          CONTENT="distinctas"/>
                  <SP HEIGHT="53" WIDTH="13" VPOS="1441" HPOS="1828"/>
                  <String HEIGHT="53"
                          WIDTH="185"
                          VPOS="1441"
                          HPOS="1789"
                          CONTENT="scientias:"/>
                  <SP HEIGHT="53" WIDTH="13" VPOS="1441" HPOS="1974"/>
                  <String HEIGHT="53"
                          WIDTH="79"
                          VPOS="1441"
                          HPOS="1921"
                          CONTENT="quia"/>
               </TextLine>
               <TextLine ID="r3l31"
                         BASELINE="1535"
                         HEIGHT="47"
                         WIDTH="707"
                         VPOS="1488"
                         HPOS="1290">
                  <String HEIGHT="47"
                          WIDTH="110"
                          VPOS="1488"
                          HPOS="1278"
                          CONTENT="vnius"/>
                  <SP HEIGHT="47" WIDTH="12" VPOS="1488" HPOS="1388"/>
                  <String HEIGHT="47"
                          WIDTH="195"
                          VPOS="1488"
                          HPOS="1351"
                          CONTENT="conclusionis"/>
                  <SP HEIGHT="47" WIDTH="12" VPOS="1488" HPOS="1546"/>
                  <String HEIGHT="47"
                          WIDTH="85"
                          VPOS="1488"
                          HPOS="1509"
                          CONTENT="non"/>
                  <SP HEIGHT="47" WIDTH="12" VPOS="1488" HPOS="1595"/>
                  <String HEIGHT="47"
                          WIDTH="85"
                          VPOS="1488"
                          HPOS="1558"
                          CONTENT="est"/>
                  <SP HEIGHT="47" WIDTH="12" VPOS="1488" HPOS="1644"/>
                  <String HEIGHT="47"
                          WIDTH="98"
                          VPOS="1488"
                          HPOS="1607"
                          CONTENT="nisi"/>
                  <SP HEIGHT="47" WIDTH="12" VPOS="1488" HPOS="1704"/>
                  <String HEIGHT="47"
                          WIDTH="85"
                          VPOS="1488"
                          HPOS="1668"
                          CONTENT="vna"/>
                  <SP HEIGHT="47" WIDTH="12" VPOS="1488" HPOS="1753"/>
                  <String HEIGHT="47"
                          WIDTH="146"
                          VPOS="1488"
                          HPOS="1717"
                          CONTENT="scientia"/>
                  <SP HEIGHT="47" WIDTH="12" VPOS="1488" HPOS="1863"/>
                  <String HEIGHT="47"
                          WIDTH="98"
                          VPOS="1488"
                          HPOS="1826"
                          CONTENT="illo"/>
                  <SP HEIGHT="47" WIDTH="12" VPOS="1488" HPOS="1924"/>
                  <String HEIGHT="47"
                          WIDTH="98"
                          VPOS="1488"
                          HPOS="1887"
                          CONTENT="modo"/>
                  <SP HEIGHT="47" WIDTH="12" VPOS="1488" HPOS="1985"/>
                  <String HEIGHT="47"
                          WIDTH="61"
                          VPOS="1488"
                          HPOS="1936"
                          CONTENT="di"
                          SUBS_TYPE="HypPart1"
                          SUBS_CONTENT="dicta:"/>
                  <HYP CONTENT="-"/>
               </TextLine>
               <TextLine ID="r3l32"
                         BASELINE="1578"
                         HEIGHT="43"
                         WIDTH="712"
                         VPOS="1535"
                         HPOS="1285">
                  <String HEIGHT="43"
                          WIDTH="112"
                          VPOS="1535"
                          HPOS="1271"
                          CONTENT="cta:"
                          SUBS_TYPE="HypPart2"
                          SUBS_CONTENT="dicta:"/>
                  <SP HEIGHT="43" WIDTH="14" VPOS="1535" HPOS="1383"/>
                  <String HEIGHT="43"
                          WIDTH="112"
                          VPOS="1535"
                          HPOS="1341"
                          CONTENT="quia"/>
                  <SP HEIGHT="43" WIDTH="14" VPOS="1535" HPOS="1453"/>
                  <String HEIGHT="43"
                          WIDTH="168"
                          VPOS="1535"
                          HPOS="1411"
                          CONTENT="quelibet"/>
                  <SP HEIGHT="43" WIDTH="14" VPOS="1535" HPOS="1578"/>
                  <String HEIGHT="43"
                          WIDTH="126"
                          VPOS="1535"
                          HPOS="1536"
                          CONTENT="talis"/>
                  <SP HEIGHT="43" WIDTH="14" VPOS="1535" HPOS="1662"/>
                  <String HEIGHT="43"
                          WIDTH="168"
                          VPOS="1535"
                          HPOS="1620"
                          CONTENT="scientia"/>
                  <SP HEIGHT="43" WIDTH="14" VPOS="1535" HPOS="1788"/>
                  <String HEIGHT="43"
                          WIDTH="98"
                          VPOS="1535"
                          HPOS="1746"
                          CONTENT="est"/>
                  <SP HEIGHT="43" WIDTH="14" VPOS="1535" HPOS="1843"/>
                  <String HEIGHT="43"
                          WIDTH="98"
                          VPOS="1535"
                          HPOS="1802"
                          CONTENT="vna"/>
                  <SP HEIGHT="43" WIDTH="14" VPOS="1535" HPOS="1899"/>
                  <String HEIGHT="43"
                          WIDTH="98"
                          VPOS="1535"
                          HPOS="1857"
                          CONTENT="res"/>
                  <SP HEIGHT="43" WIDTH="14" VPOS="1535" HPOS="1955"/>
                  <String HEIGHT="43"
                          WIDTH="98"
                          VPOS="1535"
                          HPOS="1899"
                          CONTENT="nume"
                          SUBS_TYPE="HypPart1"
                          SUBS_CONTENT="numero:"/>
                  <HYP CONTENT="-"/>
               </TextLine>
               <TextLine ID="r3l33"
                         BASELINE="1626"
                         HEIGHT="48"
                         WIDTH="718"
                         VPOS="1578"
                         HPOS="1278">
                  <String HEIGHT="48"
                          WIDTH="90"
                          VPOS="1578"
                          HPOS="1265"
                          CONTENT="ro:"
                          SUBS_TYPE="HypPart2"
                          SUBS_CONTENT="numero:"/>
                  <SP HEIGHT="48" WIDTH="13" VPOS="1578" HPOS="1355"/>
                  <String HEIGHT="48"
                          WIDTH="90"
                          VPOS="1578"
                          HPOS="1316"
                          CONTENT="non"/>
                  <SP HEIGHT="48" WIDTH="13" VPOS="1578" HPOS="1406"/>
                  <String HEIGHT="48"
                          WIDTH="167"
                          VPOS="1578"
                          HPOS="1368"
                          CONTENT="continens"/>
                  <SP HEIGHT="48" WIDTH="13" VPOS="1578" HPOS="1534"/>
                  <String HEIGHT="48"
                          WIDTH="154"
                          VPOS="1578"
                          HPOS="1496"
                          CONTENT="notitiam"/>
                  <SP HEIGHT="48" WIDTH="13" VPOS="1578" HPOS="1650"/>
                  <String HEIGHT="48"
                          WIDTH="141"
                          VPOS="1578"
                          HPOS="1611"
                          CONTENT="aliarum"/>
                  <SP HEIGHT="48" WIDTH="13" VPOS="1578" HPOS="1752"/>
                  <String HEIGHT="48"
                          WIDTH="218"
                          VPOS="1578"
                          HPOS="1714"
                          CONTENT="praemissarum:"/>
                  <SP HEIGHT="48" WIDTH="13" VPOS="1578" HPOS="1932"/>
                  <String HEIGHT="48"
                          WIDTH="90"
                          VPOS="1578"
                          HPOS="1893"
                          CONTENT="nec"/>
                  <SP HEIGHT="48" WIDTH="13" VPOS="1578" HPOS="1983"/>
                  <String HEIGHT="48"
                          WIDTH="64"
                          VPOS="1578"
                          HPOS="1932"
                          CONTENT="plu"/>
               </TextLine>
               <TextLine ID="r3l34"
                         BASELINE="1671"
                         HEIGHT="47"
                         WIDTH="713"
                         VPOS="1624"
                         HPOS="1284">
                  <String HEIGHT="47"
                          WIDTH="127"
                          VPOS="1624"
                          HPOS="1273"
                          CONTENT="rimarum"/>
                  <SP HEIGHT="47" WIDTH="12" VPOS="1624" HPOS="1399"/>
                  <String HEIGHT="47"
                          WIDTH="196"
                          VPOS="1624"
                          HPOS="1365"
                          CONTENT="conclusionum."/>
                  <SP HEIGHT="47" WIDTH="12" VPOS="1624" HPOS="1560"/>
                  <String HEIGHT="47" WIDTH="69" VPOS="1624" HPOS="1526" CONTENT="Et"/>
                  <SP HEIGHT="47" WIDTH="12" VPOS="1624" HPOS="1595"/>
                  <String HEIGHT="47" WIDTH="69" VPOS="1624" HPOS="1560" CONTENT="si"/>
                  <SP HEIGHT="47" WIDTH="12" VPOS="1624" HPOS="1629"/>
                  <String HEIGHT="47"
                          WIDTH="127"
                          VPOS="1624"
                          HPOS="1595"
                          CONTENT="dicatur"/>
                  <SP HEIGHT="47" WIDTH="12" VPOS="1624" HPOS="1721"/>
                  <String HEIGHT="47"
                          WIDTH="92"
                          VPOS="1624"
                          HPOS="1687"
                          CONTENT="quod"/>
                  <SP HEIGHT="47" WIDTH="12" VPOS="1624" HPOS="1779"/>
                  <String HEIGHT="47"
                          WIDTH="138"
                          VPOS="1624"
                          HPOS="1744"
                          CONTENT="secundum"/>
                  <SP HEIGHT="47" WIDTH="12" VPOS="1624" HPOS="1882"/>
                  <String HEIGHT="47"
                          WIDTH="150"
                          VPOS="1624"
                          HPOS="1848"
                          CONTENT="praedicta"/>
                  <SP HEIGHT="47" WIDTH="12" VPOS="1624" HPOS="1997"/>
                  <String HEIGHT="47" WIDTH="46" VPOS="1624" HPOS="1951" CONTENT="ea"/>
               </TextLine>
               <TextLine ID="r3l35"
                         BASELINE="1706"
                         HEIGHT="44"
                         WIDTH="697"
                         VPOS="1662"
                         HPOS="1294">
                  <String HEIGHT="44"
                          WIDTH="89"
                          VPOS="1662"
                          HPOS="1281"
                          CONTENT="dem"/>
                  <SP HEIGHT="44" WIDTH="13" VPOS="1662" HPOS="1370"/>
                  <String HEIGHT="44"
                          WIDTH="165"
                          VPOS="1662"
                          HPOS="1332"
                          CONTENT="conclusio"/>
                  <SP HEIGHT="44" WIDTH="13" VPOS="1662" HPOS="1497"/>
                  <String HEIGHT="44"
                          WIDTH="127"
                          VPOS="1662"
                          HPOS="1459"
                          CONTENT="potest"/>
                  <SP HEIGHT="44" WIDTH="13" VPOS="1662" HPOS="1585"/>
                  <String HEIGHT="44"
                          WIDTH="89"
                          VPOS="1662"
                          HPOS="1547"
                          CONTENT="per"/>
                  <SP HEIGHT="44" WIDTH="13" VPOS="1662" HPOS="1636"/>
                  <String HEIGHT="44"
                          WIDTH="152"
                          VPOS="1662"
                          HPOS="1598"
                          CONTENT="diuersas"/>
                  <SP HEIGHT="44" WIDTH="13" VPOS="1662" HPOS="1750"/>
                  <String HEIGHT="44"
                          WIDTH="177"
                          VPOS="1662"
                          HPOS="1712"
                          CONTENT="praemissas"/>
                  <SP HEIGHT="44" WIDTH="13" VPOS="1662" HPOS="1890"/>
                  <String HEIGHT="44"
                          WIDTH="152"
                          VPOS="1662"
                          HPOS="1839"
                          CONTENT="demonstra"
                          SUBS_TYPE="HypPart1"
                          SUBS_CONTENT="demonstrari"/>
                  <HYP CONTENT="-"/>
               </TextLine>
               <TextLine ID="r3l36"
                         BASELINE="1759"
                         HEIGHT="56"
                         WIDTH="709"
                         VPOS="1703"
                         HPOS="1285">
                  <String HEIGHT="56"
                          WIDTH="77"
                          VPOS="1703"
                          HPOS="1272"
                          CONTENT="ri"
                          SUBS_TYPE="HypPart2"
                          SUBS_CONTENT="demonstrari"/>
                  <SP HEIGHT="56" WIDTH="13" VPOS="1703" HPOS="1349"/>
                  <String HEIGHT="56"
                          WIDTH="129"
                          VPOS="1703"
                          HPOS="1311"
                          CONTENT="saltem"/>
                  <SP HEIGHT="56" WIDTH="13" VPOS="1703" HPOS="1440"/>
                  <String HEIGHT="56"
                          WIDTH="232"
                          VPOS="1703"
                          HPOS="1401"
                          CONTENT="demonstratione"/>
                  <SP HEIGHT="56" WIDTH="13" VPOS="1703" HPOS="1633"/>
                  <String HEIGHT="56"
                          WIDTH="116"
                          VPOS="1703"
                          HPOS="1594"
                          CONTENT="quia:"/>
                  <SP HEIGHT="56" WIDTH="13" VPOS="1703" HPOS="1710"/>
                  <String HEIGHT="56"
                          WIDTH="90"
                          VPOS="1703"
                          HPOS="1672"
                          CONTENT="sed"/>
                  <SP HEIGHT="56" WIDTH="13" VPOS="1703" HPOS="1762"/>
                  <String HEIGHT="56"
                          WIDTH="168"
                          VPOS="1703"
                          HPOS="1723"
                          CONTENT="distincte"/>
                  <SP HEIGHT="56" WIDTH="13" VPOS="1703" HPOS="1891"/>
                  <String HEIGHT="56"
                          WIDTH="155"
                          VPOS="1703"
                          HPOS="1839"
                          CONTENT="demonstra"
                          SUBS_TYPE="HypPart1"
                          SUBS_CONTENT="demonstrationes"/>
                  <HYP CONTENT="-"/>
               </TextLine>
               <TextLine ID="r3l37"
                         BASELINE="1796"
                         HEIGHT="47"
                         WIDTH="707"
                         VPOS="1749"
                         HPOS="1290">
                  <String HEIGHT="47"
                          WIDTH="131"
                          VPOS="1749"
                          HPOS="1277"
                          CONTENT="tiones"
                          SUBS_TYPE="HypPart2"
                          SUBS_CONTENT="demonstrationes"/>
                  <SP HEIGHT="47" WIDTH="13" VPOS="1749" HPOS="1408"/>
                  <String HEIGHT="47"
                          WIDTH="144"
                          VPOS="1749"
                          HPOS="1369"
                          CONTENT="causant"/>
                  <SP HEIGHT="47" WIDTH="13" VPOS="1749" HPOS="1513"/>
                  <String HEIGHT="47"
                          WIDTH="183"
                          VPOS="1749"
                          HPOS="1473"
                          CONTENT="distinctas"/>
                  <SP HEIGHT="47" WIDTH="13" VPOS="1749" HPOS="1657"/>
                  <String HEIGHT="47"
                          WIDTH="183"
                          VPOS="1749"
                          HPOS="1617"
                          CONTENT="scientias:"/>
                  <SP HEIGHT="47" WIDTH="13" VPOS="1749" HPOS="1801"/>
                  <String HEIGHT="47"
                          WIDTH="105"
                          VPOS="1749"
                          HPOS="1761"
                          CONTENT="ergo"/>
                  <SP HEIGHT="47" WIDTH="13" VPOS="1749" HPOS="1866"/>
                  <String HEIGHT="47"
                          WIDTH="118"
                          VPOS="1749"
                          HPOS="1827"
                          CONTENT="eadem"/>
                  <SP HEIGHT="47" WIDTH="13" VPOS="1749" HPOS="1945"/>
                  <String HEIGHT="47"
                          WIDTH="105"
                          VPOS="1749"
                          HPOS="1892"
                          CONTENT="conclu"/>
               </TextLine>
               <TextLine ID="r3l38"
                         BASELINE="1839"
                         HEIGHT="50"
                         WIDTH="694"
                         VPOS="1789"
                         HPOS="1297">
                  <String HEIGHT="50"
                          WIDTH="92"
                          VPOS="1789"
                          HPOS="1284"
                          CONTENT="sio"/>
                  <SP HEIGHT="50" WIDTH="13" VPOS="1789" HPOS="1376"/>
                  <String HEIGHT="50"
                          WIDTH="157"
                          VPOS="1789"
                          HPOS="1336"
                          CONTENT="pertinet"/>
                  <SP HEIGHT="50" WIDTH="13" VPOS="1789" HPOS="1493"/>
                  <String HEIGHT="50" WIDTH="79" VPOS="1789" HPOS="1454" CONTENT="ad"/>
                  <SP HEIGHT="50" WIDTH="13" VPOS="1789" HPOS="1533"/>
                  <String HEIGHT="50"
                          WIDTH="183"
                          VPOS="1789"
                          HPOS="1493"
                          CONTENT="distinctas"/>
                  <SP HEIGHT="50" WIDTH="13" VPOS="1789" HPOS="1677"/>
                  <String HEIGHT="50"
                          WIDTH="170"
                          VPOS="1789"
                          HPOS="1637"
                          CONTENT="scientias"/>
                  <SP HEIGHT="50" WIDTH="13" VPOS="1789" HPOS="1808"/>
                  <String HEIGHT="50"
                          WIDTH="105"
                          VPOS="1789"
                          HPOS="1768"
                          CONTENT="illo"/>
                  <SP HEIGHT="50" WIDTH="13" VPOS="1789" HPOS="1873"/>
                  <String HEIGHT="50"
                          WIDTH="105"
                          VPOS="1789"
                          HPOS="1834"
                          CONTENT="modo"/>
                  <SP HEIGHT="50" WIDTH="13" VPOS="1789" HPOS="1939"/>
                  <String HEIGHT="50"
                          WIDTH="105"
                          VPOS="1789"
                          HPOS="1886"
                          CONTENT="dictas"/>
               </TextLine>
               <TextLine ID="r3l39"
                         BASELINE="1883"
                         HEIGHT="49"
                         WIDTH="705"
                         VPOS="1834"
                         HPOS="1294">
                  <String HEIGHT="49"
                          WIDTH="103"
                          VPOS="1834"
                          HPOS="1281"
                          CONTENT="Dico"/>
                  <SP HEIGHT="49" WIDTH="13" VPOS="1834" HPOS="1384"/>
                  <String HEIGHT="49"
                          WIDTH="103"
                          VPOS="1834"
                          HPOS="1345"
                          CONTENT="quod"/>
                  <SP HEIGHT="49" WIDTH="13" VPOS="1834" HPOS="1448"/>
                  <String HEIGHT="49"
                          WIDTH="90"
                          VPOS="1834"
                          HPOS="1409"
                          CONTENT="non"/>
                  <SP HEIGHT="49" WIDTH="13" VPOS="1834" HPOS="1499"/>
                  <String HEIGHT="49"
                          WIDTH="128"
                          VPOS="1834"
                          HPOS="1461"
                          CONTENT="semper"/>
                  <SP HEIGHT="49" WIDTH="13" VPOS="1834" HPOS="1589"/>
                  <String HEIGHT="49"
                          WIDTH="167"
                          VPOS="1834"
                          HPOS="1550"
                          CONTENT="distincte"/>
                  <SP HEIGHT="49" WIDTH="13" VPOS="1834" HPOS="1717"/>
                  <String HEIGHT="49"
                          WIDTH="167"
                          VPOS="1834"
                          HPOS="1679"
                          CONTENT="praemisse"/>
                  <SP HEIGHT="49" WIDTH="13" VPOS="1834" HPOS="1845"/>
                  <String HEIGHT="49"
                          WIDTH="141"
                          VPOS="1834"
                          HPOS="1807"
                          CONTENT="causant"/>
                  <SP HEIGHT="49" WIDTH="13" VPOS="1834" HPOS="1948"/>
                  <String HEIGHT="49"
                          WIDTH="103"
                          VPOS="1834"
                          HPOS="1896"
                          CONTENT="disti"
                          SUBS_TYPE="HypPart1"
                          SUBS_CONTENT="distictas"/>
                  <HYP CONTENT="-"/>
               </TextLine>
               <TextLine ID="r3l40"
                         BASELINE="1931"
                         HEIGHT="50"
                         WIDTH="710"
                         VPOS="1881"
                         HPOS="1293">
                  <String HEIGHT="50"
                          WIDTH="96"
                          VPOS="1881"
                          HPOS="1281"
                          CONTENT="ctas"
                          SUBS_TYPE="HypPart2"
                          SUBS_CONTENT="distictas"/>
                  <SP HEIGHT="50" WIDTH="12" VPOS="1881" HPOS="1377"/>
                  <String HEIGHT="50"
                          WIDTH="168"
                          VPOS="1881"
                          HPOS="1341"
                          CONTENT="scientias:"/>
                  <SP HEIGHT="50" WIDTH="12" VPOS="1881" HPOS="1510"/>
                  <String HEIGHT="50"
                          WIDTH="96"
                          VPOS="1881"
                          HPOS="1474"
                          CONTENT="quia"/>
                  <SP HEIGHT="50" WIDTH="12" VPOS="1881" HPOS="1570"/>
                  <String HEIGHT="50"
                          WIDTH="108"
                          VPOS="1881"
                          HPOS="1534"
                          CONTENT="sicut"/>
                  <SP HEIGHT="50" WIDTH="12" VPOS="1881" HPOS="1642"/>
                  <String HEIGHT="50"
                          WIDTH="96"
                          VPOS="1881"
                          HPOS="1606"
                          CONTENT="idem"/>
                  <SP HEIGHT="50" WIDTH="12" VPOS="1881" HPOS="1702"/>
                  <String HEIGHT="50"
                          WIDTH="108"
                          VPOS="1881"
                          HPOS="1666"
                          CONTENT="calor"/>
                  <SP HEIGHT="50" WIDTH="12" VPOS="1881" HPOS="1774"/>
                  <String HEIGHT="50"
                          WIDTH="120"
                          VPOS="1881"
                          HPOS="1738"
                          CONTENT="specie"/>
                  <SP HEIGHT="50" WIDTH="12" VPOS="1881" HPOS="1859"/>
                  <String HEIGHT="50"
                          WIDTH="120"
                          VPOS="1881"
                          HPOS="1822"
                          CONTENT="potest"/>
                  <SP HEIGHT="50" WIDTH="12" VPOS="1881" HPOS="1943"/>
                  <String HEIGHT="50"
                          WIDTH="108"
                          VPOS="1881"
                          HPOS="1895"
                          CONTENT="produci"/>
               </TextLine>
               <TextLine ID="r3l41"
                         BASELINE="1975"
                         HEIGHT="43"
                         WIDTH="709"
                         VPOS="1932"
                         HPOS="1287">
                  <String HEIGHT="43" WIDTH="66" VPOS="1932" HPOS="1274" CONTENT="a"/>
                  <SP HEIGHT="43" WIDTH="13" VPOS="1932" HPOS="1340"/>
                  <String HEIGHT="43"
                          WIDTH="184"
                          VPOS="1932"
                          HPOS="1300"
                          CONTENT="distinctis"/>
                  <SP HEIGHT="43" WIDTH="13" VPOS="1932" HPOS="1484"/>
                  <String HEIGHT="43"
                          WIDTH="131"
                          VPOS="1932"
                          HPOS="1445"
                          CONTENT="causis"/>
                  <SP HEIGHT="43" WIDTH="13" VPOS="1932" HPOS="1576"/>
                  <String HEIGHT="43"
                          WIDTH="131"
                          VPOS="1932"
                          HPOS="1536"
                          CONTENT="specie"/>
                  <SP HEIGHT="43" WIDTH="13" VPOS="1932" HPOS="1668"/>
                  <String HEIGHT="43"
                          WIDTH="184"
                          VPOS="1932"
                          HPOS="1628"
                          CONTENT="distinctis"/>
                  <SP HEIGHT="43" WIDTH="13" VPOS="1932" HPOS="1812"/>
                  <String HEIGHT="43"
                          WIDTH="158"
                          VPOS="1932"
                          HPOS="1773"
                          CONTENT="scilicet"/>
                  <SP HEIGHT="43" WIDTH="13" VPOS="1932" HPOS="1930"/>
                  <String HEIGHT="43" WIDTH="79" VPOS="1932" HPOS="1891" CONTENT="ab"/>
                  <SP HEIGHT="43" WIDTH="13" VPOS="1932" HPOS="1970"/>
                  <String HEIGHT="43"
                          WIDTH="79"
                          VPOS="1932"
                          HPOS="1917"
                          CONTENT="igne"/>
               </TextLine>
               <TextLine ID="r3l42"
                         BASELINE="2014"
                         HEIGHT="48"
                         WIDTH="718"
                         VPOS="1966"
                         HPOS="1285">
                  <String HEIGHT="48" WIDTH="71" VPOS="1966" HPOS="1273" CONTENT="et"/>
                  <SP HEIGHT="48" WIDTH="12" VPOS="1966" HPOS="1344"/>
                  <String HEIGHT="48"
                          WIDTH="106"
                          VPOS="1966"
                          HPOS="1309"
                          CONTENT="sole:"/>
                  <SP HEIGHT="48" WIDTH="12" VPOS="1966" HPOS="1414"/>
                  <String HEIGHT="48"
                          WIDTH="82"
                          VPOS="1966"
                          HPOS="1379"
                          CONTENT="ita"/>
                  <SP HEIGHT="48" WIDTH="12" VPOS="1966" HPOS="1462"/>
                  <String HEIGHT="48"
                          WIDTH="106"
                          VPOS="1966"
                          HPOS="1426"
                          CONTENT="eadem"/>
                  <SP HEIGHT="48" WIDTH="12" VPOS="1966" HPOS="1532"/>
                  <String HEIGHT="48"
                          WIDTH="141"
                          VPOS="1966"
                          HPOS="1497"
                          CONTENT="scientia"/>
                  <SP HEIGHT="48" WIDTH="12" VPOS="1966" HPOS="1638"/>
                  <String HEIGHT="48"
                          WIDTH="141"
                          VPOS="1966"
                          HPOS="1603"
                          CONTENT="secundum"/>
                  <SP HEIGHT="48" WIDTH="12" VPOS="1966" HPOS="1744"/>
                  <String HEIGHT="48"
                          WIDTH="129"
                          VPOS="1966"
                          HPOS="1709"
                          CONTENT="speciem"/>
                  <SP HEIGHT="48" WIDTH="12" VPOS="1966" HPOS="1838"/>
                  <String HEIGHT="48"
                          WIDTH="118"
                          VPOS="1966"
                          HPOS="1803"
                          CONTENT="potest"/>
                  <SP HEIGHT="48" WIDTH="12" VPOS="1966" HPOS="1921"/>
                  <String HEIGHT="48"
                          WIDTH="129"
                          VPOS="1966"
                          HPOS="1885"
                          CONTENT="causari"/>
                  <SP HEIGHT="48" WIDTH="12" VPOS="1966" HPOS="2015"/>
                  <String HEIGHT="48" WIDTH="35" VPOS="1966" HPOS="1968" CONTENT="a"/>
               </TextLine>
               <TextLine ID="r3l43"
                         BASELINE="2066"
                         HEIGHT="52"
                         WIDTH="703"
                         VPOS="2014"
                         HPOS="1297">
                  <String HEIGHT="52"
                          WIDTH="186"
                          VPOS="2014"
                          HPOS="1284"
                          CONTENT="distinctis"/>
                  <SP HEIGHT="52" WIDTH="13" VPOS="2014" HPOS="1469"/>
                  <String HEIGHT="52"
                          WIDTH="186"
                          VPOS="2014"
                          HPOS="1430"
                          CONTENT="principiis"/>
                  <SP HEIGHT="52" WIDTH="13" VPOS="2014" HPOS="1615"/>
                  <String HEIGHT="52" WIDTH="80" VPOS="2014" HPOS="1576" CONTENT="et"/>
                  <SP HEIGHT="52" WIDTH="13" VPOS="2014" HPOS="1655"/>
                  <String HEIGHT="52"
                          WIDTH="199"
                          VPOS="2014"
                          HPOS="1615"
                          CONTENT="praemissis:"/>
                  <SP HEIGHT="52" WIDTH="13" VPOS="2014" HPOS="1814"/>
                  <String HEIGHT="52"
                          WIDTH="119"
                          VPOS="2014"
                          HPOS="1775"
                          CONTENT="sicut"/>
                  <SP HEIGHT="52" WIDTH="13" VPOS="2014" HPOS="1894"/>
                  <String HEIGHT="52"
                          WIDTH="119"
                          VPOS="2014"
                          HPOS="1854"
                          CONTENT="magis"/>
                  <SP HEIGHT="52" WIDTH="13" VPOS="2014" HPOS="1973"/>
                  <String HEIGHT="52"
                          WIDTH="80"
                          VPOS="2014"
                          HPOS="1920"
                          CONTENT="post"/>
               </TextLine>
               <TextLine ID="line_1597252822637_67"
                         BASELINE="2110"
                         HEIGHT="49"
                         WIDTH="726"
                         VPOS="2061"
                         HPOS="1287">
                  <String HEIGHT="49"
                          WIDTH="161"
                          VPOS="2061"
                          HPOS="1274"
                          CONTENT="patebit."/>
                  <SP HEIGHT="49" WIDTH="13" VPOS="2061" HPOS="1435"/>
                  <String HEIGHT="49" WIDTH="67" VPOS="2061" HPOS="1395" CONTENT="⁋"/>
                  <SP HEIGHT="49" WIDTH="13" VPOS="2061" HPOS="1462"/>
                  <String HEIGHT="49" WIDTH="81" VPOS="2061" HPOS="1421" CONTENT="Ad"/>
                  <SP HEIGHT="49" WIDTH="13" VPOS="2061" HPOS="1502"/>
                  <String HEIGHT="49"
                          WIDTH="161"
                          VPOS="2061"
                          HPOS="1462"
                          CONTENT="secundum"/>
                  <SP HEIGHT="49" WIDTH="13" VPOS="2061" HPOS="1623"/>
                  <String HEIGHT="49"
                          WIDTH="108"
                          VPOS="2061"
                          HPOS="1583"
                          CONTENT="dico"/>
                  <SP HEIGHT="49" WIDTH="13" VPOS="2061" HPOS="1690"/>
                  <String HEIGHT="49"
                          WIDTH="108"
                          VPOS="2061"
                          HPOS="1650"
                          CONTENT="quod"/>
                  <SP HEIGHT="49" WIDTH="13" VPOS="2061" HPOS="1758"/>
                  <String HEIGHT="49"
                          WIDTH="121"
                          VPOS="2061"
                          HPOS="1717"
                          CONTENT="eadem"/>
                  <SP HEIGHT="49" WIDTH="13" VPOS="2061" HPOS="1838"/>
                  <String HEIGHT="49"
                          WIDTH="148"
                          VPOS="2061"
                          HPOS="1798"
                          CONTENT="veritas"/>
                  <SP HEIGHT="49" WIDTH="13" VPOS="2061" HPOS="1946"/>
                  <String HEIGHT="49"
                          WIDTH="121"
                          VPOS="2061"
                          HPOS="1892"
                          CONTENT="pertine"/>
               </TextLine>
               <TextLine ID="r3l45"
                         BASELINE="2150"
                         HEIGHT="58"
                         WIDTH="710"
                         VPOS="2092"
                         HPOS="1287">
                  <String HEIGHT="58" WIDTH="71" VPOS="2092" HPOS="1275" CONTENT="re"/>
                  <SP HEIGHT="58" WIDTH="12" VPOS="2092" HPOS="1346"/>
                  <String HEIGHT="58"
                          WIDTH="118"
                          VPOS="2092"
                          HPOS="1311"
                          CONTENT="potest"/>
                  <SP HEIGHT="58" WIDTH="12" VPOS="2092" HPOS="1429"/>
                  <String HEIGHT="58" WIDTH="71" VPOS="2092" HPOS="1394" CONTENT="ad"/>
                  <SP HEIGHT="58" WIDTH="12" VPOS="2092" HPOS="1465"/>
                  <String HEIGHT="58"
                          WIDTH="142"
                          VPOS="2092"
                          HPOS="1429"
                          CONTENT="vtramque"/>
                  <SP HEIGHT="58" WIDTH="12" VPOS="2092" HPOS="1571"/>
                  <String HEIGHT="58"
                          WIDTH="154"
                          VPOS="2092"
                          HPOS="1536"
                          CONTENT="scientiam"/>
                  <SP HEIGHT="58" WIDTH="12" VPOS="2092" HPOS="1689"/>
                  <String HEIGHT="58"
                          WIDTH="107"
                          VPOS="2092"
                          HPOS="1654"
                          CONTENT="primo"/>
                  <SP HEIGHT="58" WIDTH="12" VPOS="2092" HPOS="1760"/>
                  <String HEIGHT="58"
                          WIDTH="95"
                          VPOS="2092"
                          HPOS="1725"
                          CONTENT="modo"/>
                  <SP HEIGHT="58" WIDTH="12" VPOS="2092" HPOS="1820"/>
                  <String HEIGHT="58"
                          WIDTH="130"
                          VPOS="2092"
                          HPOS="1784"
                          CONTENT="dictam:"/>
                  <SP HEIGHT="58" WIDTH="12" VPOS="2092" HPOS="1914"/>
                  <String HEIGHT="58" WIDTH="71" VPOS="2092" HPOS="1879" CONTENT="et"/>
                  <SP HEIGHT="58" WIDTH="12" VPOS="2092" HPOS="1950"/>
                  <String HEIGHT="58" WIDTH="71" VPOS="2092" HPOS="1914" CONTENT="si"/>
                  <SP HEIGHT="58" WIDTH="12" VPOS="2092" HPOS="1985"/>
                  <String HEIGHT="58"
                          WIDTH="59"
                          VPOS="2092"
                          HPOS="1938"
                          CONTENT="di"
                          SUBS_TYPE="HypPart1"
                          SUBS_CONTENT="dicatur"/>
                  <HYP CONTENT="-"/>
               </TextLine>
               <TextLine ID="r3l46"
                         BASELINE="2193"
                         HEIGHT="51"
                         WIDTH="703"
                         VPOS="2142"
                         HPOS="1294">
                  <String HEIGHT="51"
                          WIDTH="90"
                          VPOS="2142"
                          HPOS="1284"
                          CONTENT="catur"
                          SUBS_TYPE="HypPart2"
                          SUBS_CONTENT="dicatur"/>
                  <SP HEIGHT="51" WIDTH="10" VPOS="2142" HPOS="1374"/>
                  <String HEIGHT="51"
                          WIDTH="80"
                          VPOS="2142"
                          HPOS="1344"
                          CONTENT="quod"/>
                  <SP HEIGHT="51" WIDTH="10" VPOS="2142" HPOS="1425"/>
                  <String HEIGHT="51"
                          WIDTH="80"
                          VPOS="2142"
                          HPOS="1394"
                          CONTENT="tunc"/>
                  <SP HEIGHT="51" WIDTH="10" VPOS="2142" HPOS="1475"/>
                  <String HEIGHT="51"
                          WIDTH="80"
                          VPOS="2142"
                          HPOS="1445"
                          CONTENT="ille"/>
                  <SP HEIGHT="51" WIDTH="10" VPOS="2142" HPOS="1525"/>
                  <String HEIGHT="51"
                          WIDTH="70"
                          VPOS="2142"
                          HPOS="1495"
                          CONTENT="due"/>
                  <SP HEIGHT="51" WIDTH="10" VPOS="2142" HPOS="1565"/>
                  <String HEIGHT="51"
                          WIDTH="121"
                          VPOS="2142"
                          HPOS="1535"
                          CONTENT="scientie"/>
                  <SP HEIGHT="51" WIDTH="10" VPOS="2142" HPOS="1656"/>
                  <String HEIGHT="51"
                          WIDTH="100"
                          VPOS="2142"
                          HPOS="1625"
                          CONTENT="essent"/>
                  <SP HEIGHT="51" WIDTH="10" VPOS="2142" HPOS="1726"/>
                  <String HEIGHT="51"
                          WIDTH="70"
                          VPOS="2142"
                          HPOS="1696"
                          CONTENT="vna"/>
                  <SP HEIGHT="51" WIDTH="10" VPOS="2142" HPOS="1766"/>
                  <String HEIGHT="51"
                          WIDTH="131"
                          VPOS="2142"
                          HPOS="1736"
                          CONTENT="scientia:"/>
                  <SP HEIGHT="51" WIDTH="10" VPOS="2142" HPOS="1866"/>
                  <String HEIGHT="51"
                          WIDTH="70"
                          VPOS="2142"
                          HPOS="1836"
                          CONTENT="sic"/>
                  <SP HEIGHT="51" WIDTH="10" VPOS="2142" HPOS="1907"/>
                  <String HEIGHT="51"
                          WIDTH="121"
                          VPOS="2142"
                          HPOS="1876"
                          CONTENT="scientia"/>
                  <SP HEIGHT="51" WIDTH="10" VPOS="2142" HPOS="1997"/>
                  <String HEIGHT="51" WIDTH="40" VPOS="2142" HPOS="1957" CONTENT="de"/>
               </TextLine>
               <TextLine ID="r3l47"
                         BASELINE="2233"
                         HEIGHT="45"
                         WIDTH="702"
                         VPOS="2188"
                         HPOS="1285">
                  <String HEIGHT="45"
                          WIDTH="110"
                          VPOS="2188"
                          HPOS="1274"
                          CONTENT="anima:"/>
                  <SP HEIGHT="45" WIDTH="11" VPOS="2188" HPOS="1384"/>
                  <String HEIGHT="45" WIDTH="66" VPOS="2188" HPOS="1351" CONTENT="et"/>
                  <SP HEIGHT="45" WIDTH="11" VPOS="2188" HPOS="1417"/>
                  <String HEIGHT="45"
                          WIDTH="132"
                          VPOS="2188"
                          HPOS="1384"
                          CONTENT="scientia"/>
                  <SP HEIGHT="45" WIDTH="11" VPOS="2188" HPOS="1515"/>
                  <String HEIGHT="45" WIDTH="66" VPOS="2188" HPOS="1482" CONTENT="de"/>
                  <SP HEIGHT="45" WIDTH="11" VPOS="2188" HPOS="1548"/>
                  <String HEIGHT="45"
                          WIDTH="99"
                          VPOS="2188"
                          HPOS="1515"
                          CONTENT="anima"/>
                  <SP HEIGHT="45" WIDTH="11" VPOS="2188" HPOS="1614"/>
                  <String HEIGHT="45"
                          WIDTH="176"
                          VPOS="2188"
                          HPOS="1581"
                          CONTENT="intellectiua"/>
                  <SP HEIGHT="45" WIDTH="11" VPOS="2188" HPOS="1757"/>
                  <String HEIGHT="45"
                          WIDTH="88"
                          VPOS="2188"
                          HPOS="1724"
                          CONTENT="sunt"/>
                  <SP HEIGHT="45" WIDTH="11" VPOS="2188" HPOS="1812"/>
                  <String HEIGHT="45"
                          WIDTH="77"
                          VPOS="2188"
                          HPOS="1779"
                          CONTENT="vna"/>
                  <SP HEIGHT="45" WIDTH="11" VPOS="2188" HPOS="1855"/>
                  <String HEIGHT="45"
                          WIDTH="143"
                          VPOS="2188"
                          HPOS="1822"
                          CONTENT="scientia."/>
                  <SP HEIGHT="45" WIDTH="11" VPOS="2188" HPOS="1965"/>
                  <String HEIGHT="45"
                          WIDTH="66"
                          VPOS="2188"
                          HPOS="1921"
                          CONTENT="Dico"/>
               </TextLine>
               <TextLine ID="r3l48"
                         BASELINE="2286"
                         HEIGHT="57"
                         WIDTH="709"
                         VPOS="2229"
                         HPOS="1287">
                  <String HEIGHT="57"
                          WIDTH="85"
                          VPOS="2229"
                          HPOS="1276"
                          CONTENT="quod"/>
                  <SP HEIGHT="57" WIDTH="11" VPOS="2229" HPOS="1361"/>
                  <String HEIGHT="57"
                          WIDTH="74"
                          VPOS="2229"
                          HPOS="1329"
                          CONTENT="non"/>
                  <SP HEIGHT="57" WIDTH="11" VPOS="2229" HPOS="1403"/>
                  <String HEIGHT="57"
                          WIDTH="116"
                          VPOS="2229"
                          HPOS="1372"
                          CONTENT="oportet"/>
                  <SP HEIGHT="57" WIDTH="11" VPOS="2229" HPOS="1488"/>
                  <String HEIGHT="57"
                          WIDTH="85"
                          VPOS="2229"
                          HPOS="1456"
                          CONTENT="quod"/>
                  <SP HEIGHT="57" WIDTH="11" VPOS="2229" HPOS="1541"/>
                  <String HEIGHT="57"
                          WIDTH="85"
                          VPOS="2229"
                          HPOS="1509"
                          CONTENT="ille"/>
                  <SP HEIGHT="57" WIDTH="11" VPOS="2229" HPOS="1594"/>
                  <String HEIGHT="57"
                          WIDTH="74"
                          VPOS="2229"
                          HPOS="1562"
                          CONTENT="due"/>
                  <SP HEIGHT="57" WIDTH="11" VPOS="2229" HPOS="1636"/>
                  <String HEIGHT="57"
                          WIDTH="127"
                          VPOS="2229"
                          HPOS="1604"
                          CONTENT="scientie"/>
                  <SP HEIGHT="57" WIDTH="11" VPOS="2229" HPOS="1731"/>
                  <String HEIGHT="57"
                          WIDTH="116"
                          VPOS="2229"
                          HPOS="1700"
                          CONTENT="faciant"/>
                  <SP HEIGHT="57" WIDTH="11" VPOS="2229" HPOS="1816"/>
                  <String HEIGHT="57"
                          WIDTH="85"
                          VPOS="2229"
                          HPOS="1784"
                          CONTENT="vnam"/>
                  <SP HEIGHT="57" WIDTH="11" VPOS="2229" HPOS="1869"/>
                  <String HEIGHT="57"
                          WIDTH="138"
                          VPOS="2229"
                          HPOS="1837"
                          CONTENT="scientiam"/>
                  <SP HEIGHT="57" WIDTH="11" VPOS="2229" HPOS="1975"/>
                  <String HEIGHT="57"
                          WIDTH="63"
                          VPOS="2229"
                          HPOS="1933"
                          CONTENT="illo"/>
               </TextLine>
               <TextLine ID="r3l49"
                         BASELINE="2323"
                         HEIGHT="50"
                         WIDTH="706"
                         VPOS="2273"
                         HPOS="1296">
                  <String HEIGHT="50"
                          WIDTH="93"
                          VPOS="2273"
                          HPOS="1284"
                          CONTENT="modo"/>
                  <SP HEIGHT="50" WIDTH="12" VPOS="2273" HPOS="1377"/>
                  <String HEIGHT="50"
                          WIDTH="116"
                          VPOS="2273"
                          HPOS="1342"
                          CONTENT="dictam"/>
                  <SP HEIGHT="50" WIDTH="12" VPOS="2273" HPOS="1458"/>
                  <String HEIGHT="50"
                          WIDTH="93"
                          VPOS="2273"
                          HPOS="1423"
                          CONTENT="nisi"/>
                  <SP HEIGHT="50" WIDTH="12" VPOS="2273" HPOS="1516"/>
                  <String HEIGHT="50"
                          WIDTH="150"
                          VPOS="2273"
                          HPOS="1481"
                          CONTENT="scientiae"/>
                  <SP HEIGHT="50" WIDTH="12" VPOS="2273" HPOS="1632"/>
                  <String HEIGHT="50"
                          WIDTH="116"
                          VPOS="2273"
                          HPOS="1597"
                          CONTENT="essent"/>
                  <SP HEIGHT="50" WIDTH="12" VPOS="2273" HPOS="1713"/>
                  <String HEIGHT="50"
                          WIDTH="139"
                          VPOS="2273"
                          HPOS="1678"
                          CONTENT="praecise"/>
                  <SP HEIGHT="50" WIDTH="12" VPOS="2273" HPOS="1817"/>
                  <String HEIGHT="50" WIDTH="69" VPOS="2273" HPOS="1782" CONTENT="de"/>
                  <SP HEIGHT="50" WIDTH="12" VPOS="2273" HPOS="1852"/>
                  <String HEIGHT="50"
                          WIDTH="139"
                          VPOS="2273"
                          HPOS="1817"
                          CONTENT="subiecto"/>
                  <SP HEIGHT="50" WIDTH="12" VPOS="2273" HPOS="1956"/>
                  <String HEIGHT="50"
                          WIDTH="93"
                          VPOS="2273"
                          HPOS="1909"
                          CONTENT="istius"/>
               </TextLine>
               <TextLine ID="r3l50"
                         BASELINE="2371"
                         HEIGHT="51"
                         WIDTH="695"
                         VPOS="2320"
                         HPOS="1296">
                  <String HEIGHT="51"
                          WIDTH="177"
                          VPOS="2320"
                          HPOS="1282"
                          CONTENT="veritatis"/>
                  <SP HEIGHT="51" WIDTH="14" VPOS="2320" HPOS="1460"/>
                  <String HEIGHT="51" WIDTH="82" VPOS="2320" HPOS="1419" CONTENT="et"/>
                  <SP HEIGHT="51" WIDTH="14" VPOS="2320" HPOS="1500"/>
                  <String HEIGHT="51"
                          WIDTH="95"
                          VPOS="2320"
                          HPOS="1460"
                          CONTENT="non"/>
                  <SP HEIGHT="51" WIDTH="14" VPOS="2320" HPOS="1555"/>
                  <String HEIGHT="51"
                          WIDTH="218"
                          VPOS="2320"
                          HPOS="1514"
                          CONTENT="consideraret"/>
                  <SP HEIGHT="51" WIDTH="14" VPOS="2320" HPOS="1732"/>
                  <String HEIGHT="51"
                          WIDTH="109"
                          VPOS="2320"
                          HPOS="1691"
                          CONTENT="nisi"/>
                  <SP HEIGHT="51" WIDTH="14" VPOS="2320" HPOS="1800"/>
                  <String HEIGHT="51"
                          WIDTH="177"
                          VPOS="2320"
                          HPOS="1759"
                          CONTENT="passiones"/>
                  <SP HEIGHT="51" WIDTH="14" VPOS="2320" HPOS="1936"/>
                  <String HEIGHT="51"
                          WIDTH="109"
                          VPOS="2320"
                          HPOS="1882"
                          CONTENT="debito"/>
               </TextLine>
               <TextLine ID="r3l51"
                         BASELINE="2418"
                         HEIGHT="46"
                         WIDTH="698"
                         VPOS="2372"
                         HPOS="1290">
                  <String HEIGHT="46"
                          WIDTH="100"
                          VPOS="2372"
                          HPOS="1278"
                          CONTENT="modo"/>
                  <SP HEIGHT="46" WIDTH="12" VPOS="2372" HPOS="1377"/>
                  <String HEIGHT="46"
                          WIDTH="175"
                          VPOS="2372"
                          HPOS="1340"
                          CONTENT="ordinatas."/>
                  <SP HEIGHT="46" WIDTH="12" VPOS="2372" HPOS="1514"/>
                  <String HEIGHT="46" WIDTH="75" VPOS="2372" HPOS="1477" CONTENT="Si"/>
                  <SP HEIGHT="46" WIDTH="12" VPOS="2372" HPOS="1552"/>
                  <String HEIGHT="46"
                          WIDTH="112"
                          VPOS="2372"
                          HPOS="1514"
                          CONTENT="autem"/>
                  <SP HEIGHT="46" WIDTH="12" VPOS="2372" HPOS="1627"/>
                  <String HEIGHT="46"
                          WIDTH="100"
                          VPOS="2372"
                          HPOS="1589"
                          CONTENT="iste"/>
                  <SP HEIGHT="46" WIDTH="12" VPOS="2372" HPOS="1689"/>
                  <String HEIGHT="46"
                          WIDTH="150"
                          VPOS="2372"
                          HPOS="1651"
                          CONTENT="scientie"/>
                  <SP HEIGHT="46" WIDTH="12" VPOS="2372" HPOS="1801"/>
                  <String HEIGHT="46"
                          WIDTH="187"
                          VPOS="2372"
                          HPOS="1764"
                          CONTENT="considerant"/>
                  <SP HEIGHT="46" WIDTH="12" VPOS="2372" HPOS="1951"/>
                  <String HEIGHT="46"
                          WIDTH="87"
                          VPOS="2372"
                          HPOS="1901"
                          CONTENT="multa"/>
               </TextLine>
               <TextLine ID="r3l52"
                         BASELINE="2456"
                         HEIGHT="50"
                         WIDTH="693"
                         VPOS="2406"
                         HPOS="1294">
                  <String HEIGHT="50"
                          WIDTH="93"
                          VPOS="2406"
                          HPOS="1281"
                          CONTENT="tam"/>
                  <SP HEIGHT="50" WIDTH="13" VPOS="2406" HPOS="1374"/>
                  <String HEIGHT="50"
                          WIDTH="173"
                          VPOS="2406"
                          HPOS="1334"
                          CONTENT="subiectum"/>
                  <SP HEIGHT="50" WIDTH="13" VPOS="2406" HPOS="1507"/>
                  <String HEIGHT="50"
                          WIDTH="107"
                          VPOS="2406"
                          HPOS="1467"
                          CONTENT="quam"/>
                  <SP HEIGHT="50" WIDTH="13" VPOS="2406" HPOS="1574"/>
                  <String HEIGHT="50"
                          WIDTH="173"
                          VPOS="2406"
                          HPOS="1534"
                          CONTENT="passiones"/>
                  <SP HEIGHT="50" WIDTH="13" VPOS="2406" HPOS="1707"/>
                  <String HEIGHT="50"
                          WIDTH="93"
                          VPOS="2406"
                          HPOS="1667"
                          CONTENT="non"/>
                  <SP HEIGHT="50" WIDTH="13" VPOS="2406" HPOS="1760"/>
                  <String HEIGHT="50"
                          WIDTH="160"
                          VPOS="2406"
                          HPOS="1720"
                          CONTENT="habentia"/>
                  <SP HEIGHT="50" WIDTH="13" VPOS="2406" HPOS="1880"/>
                  <String HEIGHT="50"
                          WIDTH="147"
                          VPOS="2406"
                          HPOS="1840"
                          CONTENT="ordinem"/>
                  <SP HEIGHT="50" WIDTH="13" VPOS="2406" HPOS="1987"/>
                  <String HEIGHT="50" WIDTH="53" VPOS="2406" HPOS="1934" CONTENT="de"/>
               </TextLine>
               <TextLine ID="r3l53"
                         BASELINE="2501"
                         HEIGHT="50"
                         WIDTH="691"
                         VPOS="2451"
                         HPOS="1303">
                  <String HEIGHT="50"
                          WIDTH="111"
                          VPOS="2451"
                          HPOS="1291"
                          CONTENT="bitum"/>
                  <SP HEIGHT="50" WIDTH="12" VPOS="2451" HPOS="1402"/>
                  <String HEIGHT="50"
                          WIDTH="173"
                          VPOS="2451"
                          HPOS="1365"
                          CONTENT="requisitum"/>
                  <SP HEIGHT="50" WIDTH="12" VPOS="2451" HPOS="1537"/>
                  <String HEIGHT="50" WIDTH="74" VPOS="2451" HPOS="1500" CONTENT="ad"/>
                  <SP HEIGHT="50" WIDTH="12" VPOS="2451" HPOS="1574"/>
                  <String HEIGHT="50"
                          WIDTH="148"
                          VPOS="2451"
                          HPOS="1537"
                          CONTENT="vnitatem"/>
                  <SP HEIGHT="50" WIDTH="12" VPOS="2451" HPOS="1686"/>
                  <String HEIGHT="50"
                          WIDTH="160"
                          VPOS="2451"
                          HPOS="1649"
                          CONTENT="scientie:"/>
                  <SP HEIGHT="50" WIDTH="12" VPOS="2451" HPOS="1809"/>
                  <String HEIGHT="50"
                          WIDTH="111"
                          VPOS="2451"
                          HPOS="1772"
                          CONTENT="tales"/>
                  <SP HEIGHT="50" WIDTH="12" VPOS="2451" HPOS="1883"/>
                  <String HEIGHT="50"
                          WIDTH="86"
                          VPOS="2451"
                          HPOS="1846"
                          CONTENT="non"/>
                  <SP HEIGHT="50" WIDTH="12" VPOS="2451" HPOS="1932"/>
                  <String HEIGHT="50"
                          WIDTH="111"
                          VPOS="2451"
                          HPOS="1883"
                          CONTENT="faciunt"/>
               </TextLine>
               <TextLine ID="r3l54"
                         BASELINE="2543"
                         HEIGHT="47"
                         WIDTH="706"
                         VPOS="2496"
                         HPOS="1296">
                  <String HEIGHT="47"
                          WIDTH="107"
                          VPOS="2496"
                          HPOS="1283"
                          CONTENT="vnam"/>
                  <SP HEIGHT="47" WIDTH="13" VPOS="2496" HPOS="1389"/>
                  <String HEIGHT="47"
                          WIDTH="186"
                          VPOS="2496"
                          HPOS="1349"
                          CONTENT="scientiam:"/>
                  <SP HEIGHT="47" WIDTH="13" VPOS="2496" HPOS="1536"/>
                  <String HEIGHT="47"
                          WIDTH="120"
                          VPOS="2496"
                          HPOS="1496"
                          CONTENT="sicut"/>
                  <SP HEIGHT="47" WIDTH="13" VPOS="2496" HPOS="1616"/>
                  <String HEIGHT="47"
                          WIDTH="93"
                          VPOS="2496"
                          HPOS="1576"
                          CONTENT="est"/>
                  <SP HEIGHT="47" WIDTH="13" VPOS="2496" HPOS="1669"/>
                  <String HEIGHT="47" WIDTH="80" VPOS="2496" HPOS="1629" CONTENT="de"/>
                  <SP HEIGHT="47" WIDTH="13" VPOS="2496" HPOS="1709"/>
                  <String HEIGHT="47"
                          WIDTH="200"
                          VPOS="2496"
                          HPOS="1669"
                          CONTENT="metaphisica"/>
                  <SP HEIGHT="47" WIDTH="13" VPOS="2496" HPOS="1869"/>
                  <String HEIGHT="47" WIDTH="80" VPOS="2496" HPOS="1829" CONTENT="et"/>
                  <SP HEIGHT="47" WIDTH="13" VPOS="2496" HPOS="1909"/>
                  <String HEIGHT="47"
                          WIDTH="147"
                          VPOS="2496"
                          HPOS="1855"
                          CONTENT="theologia"/>
               </TextLine>
               <TextLine ID="r3l55"
                         BASELINE="2591"
                         HEIGHT="54"
                         WIDTH="700"
                         VPOS="2537"
                         HPOS="1303">
                  <String HEIGHT="54"
                          WIDTH="88"
                          VPOS="2537"
                          HPOS="1291"
                          CONTENT="qui"/>
                  <SP HEIGHT="54" WIDTH="13" VPOS="2537" HPOS="1378"/>
                  <String HEIGHT="54"
                          WIDTH="163"
                          VPOS="2537"
                          HPOS="1341"
                          CONTENT="theologia"/>
                  <SP HEIGHT="54" WIDTH="13" VPOS="2537" HPOS="1503"/>
                  <String HEIGHT="54"
                          WIDTH="175"
                          VPOS="2537"
                          HPOS="1466"
                          CONTENT="considerat"/>
                  <SP HEIGHT="54" WIDTH="13" VPOS="2537" HPOS="1641"/>
                  <String HEIGHT="54"
                          WIDTH="113"
                          VPOS="2537"
                          HPOS="1603"
                          CONTENT="multa"/>
                  <SP HEIGHT="54" WIDTH="13" VPOS="2537" HPOS="1716"/>
                  <String HEIGHT="54"
                          WIDTH="88"
                          VPOS="2537"
                          HPOS="1678"
                          CONTENT="tam"/>
                  <SP HEIGHT="54" WIDTH="13" VPOS="2537" HPOS="1766"/>
                  <String HEIGHT="54"
                          WIDTH="150"
                          VPOS="2537"
                          HPOS="1728"
                          CONTENT="subiecta"/>
                  <SP HEIGHT="54" WIDTH="13" VPOS="2537" HPOS="1878"/>
                  <String HEIGHT="54"
                          WIDTH="100"
                          VPOS="2537"
                          HPOS="1841"
                          CONTENT="quam"/>
                  <SP HEIGHT="54" WIDTH="13" VPOS="2537" HPOS="1941"/>
                  <String HEIGHT="54"
                          WIDTH="113"
                          VPOS="2537"
                          HPOS="1891"
                          CONTENT="passio"
                          SUBS_TYPE="HypPart1"
                          SUBS_CONTENT="passiones"/>
                  <HYP CONTENT="-"/>
               </TextLine>
               <TextLine ID="line_1597252822643_69"
                         BASELINE="2646"
                         HEIGHT="59"
                         WIDTH="723"
                         VPOS="2587"
                         HPOS="1290">
                  <String HEIGHT="59"
                          WIDTH="99"
                          VPOS="2587"
                          HPOS="1276"
                          CONTENT="nes"
                          SUBS_TYPE="HypPart2"
                          SUBS_CONTENT="passiones"/>
                  <SP HEIGHT="59" WIDTH="14" VPOS="2587" HPOS="1375"/>
                  <String HEIGHT="59"
                          WIDTH="113"
                          VPOS="2587"
                          HPOS="1333"
                          CONTENT="quae"/>
                  <SP HEIGHT="59" WIDTH="14" VPOS="2587" HPOS="1446"/>
                  <String HEIGHT="59"
                          WIDTH="99"
                          VPOS="2587"
                          HPOS="1403"
                          CONTENT="non"/>
                  <SP HEIGHT="59" WIDTH="14" VPOS="2587" HPOS="1503"/>
                  <String HEIGHT="59"
                          WIDTH="184"
                          VPOS="2587"
                          HPOS="1460"
                          CONTENT="pertinent"/>
                  <SP HEIGHT="59" WIDTH="14" VPOS="2587" HPOS="1644"/>
                  <String HEIGHT="59" WIDTH="85" VPOS="2587" HPOS="1602" CONTENT="ad"/>
                  <SP HEIGHT="59" WIDTH="14" VPOS="2587" HPOS="1687"/>
                  <String HEIGHT="59"
                          WIDTH="241"
                          VPOS="2587"
                          HPOS="1644"
                          CONTENT="metaphisicam."/>
                  <SP HEIGHT="59" WIDTH="14" VPOS="2587" HPOS="1885"/>
                  <String HEIGHT="59" WIDTH="85" VPOS="2587" HPOS="1843" CONTENT="Ad"/>
                  <SP HEIGHT="59" WIDTH="14" VPOS="2587" HPOS="1928"/>
                  <String HEIGHT="59"
                          WIDTH="142"
                          VPOS="2587"
                          HPOS="1871"
                          CONTENT="confirma"/>
               </TextLine>
            </TextBlock>
         </PrintSpace>
      </Page>
   </Layout>
</alto>
