2313 3086
310 224 76 71 ⁋
340 224 91 71 Ad
386 224 213 71 oppositum.
553 224 182 71 Scientia
690 224 106 71 dei
750 224 106 71 nec
811 224 152 71 potest
902 224 122 71 augeri

300 283 102 57 nec
359 283 146 57 minui.
461 283 117 57 ergo
534 283 102 57 non
592 283 146 57 potest
694 283 131 57 scire
782 283 131 57 plura
869 283 117 57 quam
928 283 88 57 scit

318 329 59 53 ⁋
342 329 83 53 Ad.
389 329 71 53 q.
425 329 106 53 primo
496 329 142 53 videndus
602 329 83 53 est
649 329 177 53 intellectus
791 329 177 53 quaetionis.
933 329 71 53 Et
957 329 59 53 est

307 366 143 60 sciendum
414 366 95 60 quod
474 366 107 60 aliud
546 366 84 60 est
593 366 143 60 quaerere
701 366 72 60 an
737 366 95 60 deus
796 366 119 60 possit
880 366 107 60 scire
939 366 84 60 plura

304 408 99 66 quam
365 408 111 66 scit.
439 408 74 66 et
476 408 74 66 an
513 408 99 66 deus
575 408 123 66 possit
661 408 111 66 scire
735 408 136 66 aliquid
834 408 99 66 quod
896 408 86 66 non
933 408 86 66 scit.

296 452 54 63 ⁋
318 452 119 63 Secundo
404 452 129 63 sciendum
501 452 76 63 est
544 452 86 63 quod
598 452 97 63 scire
663 452 151 63 dupliciter
782 452 140 63 accipitur
890 452 65 63 ad
911 452 108 63 praesens

301 496 141 66 scilicet
407 496 106 66 large
477 496 70 66 et
512 496 141 66 stricte.
618 496 106 66 Primo
688 496 94 66 modo
747 496 94 66 idem
806 496 82 66 est
853 496 94 66 quod
900 496 117 66 cognosee

299 545 63 60 re
331 545 126 60 secundum
426 545 84 60 quod
478 545 147 60 cognoscere
594 545 116 60 commune
678 545 74 60 est
720 545 63 60 ad
752 545 105 60 omnia.
826 545 63 60 et
857 545 84 60 isto
910 545 84 60 modo
952 545 63 60 deus

299 588 87 53 scit
353 588 76 53 hoc
397 588 76 53 est
440 588 141 53 cognoscit
548 588 97 53 omnia
613 588 130 53 scilicet
710 588 130 53 complexa
808 588 65 53 et
840 588 162 53 incomplexa.
959 588 54 53 ne-

298 634 149 55 cessaria
409 634 74 55 et
446 634 198 55 contigentia.
608 634 99 55 vera
670 634 74 55 et
707 634 124 55 falsa.
794 634 174 55 possibilia
930 634 74 55 et
955 634 62 55 im-

302 683 196 54 possibilia.
459 683 144 54 stricte
563 683 118 54 scire
641 683 104 54 idem
707 683 144 54 estquod
811 683 183 54 cognoscere
942 683 65 54 ve-

300 726 101 44 rum.
364 726 76 44 et
402 726 89 44 sic
452 726 114 44 nihil
528 726 127 44 scitur
617 726 101 44 nisi
680 726 127 44 verum.
769 726 63 44 ⁋
794 726 89 44 Per
844 726 89 44 hoc
895 726 101 44 dico
958 726 76 44 ad

301 759 173 54 quaestionem
440 759 92 54 quod
497 759 161 54 accipiendo
624 759 104 54 scire
693 759 115 54 large.
774 759 92 54 deus
831 759 81 54 non
877 759 115 54 potest
946 759 58 54 sci

297 813 73 48 re
333 813 110 48 plura
407 813 85 48 nec
456 813 110 48 scire
529 813 134 48 aliquid
626 813 98 48 quod
688 813 85 48 non
736 813 110 48 scit.
810 813 98 48 quia
871 813 134 48 nullius
956 813 49 48 no

296 849 126 61 titiam
385 849 126 61 potest
473 849 76 61 de
511 849 101 61 nouo
574 849 164 61 accipere.
701 849 139 61 Secundo
802 849 101 61 modo
852 849 152 61 accipiendo

287 892 108 62 scire
359 892 96 62 dico
419 892 96 62 quod
479 892 96 62 deus
539 892 84 62 non
587 892 108 62 poest
659 892 108 62 plura
731 892 108 62 scire
803 892 96 62 quam
863 892 108 62 scit.
923 892 84 62 cuius

290 942 91 51 ratio
351 942 81 51 est.
401 942 81 51 quia
452 942 81 51 omne
502 942 91 51 verum
563 942 101 51 scitur
634 942 51 51 a
654 942 81 51 deo.
705 942 61 51 et
735 942 101 51 semper
806 942 111 51 equalia
887 942 81 51 sunt
927 942 71 51 vera.

298 986 89 60 vnde
353 986 78 60 non
398 986 78 60 est
442 986 144 60 possibile
553 986 89 60 quod
608 986 100 60 plura
675 986 89 60 sint
730 986 89 60 vera
785 986 66 60 in
819 986 78 60 vno
863 986 122 60 tempore
941 986 66 60 quam

294 1023 59 62 in
324 1023 88 62 alio.
383 1023 79 62 quia
432 1023 98 62 semper
501 1023 98 62 altera
569 1023 79 62 pars
619 1023 187 62 contradictionis
776 1023 69 62 est
815 1023 88 62 vera.
874 1023 59 62 et
904 1023 88 62 nihil
953 1023 49 62 est

290 1073 103 57 verum
358 1073 92 57 nisi
416 1073 80 57 sit
462 1073 115 57 altera
542 1073 92 57 pars
599 1073 218 57 contradictionis
783 1073 69 57 et
817 1073 80 57 non
863 1073 80 57 est
898 1073 103 57 possibi

281 1105 65 63 le
314 1105 87 63 quod
368 1105 120 63 vtraque
456 1105 87 63 pars
510 1105 207 63 contradictionis
685 1105 76 63 sit
728 1105 98 63 vera.
794 1105 65 63 et
826 1105 76 63 ita
870 1105 76 63 tot
914 1105 87 63 sunt
957 1105 44 63 ve

278 1155 81 60 ra
319 1155 95 60 vno
373 1155 149 60 tempore
481 1155 122 60 quoti
562 1155 108 60 alio
630 1155 81 60 et
671 1155 95 60 non
725 1155 122 60 plura
806 1155 122 60 neque
873 1155 122 60 paucio-

283 1203 76 58 ra.
327 1203 120 58 quamuis
414 1203 109 58 aliqua
490 1203 87 58 sint
544 1203 87 58 vera
599 1203 65 58 in
631 1203 76 58 vno
675 1203 120 58 tempore
762 1203 87 58 quae
816 1203 76 58 non
860 1203 87 58 sint
914 1203 87 58 vera
957 1203 44 58 in

282 1246 79 57 alio
331 1246 118 57 tempore.
420 1246 59 57 et
450 1246 167 57 vniversaliter
587 1246 59 57 si
617 1246 108 57 aliquid
696 1246 79 57 fiat
745 1246 98 57 falsum
814 1246 79 57 quod
863 1246 89 57 prius
922 1246 79 57 fuit
962 1246 39 57 ve

281 1292 91 50 rum.
338 1292 126 50 oportet
429 1292 91 50 quod
486 1292 126 50 aliquid
578 1292 91 50 fiat
635 1292 103 50 verum
704 1292 91 50 quod
761 1292 103 50 prius
829 1292 91 50 fuit
875 1292 103 50 falsum.

282 1327 53 67 ⁋
304 1327 85 67 Tame
357 1327 85 67 haec
410 1327 74 67 non
453 1327 128 67 obstante
548 1327 128 67 scilicet
644 1327 85 67 quod
697 1327 85 67 deus
750 1327 74 67 non
793 1327 106 67 possit
867 1327 96 67 scire
921 1327 74 67 plura

275 1374 85 67 quam
329 1374 96 67 scit.
393 1374 96 67 tamen
457 1374 85 67 deus
510 1374 107 67 potest
585 1374 96 67 scire
649 1374 118 67 aliquid
735 1374 85 67 quod
788 1374 75 67 non
831 1374 96 67 scit.
884 1374 107 67 accipi

277 1426 86 57 endo
331 1426 97 57 scire
396 1426 86 57 isto
450 1426 119 57 secundo
536 1426 97 57 modo.
601 1426 86 57 quia
655 1426 97 57 sicut
720 1426 119 57 aliquid
807 1426 108 57 potest
882 1426 86 57 esse
925 1426 76 57 verum

279 1458 81 66 sic
326 1458 128 66 aliquid
419 1458 116 66 potest
500 1458 93 66 esse
558 1458 116 66 scitum
639 1458 58 66 a
662 1458 81 66 deo
709 1458 93 66 quod
767 1458 104 66 prius
837 1458 81 66 non
883 1458 93 66 erat
929 1458 70 66 sci-

275 1506 77 59 tum
319 1506 55 59 a
341 1506 88 59 deo.
396 1506 88 59 quia
450 1506 88 59 omne
505 1506 99 59 verum
571 1506 110 59 quando
647 1506 77 59 est
691 1506 110 59 verum:
768 1506 77 59 est
812 1506 110 59 scitum
888 1506 55 59 a
910 1506 88 59 deo.
954 1506 44 59 et

282 1546 100 69 quando
352 1546 70 69 non
392 1546 70 69 est
431 1546 90 69 verum
491 1546 70 69 non
531 1546 70 69 est
571 1546 100 69 scitum
641 1546 50 69 a
660 1546 80 69 deo.
710 1546 90 69 sicut
770 1546 80 69 ista
820 1546 70 69 non
860 1546 70 69 est
899 1546 80 69 modo
939 1546 60 69 sci-

285 1596 62 55 ta
316 1596 52 55 a
337 1596 83 55 deo.
389 1596 73 55 ego
430 1596 73 55 sum
472 1596 125 55 ratiome.
566 1596 83 55 quia
618 1596 83 55 modo
670 1596 73 55 non
711 1596 73 55 est
753 1596 94 55 vera.
815 1596 62 55 et
847 1596 94 55 tamen
899 1596 83 55 potest

274 1638 92 61 esse
331 1638 103 61 scita
400 1638 57 61 a
423 1638 92 61 deo.
480 1638 92 61 quia
537 1638 115 61 potest
618 1638 92 61 esse
675 1638 103 61 vera.
744 1638 69 61 et
778 1638 69 61 si
813 1638 92 61 erit
870 1638 92 61 vera
916 1638 80 61 erit:

266 1680 119 58 scita
345 1680 66 58 a
371 1680 106 58 deo.
437 1680 66 58 ⁋
464 1680 79 58 Et
503 1680 79 58 si
543 1680 145 58 dicatur
649 1680 106 58 quod
715 1680 106 58 tunc
781 1680 198 58 possetideus
926 1680 66 58 mu-

278 1726 91 61 tari
334 1726 57 61 a
357 1726 79 61 non
403 1726 125 61 sciente
493 1726 68 61 in
527 1726 136 61 scientem
630 1726 68 61 et
664 1726 159 61 econuerso.
789 1726 91 61 quod
845 1726 79 61 est
879 1726 114 61 impossi-

267 1761 110 63 bile.
340 1761 61 63 ⁋
365 1761 73 63 Et
401 1761 122 63 potest
487 1761 183 63 confirmari.
634 1761 98 63 quia
695 1761 135 63 quamuis
793 1761 122 63 possit
878 1761 73 63 de
903 1761 73 63 nouo

260 1807 182 67 denominari
403 1807 130 67 aliqua
494 1807 221 67 denominatione
676 1807 156 67 relatiua
793 1807 91 67 vel
845 1807 78 67 ab
871 1807 104 67 aliquo

274 1854 221 62 denominabili
454 1854 166 62 relatimo
578 1854 110 62 siue
647 1854 207 62 connotatiuo
812 1854 110 62 sine
881 1854 97 62 fui
923 1854 55 62 mu

268 1902 154 66 tatione.
384 1902 116 66 tamen
461 1902 90 66 non
512 1902 129 66 potest
602 1902 180 66 denominari
744 1902 77 66 de
782 1902 103 66 nouo
846 1902 77 66 ab
872 1902 103 66 aliquo

271 1944 194 53 denominabili
428 1944 145 53 absoluto
537 1944 97 53 sine
598 1944 85 53 sui
646 1944 169 53 mutatione.
779 1944 85 53 sed
828 1944 145 53 scientia
924 1944 61 53 est

273 1983 116 63 quadam
355 1983 151 63 perfectio
471 1983 139 63 absoluta
575 1983 70 63 in
610 1983 93 63 deo.
668 1983 93 63 ergo
726 1983 81 63 non
772 1983 116 63 potest
853 1983 104 63 fieri
911 1983 70 63 deus

272 2032 80 57 de
312 2032 106 57 nouo
378 2032 133 57 sciens
471 2032 93 57 hoc
525 2032 146 57 scibile
631 2032 106 57 nisi
698 2032 160 57 mutetur.
817 2032 67 57 ⁋
831 2032 146 57 Preterea.

270 2072 97 62 idem
330 2072 85 62 est
379 2072 109 62 scire
451 2072 121 62 sortem
536 2072 121 62 sedere
620 2072 73 62 et
657 2072 121 62 postea
741 2072 109 62 scire
814 2072 121 62 sortem
886 2072 85 62 sedit

262 2117 74 57 se.
305 2117 85 57 ergo
358 2117 74 57 per
401 2117 74 57 hoc
443 2117 85 57 quod
496 2117 85 57 deus
550 2117 85 57 scit
603 2117 96 57 istam
667 2117 106 57 sortes
741 2117 106 57 sedem.
815 2117 64 57 et
847 2117 106 57 postea
911 2117 64 57 scit

274 2158 122 63 istam.
359 2158 122 63 sortes
445 2158 122 63 sedit.
530 2158 85 63 non
579 2158 98 63 scit
640 2158 122 63 aliud.
725 2158 85 63 sed
774 2158 110 63 idem.
847 2158 61 63 ⁋
871 2158 73 63 Ad
896 2158 73 63 pri-

268 2211 79 49 mum
313 2211 123 49 istorum
402 2211 90 49 dico
459 2211 90 49 quod
515 2211 123 49 quamuis
604 2211 90 49 deus
661 2211 79 49 sit
705 2211 101 49 primo
773 2211 79 49 non
818 2211 112 49 sciens
896 2211 90 49 hoc.
941 2211 45 49 et

266 2255 111 54 postea
344 2255 78 54 sit
388 2255 111 54 sciens
466 2255 89 54 hoc:
521 2255 100 54 tamen
588 2255 78 54 non
633 2255 133 54 sequitur
733 2255 89 54 deum
788 2255 122 54 mutari.
877 2255 89 54 quia
933 2255 67 54 ad

261 2297 208 61 verificandum
430 2297 117 61 talia
508 2297 234 61 contradictoria
702 2297 78 61 de
741 2297 91 61 deo
793 2297 156 61 sufficit
897 2297 78 61 sola

257 2340 139 56 mutatio
359 2340 76 56 in
397 2340 165 56 creatura.
524 2340 114 56 sicut
600 2340 76 56 ad
638 2340 89 56 hoc
688 2340 101 56 quod
752 2340 89 56 sit
803 2340 114 56 primo
879 2340 89 56 non
917 2340 63 56 cre

260 2384 115 49 anes
331 2384 86 49 et
374 2384 143 49 postea
475 2384 143 49 creans
575 2384 172 49 sufficit
704 2384 115 49 sola
776 2384 158 49 mutatio
877 2384 100 49 crea-

258 2420 109 60 ture.
330 2420 60 60 ⁋
354 2420 72 60 Ad
391 2420 217 60 confirmationem
572 2420 97 60 dico
632 2420 97 60 quod
692 2420 145 60 scientia
801 2420 109 60 sicut
873 2420 97 60 modo
922 2420 48 60 lo

262 2468 121 55 quimur
347 2468 85 55 non
395 2468 85 55 est
443 2468 194 55 denominabile
601 2468 157 55 absolutum
722 2468 157 55 praecise:
843 2468 85 55 sed
879 2468 85 55 etiam

261 2513 209 63 denominabile
431 2513 222 63 connotatiuum.
614 2513 105 63 quia
679 2513 118 63 scire
758 2513 157 63 connotat
875 2513 105 63 quod
928 2513 52 63 il

251 2554 75 68 lud
294 2554 85 68 quod
347 2554 107 68 scitur
422 2554 75 68 sit
465 2554 96 68 verum
529 2554 64 68 et
561 2554 75 68 non
604 2554 128 68 secltum.
700 2554 64 68 et
732 2554 85 68 quia
786 2554 85 68 idem
839 2554 107 68 potest
903 2554 75 68 prius

246 2600 107 72 esse
313 2600 134 72 falsum
406 2600 80 72 et
446 2600 134 72 postea
540 2600 134 72 verum.
634 2600 107 72 ideo
700 2600 107 72 sine
767 2600 107 72 omni
821 2600 147 72 mutatione

1114 240 62 75 a
1138 240 111 75 parte
1212 240 86 75 dei
1262 240 124 75 potest
1348 240 136 75 aliquid
1447 240 99 75 esse
1509 240 111 75 primo
1583 240 86 75 non
1632 240 124 75 scitum
1719 240 62 75 a
1744 240 86 75 deo
1781 240 49 75 et

1116 303 118 61 postea
1199 303 94 61 esse
1258 303 130 61 scitum.
1352 303 59 61 ⁋
1375 303 71 61 Ad
1411 303 141 61 secundum
1517 303 94 61 dico
1576 303 94 61 quod
1635 303 82 61 non
1682 303 82 61 est
1729 303 94 61 idem
1776 303 59 61 sci

1107 348 77 54 re
1146 348 128 54 sortem
1235 348 128 54 sedere
1325 348 77 54 et
1363 348 128 54 sortem
1453 348 154 54 sedisse.
1568 348 102 54 nisi
1632 348 179 54 accipiendo
1760 348 64 54 sei

1102 384 66 66 re
1135 384 77 66 pro
1179 384 88 66 illa
1234 384 121 66 notitia
1322 384 88 66 quae
1377 384 77 66 est
1421 384 55 66 a
1443 384 99 66 parte
1508 384 88 66 dei.
1563 384 88 66 quia
1618 384 88 66 ista
1673 384 77 66 non
1717 384 88 66 sunt
1761 384 66 66 idem

1099 424 229 69 necequipollent
1290 424 89 69 nec
1341 424 102 69 sunt
1404 424 229 69 conuertibilia.
1595 424 102 69 deus
1659 424 102 69 scit
1722 424 102 69 sor.
1773 424 51 69 se

1095 469 91 64 dere
1152 469 69 64 et
1186 469 91 64 deus
1243 469 91 64 scit
1300 469 91 64 sor.
1358 469 137 64 sedisse.
1461 469 91 64 quia
1518 469 80 64 vna
1563 469 114 64 potest
1643 469 91 64 esse
1701 469 91 64 vera
1746 469 69 64 alte

1094 515 77 65 ra
1133 515 166 65 existente
1260 515 115 65 fula.
1337 515 77 65 et
1376 515 77 65 si
1414 515 128 65 essent
1503 515 90 65 duo
1555 515 128 65 quorum
1644 515 102 65 vnus
1695 515 128 65 crederet

1105 554 119 77 sortem
1189 554 119 77 sedere
1272 554 72 77 et
1308 554 107 77 alius
1380 554 119 77 sortem
1463 554 143 77 sedisse.
1570 554 107 77 esset
1642 554 155 77 possibile
1749 554 72 77 quod

1102 607 87 63 vnus
1157 607 66 63 in
1189 607 98 63 eodem
1255 607 120 63 tempore
1342 607 131 63 erraret.
1441 607 66 63 et
1473 607 98 63 alius
1539 607 76 63 pro
1583 607 98 63 eodem
1648 607 120 63 tempore
1736 607 76 63 non
1768 607 55 63 er-

1101 647 117 71 raret.
1183 647 70 71 Et
1218 647 70 71 si
1253 647 129 71 dicatur
1347 647 93 71 quod
1405 647 70 71 ex
1440 647 93 71 isto
1499 647 164 71 sequeretur
1627 647 93 71 quod
1685 647 93 71 deus
1732 647 82 71 cogno

1105 686 118 71 sceret
1188 686 201 71 enunciabilia.
1354 686 71 71 et
1389 686 83 71 per
1436 686 166 71 consequens
1567 686 166 71 componeret
1697 686 71 71 et
1720 686 95 71 diuide

1098 735 87 67 ret
1147 735 99 67 quod
1209 735 87 67 est
1258 735 210 67 inconueniens.
1432 735 87 67 Dic
1481 735 99 67 quod
1543 735 111 67 omnia
1617 735 198 67 enunciabilia
1766 735 49 67 co

1103 774 141 78 gnoscit
1206 774 102 78 deus
1270 774 102 78 sine
1334 774 205 78 compositione
1500 774 77 78 et
1538 774 179 78 diuisione.
1679 774 102 78 quia
1730 774 77 78 vni-

1102 826 84 65 ca
1144 826 195 65 cognitione
1297 826 237 65 simplicissima
1492 826 181 65 cognoscit
1631 826 139 65 omnia.
1728 826 70 65 ⁋
1756 826 84 65 Ad

1096 867 168 69 argumentum
1228 867 168 69 principale
1360 867 108 69 patet
1432 867 96 69 quod
1491 867 96 69 deus
1551 867 120 69 potest
1635 867 108 69 scire
1695 867 108 69 aliquid

1091 918 84 60 quod
1143 918 95 60 prius
1206 918 74 60 non
1248 918 116 60 sciuit.
1332 918 74 60 sed
1374 918 74 60 hoc
1416 918 74 60 non
1458 918 84 60 est.
1511 918 84 60 quia
1563 918 116 60 aliquod
1647 918 116 60 scibile
1731 918 74 60 vel
1763 918 53 60 ve-

1095 961 81 63 rum
1142 961 81 63 pus
1188 961 162 63 ignorauit.
1315 961 81 63 sed
1361 961 92 63 quia
1419 961 127 63 aliquid
1512 961 81 63 est
1558 961 92 63 modo
1616 961 104 63 verum
1685 961 92 63 quod
1731 961 81 63 prius

1088 1004 91 64 non
1140 1004 104 64 erat
1205 1004 130 64 verum.
1297 1004 104 64 immo
1362 1004 117 64 prius
1440 1004 104 64 fuit
1505 1004 169 64 sfecltum.
1635 1004 65 64 ⁋
1662 1004 78 64 Ad
1688 1004 130 64 argumen-

1089 1045 81 69 tum
1136 1045 70 69 in
1171 1045 151 69 oppositum
1287 1045 105 69 patet
1356 1045 93 69 quod
1415 1045 139 69 scientia
1519 1045 81 69 dei
1566 1045 81 69 nec
1612 1045 116 69 potest
1693 1045 116 69 augeri
1763 1045 58 69 nec

1084 1083 112 72 minui
1158 1083 112 72 sicut
1233 1083 87 72 nec
1283 1083 162 72 potentia.
1408 1083 75 72 et
1446 1083 112 72 tamen
1521 1083 125 72 potest
1608 1083 137 72 aliquid
1696 1083 112 72 produce

1091 1128 83 67 re
1133 1128 110 67 quod
1202 1128 124 67 prius
1284 1128 97 67 non
1340 1128 179 67 produxit.
1478 1128 124 67 Dist.
1561 1128 83 67 x.
1602 1128 152 67 Questio
1699 1128 110 67 vnica.

1391 1179 252 102 Irca
1517 1179 284 102 distin-

1409 1274 138 56 ctione
1506 1274 234 56 quadragesimam
1685 1274 124 56 quaero.

1405 1306 108 66 Utrum
1477 1306 156 66 possibile
1597 1306 84 66 est
1645 1306 132 66 aliquem
1729 1306 60 66 per

1408 1351 168 70 destinatum
1540 1351 144 70 damnari.
1649 1351 72 70 et
1673 1351 120 70 praesci-

1402 1399 76 67 tum
1446 1399 120 67 saluari
1533 1399 55 67 ⁋
1555 1399 87 67 Quod
1609 1399 87 67 non.
1664 1399 87 67 quia
1708 1399 87 67 quando

1400 1440 114 66 aliqua
1479 1440 137 66 opposita
1582 1440 80 66 sic
1628 1440 68 66 se
1662 1440 114 66 habent
1731 1440 68 66 quod

1077 1472 196 76 impossibile
1233 1472 91 76 est
1286 1472 104 76 vnum
1351 1472 169 76 succedere
1481 1472 143 76 alteri.
1585 1472 78 76 si
1625 1472 104 76 vnum
1690 1472 104 76 inem
1742 1472 52 76 im

1091 1528 144 60 possibile
1202 1528 77 60 est
1246 1528 122 60 alterum
1334 1528 122 60 inesse.
1423 1528 100 60 sicut
1489 1528 89 60 quia
1545 1528 122 60 habitus
1633 1528 77 60 non
1677 1528 111 60 potest
1744 1528 55 60 suc

1080 1571 123 59 cedere
1166 1571 184 59 priuationi.
1313 1571 74 59 si
1350 1571 148 59 priuatio
1461 1571 98 59 inem
1522 1571 184 59 impossibile
1670 1571 86 59 est
1707 1571 86 59 habi-

1078 1615 70 68 tum
1118 1615 110 68 inesse.
1198 1615 70 68 sed
1238 1615 80 68 esse
1289 1615 181 68 praedestinatum
1439 1615 60 68 et
1469 1615 110 68 damnari
1549 1615 80 68 sunt
1599 1615 140 68 huiusmodi.
1710 1615 80 68 ergo
1750 1615 50 68 in-

1079 1654 145 70 possibile
1190 1654 78 70 est
1235 1654 89 70 quod
1290 1654 122 70 damnari
1379 1654 134 70 succedat
1479 1654 89 70 illi
1535 1654 89 70 quod
1591 1654 78 70 est
1635 1654 89 70 esse
1691 1654 111 70 praede

1078 1700 140 65 stinatum.
1186 1700 86 65 ergo
1240 1700 65 65 si
1272 1700 119 65 aliquis
1359 1700 75 65 est
1402 1700 194 65 praedestinatus
1564 1700 162 65 impossibile
1693 1700 75 65 est
1725 1700 65 65 quod

1078 1738 142 71 damnetur.
1187 1738 98 71 Eodem
1253 1738 87 71 modo
1307 1738 87 71 modo
1362 1738 109 71 potest
1439 1738 98 71 argui
1504 1738 66 71 de
1537 1738 153 71 praescito.
1657 1738 87 71 quia
1701 1738 98 71 impossi

1079 1781 85 81 bile
1132 1781 74 81 est
1175 1781 85 81 quod
1228 1781 117 81 saluari
1313 1781 127 81 succedat
1409 1781 85 81 illi
1462 1781 85 81 quod
1515 1781 74 81 est
1557 1781 149 81 praescitum
1674 1781 96 81 esse.
1727 1781 64 81 ergo

1086 1830 95 73 etc.
1145 1830 59 73 ⁋
1169 1830 71 73 Ad
1204 1830 166 73 oppositum.
1335 1830 118 73 nullus
1418 1830 166 73 saluabitur
1548 1830 189 73 neccessario.
1702 1830 95 73 ergo
1749 1830 59 73 qua

1070 1860 87 73 libet
1129 1860 136 73 saluabitur
1235 1860 165 73 contingenter.
1371 1860 78 73 ergo
1420 1860 97 73 potest
1488 1860 68 73 non
1527 1860 117 73 saluari.
1614 1860 58 73 et
1643 1860 68 73 per
1672 1860 117 73 consequens

1071 1913 127 70 potest
1160 1913 152 70 damnari.
1274 1913 76 70 Et
1312 1913 114 70 eodem
1388 1913 101 70 modo
1451 1913 76 70 de
1489 1913 177 70 praescito.
1629 1913 63 70 ⁋
1654 1913 114 70 Circa
1717 1913 89 70 istam

1067 1964 180 59 questionem
1209 1964 116 59 primo
1286 1964 154 59 videndum
1401 1964 90 59 est
1453 1964 77 59 de
1491 1964 90 59 re.
1543 1964 141 59 secundo
1646 1964 77 59 de
1671 1964 116 59 logica-

1069 2001 53 67 ⁋
1091 2001 96 67 Circa
1154 2001 106 67 primum
1229 2001 127 67 tenendum
1324 2001 74 67 est
1367 2001 85 67 quod
1420 2001 149 67 quaecumque
1537 2001 74 67 est
1579 2001 191 67 praedestinatus
1728 2001 53 67 est

1070 2046 180 71 contingenter
1216 2046 214 71 praedestinatus.
1397 2046 79 71 ita
1442 2046 90 71 quod
1498 2046 113 71 potest
1577 2046 79 71 non
1611 2046 180 71 praedestinari.

1079 2087 61 73 et
1109 2087 71 73 per
1150 2087 142 73 consequens
1261 2087 101 73 potest
1332 2087 121 73 damnari.
1423 2087 81 73 quia
1473 2087 101 73 potest
1544 2087 71 73 non
1585 2087 121 73 saluari.
1676 2087 71 73 hoc
1706 2087 71 73 patet

1063 2138 103 63 qui
1122 2138 207 63 cuiuslibet
1285 2138 177 63 saluatio
1418 2138 177 63 dependet
1551 2138 74 63 a
1580 2138 192 63 voluntate
1713 2138 74 63 di-

1064 2177 104 64 uina
1129 2177 208 64 contingentur
1298 2177 169 64 causante.
1428 2177 104 64 ergo
1492 2177 78 64 in
1531 2177 130 64 ptante
1622 2177 91 64 dei
1674 2177 91 64 est
1713 2177 65 64 con

1072 2217 106 76 ferre
1143 2217 153 76 cuicumque
1260 2217 106 76 vitam
1331 2217 129 76 eternam
1425 2217 82 76 vel
1472 2217 82 76 non
1519 2217 153 76 conferre.
1636 2217 94 76 ergo
1683 2217 106 76 quaecum

1063 2261 96 69 que
1118 2261 138 69 potest
1215 2261 96 69 non
1270 2261 165 69 saluari.
1394 2261 69 69 ⁋
1421 2261 165 69 Preterea
1545 2261 124 69 nulli
1628 2261 138 69 adulto
1710 2261 69 69 con

1064 2304 137 74 fertur
1160 2304 109 74 vita
1229 2304 137 74 eterna
1324 2304 109 74 nisi
1393 2304 151 74 propter
1502 2304 151 74 aliquod
1612 2304 109 74 opus
1667 2304 109 74 merito

1063 2353 123 64 rium.
1145 2353 96 64 sed
1200 2353 109 64 omne
1268 2353 109 64 opus
1337 2353 191 64 meritorium
1487 2353 96 64 est
1542 2353 82 64 in
1583 2353 178 64 potestate
1706 2353 68 64 me-

1073 2390 115 76 rentis.
1156 2390 83 76 ergo
1208 2390 94 76 talis
1270 2390 104 76 potest
1343 2390 73 76 non
1385 2390 115 76 mereri.
1468 2390 62 76 et
1499 2390 73 76 per
1541 2390 146 76 consequens
1656 2390 104 76 potest
1718 2390 52 76 non

1070 2434 167 77 saluari.
1195 2434 83 77 Et
1237 2434 125 77 eodem
1320 2434 111 77 modo
1390 2434 97 77 est
1445 2434 83 77 de
1487 2434 167 77 prescito
1612 2434 111 77 quia
1668 2434 111 77 nullus

1063 2480 164 67 damnatur
1186 2480 109 67 pena
1254 2480 177 67 perpetua.
1390 2480 82 67 et
1431 2480 95 67 hoc
1486 2480 109 67 pena
1554 2480 136 67 sensus
1649 2480 109 67 nisi
1704 2480 68 67 pro

1062 2525 130 69 pter
1143 2525 130 69 suum
1224 2525 227 69 demeritum.
1402 2525 113 69 sed
1467 2525 130 69 omne
1548 2525 211 69 demeritum
1694 2525 81 69 est

1049 2569 94 69 in
1096 2569 203 69 potestate
1252 2569 234 69 demerentis.
1439 2569 125 69 ergo
1517 2569 156 69 potest
1626 2569 109 69 non
1673 2569 109 69 deme-

1058 2620 149 76 reri.
1158 2620 99 76 et
1207 2620 116 76 per
1273 2620 231 76 consequens
1455 2620 165 76 potest
1570 2620 116 76 non
1620 2620 165 76 damnari.
