2302 3095
285 202 137 67 gloriam
384 202 74 67 et
421 202 112 67 illos
496 202 186 67 reprobauit.
645 202 87 67 non
694 202 112 67 habet
769 202 149 67 rationem
880 202 99 67 nisi
930 202 87 67 diui-

282 252 85 55 nam
330 252 169 55 voluntatem
463 252 60 55 â‹
487 252 121 55 Contra
572 252 109 55 istam
644 252 133 55 opinion
741 252 109 55 primo
814 252 97 55 quod
874 252 109 55 dicit
934 252 73 55 quod

273 302 106 49 totus
344 302 141 49 effectus
449 302 247 49 praedestinationis
661 302 82 49 non
708 302 106 49 habet
778 302 129 49 aliquam
872 302 129 49 causam.
954 302 59 49 non

280 342 129 44 videtur
374 342 118 44 verum.
457 342 94 44 quia
516 342 106 44 totus
586 342 141 44 effectus
692 342 247 44 praedestinationis
892 342 118 44 repugnat

277 384 170 45 secundum
404 384 127 45 leges
489 384 184 45 ordinatas
630 384 184 45 existenti
772 384 85 45 in
814 384 156 45 peccato
913 384 99 45 morta

280 425 80 48 li.
325 425 91 48 ergo
382 425 102 48 nihil
450 425 91 48 quod
507 425 80 48 est
552 425 68 48 in
586 425 148 48 existente
700 425 68 48 in
734 425 125 48 peccato
825 425 125 48 mortali
916 425 80 48 est
950 425 57 48 ef-

281 467 128 52 fectus
371 467 281 52 praedestinationis.
614 467 90 52 sed
665 467 115 52 opera
742 467 102 52 bona
805 467 77 52 ex
844 467 128 52 genere
921 467 90 52 fctam

281 514 83 46 in
323 514 152 46 peccato
433 514 152 46 mortali
543 514 110 46 sunt
612 514 138 46 aliquo
709 514 110 46 modo
778 514 124 46 causa
860 514 124 46 quare
929 514 83 46 deus

273 558 86 55 dat
322 558 123 55 alicui
408 558 147 55 gratiam.
518 558 98 55 Unde
580 558 147 55 secundum
690 558 135 55 sanctos
788 558 74 55 et
825 558 147 55 doctores
923 558 74 55 quam

270 603 104 56 uis
330 603 134 56 opera
419 603 134 56 facta
508 603 89 56 in
552 603 163 56 peccato
671 603 163 56 mortali
790 603 134 56 nihil
864 603 134 56 faciani

277 652 86 49 ad
320 652 129 49 vitam
406 652 158 49 eternam
520 652 100 49 nec
578 652 258 49 remunerabuntur
793 652 86 49 in
836 652 115 49 vita
893 652 115 49 eterna

279 697 116 45 tamen
356 697 206 45 remunerantur
524 697 206 45 temporaliter
692 697 77 45 et
730 697 103 45 sunt
795 697 155 45 facienda
911 697 77 45 vt
937 697 64 45 ci-

275 737 103 56 tius
340 737 103 56 deus
404 737 90 56 det
456 737 129 56 alicui
546 737 142 56 gratiam
649 737 103 56 quae
714 737 155 56 mereatur
830 737 116 56 vitam
895 737 103 56 etenam

285 776 97 59 ergo
345 776 121 59 aliquo
430 776 97 59 modo
490 776 133 59 quamuis
587 776 85 59 non
635 776 193 59 sufficienter
793 776 97 59 nec.
841 776 157 59 simplicitur

268 833 197 50 meritorie
419 833 136 50 talia
510 833 136 50 opera
601 833 121 50 bona
677 833 197 50 disponunt
828 833 91 50 ad
859 833 136 50 gratiam

277 871 69 49 et
312 871 81 49 per
358 871 162 49 consequens
486 871 69 49 ad
521 871 139 49 effectum
625 871 255 49 praedestinationis.
845 871 81 49 Nec
891 871 81 49 sua
926 871 81 49 ratio

279 911 121 49 valet.
364 911 85 49 Nam
412 911 109 49 licet
485 911 146 49 quicquid
594 911 73 49 in
631 911 121 49 homine
716 911 146 49 ordinans
825 911 109 49 ipsum
898 911 73 49 ad
922 911 85 49 salu-

272 964 90 53 tem
324 964 142 53 tamquam
427 964 90 53 quo
478 964 129 53 posito
569 964 90 53 est
620 964 129 53 dignus
710 964 103 53 vita
775 964 103 53 etna
827 964 181 53 comprehenda-

279 1001 90 45 tur
331 1001 90 45 sub
382 1001 142 45 effectu
486 1001 271 45 praedestinationis
719 1001 90 45 non
770 1001 116 45 tamen
848 1001 103 45 omne
900 1001 103 45 quocum

267 1046 93 52 que
320 1046 107 52 modo
387 1046 160 52 ordinans
506 1046 160 52 scilicet
626 1046 186 52 disponendo
773 1046 93 52 vel
813 1046 186 52 impedimentum

262 1090 166 53 amouendo
387 1090 235 53 compreheditur
580 1090 97 53 sub
636 1090 152 53 effectu
732 1090 263 53 praedestinationis

283 1139 69 49 et
317 1139 150 49 huiusmodi
432 1139 81 49 est
478 1139 92 49 ipsa
536 1139 173 49 praeparatio
674 1139 69 49 ad
708 1139 127 49 gratiam
800 1139 92 49 quae
858 1139 81 49 non
904 1139 81 49 sub
938 1139 69 49 effe

268 1184 85 51 ctu
316 1184 254 51 praedestinationis
534 1184 109 51 cadit
606 1184 97 51 quia
667 1184 145 51 quicquid
775 1184 157 51 praecedit
884 1184 109 51 gratiam

267 1227 93 44 est
320 1227 146 44 commune
426 1227 172 44 existenti
558 1227 79 44 in
598 1227 146 44 peccato
704 1227 146 44 mortali
810 1227 79 44 et
849 1227 119 44 digno
916 1227 79 44 pena

279 1267 127 61 etena.
368 1267 76 61 et
407 1267 115 61 digno
483 1267 102 61 vita
547 1267 140 61 eterna.
648 1267 89 61 sed
699 1267 191 61 praeparatio
852 1267 76 61 ad
877 1267 115 61 gratiam

278 1306 130 59 praecedit
378 1306 120 59 gratiam.
468 1306 80 59 ergo
518 1306 70 59 est
558 1306 120 59 communis
648 1306 120 59 vtrique.
737 1306 80 59 ergo
787 1306 70 59 non
827 1306 70 59 est
867 1306 120 59 effectus
947 1306 60 59 pri-

273 1353 219 63 destinationis.
456 1353 85 63 Nec
504 1353 110 63 valet
577 1353 97 63 quod
638 1353 134 63 dicitur
736 1353 97 63 quod
797 1353 85 63 non
846 1353 122 63 potest
919 1353 85 63 fieri

277 1392 94 57 nisi
336 1392 82 57 per
383 1392 140 57 auxilium
488 1392 140 57 diuinum.
593 1392 94 57 quia
652 1392 82 57 non
699 1392 94 57 omne
757 1392 94 57 quod
816 1392 82 57 non
863 1392 117 57 potest
933 1392 70 57 fie-

261 1436 73 63 ri
297 1436 97 63 nisi
358 1436 85 63 per
407 1436 146 63 auxilium
517 1436 134 63 diuinum
614 1436 85 63 est
663 1436 146 63 effectus
760 1436 232 63 praedestinationis

271 1494 86 52 qui
320 1494 111 52 nihil
394 1494 160 52 positiuum
517 1494 123 52 potest
604 1494 111 52 fieri
677 1494 99 52 nisi
739 1494 86 52 per
788 1494 136 52 auxlium
875 1494 123 52 diuinum.

268 1534 73 44 et
304 1534 110 44 tamen
378 1534 85 44 non
426 1534 159 44 quodlibet
549 1534 98 44 tale
610 1534 85 44 est
658 1534 146 44 effectus
756 1534 232 44 praedestinationis

268 1577 60 51 â‹
292 1577 121 51 Contra
377 1577 109 51 aliud
449 1577 97 51 quod
510 1577 85 51 est
558 1577 109 51 causa
630 1577 109 51 quare
703 1577 133 51 aliquos
800 1577 193 51 praedestinet
945 1577 48 51 et

273 1617 115 54 alios
350 1617 166 54 reprobet.
478 1617 153 54 scilicet
593 1617 153 54 ostensio
708 1617 89 54 sue
759 1617 179 54 bonitatis.
900 1617 89 54 hoc
938 1617 51 54 no

275 1669 116 45 videtur
360 1669 105 45 verum.
433 1669 84 45 quia
486 1669 84 45 quae
538 1669 126 45 intendit
633 1669 116 45 aliquid
717 1669 126 45 intendit
812 1669 95 45 illud
875 1669 84 45 quod
917 1669 84 45 ordina

272 1711 96 48 tur
327 1711 82 48 ad
368 1711 124 48 illud
451 1711 82 48 et
492 1711 110 48 sine
561 1711 96 48 quo
616 1711 96 48 non
671 1711 192 48 poneretur.
822 1711 96 48 sed
863 1711 124 48 punitio

270 1750 119 52 etena
349 1750 93 52 non
402 1750 172 52 poneretur
535 1750 106 52 sine
601 1750 172 52 peccaoto.
733 1750 79 52 et
773 1750 159 52 peccatum
892 1750 79 52 ad
919 1750 79 52 puni

279 1792 97 61 tionem
347 1792 107 61 eternam
425 1792 136 61 ordinatur.
532 1792 78 61 ergo
581 1792 78 61 quae
629 1792 146 61 simpliciter
746 1792 58 61 et
775 1792 88 61 primo
834 1792 58 61 et
863 1792 117 61 praecise
941 1792 58 61 pro-

271 1837 92 51 pter
328 1837 126 51 aliquid
420 1837 138 51 intendit
523 1837 161 51 punitionem
649 1837 138 51 eternam.
753 1837 138 51 scilicet
856 1837 126 51 propter
937 1837 57 51 ma-

272 1883 237 55 nifestationem
467 1883 97 55 sue
523 1883 181 55 bonitatis
662 1883 167 55 intendit
787 1883 181 55 peccatum.
926 1883 97 55 sed

267 1930 143 51 peccatum
374 1930 83 51 non
422 1930 143 51 intendit
529 1930 107 51 deus.
600 1930 95 51 ergo
660 1930 83 51 non
707 1930 143 51 praecise
815 1930 143 51 intendit
910 1930 83 51 puni-

270 1970 127 57 tionem
359 1970 139 57 eternam
460 1970 139 57 propter
562 1970 190 57 ostensionem
714 1970 89 57 sue
765 1970 165 57 bonitatis
892 1970 63 57 â‹
904 1970 89 57 Istem

262 2013 109 48 aliud
335 2013 97 48 quod
395 2013 97 48 dic.
456 2013 97 48 quod
516 2013 85 48 non
565 2013 85 48 est
613 2013 109 48 ratio
686 2013 109 48 quare
759 2013 85 48 hos
807 2013 121 48 elegit
892 2013 73 48 et
916 2013 85 48 istos

278 2065 148 48 reprobauit.
396 2065 69 48 hoc
436 2065 69 48 non
475 2065 108 48 videtur
554 2065 98 48 verum.
623 2065 79 48 quia
672 2065 98 48 quando
741 2065 69 48 non
780 2065 69 48 est
820 2065 89 48 alqua
879 2065 89 48 ratio
928 2065 69 48 quare

267 2098 80 57 de
307 2098 173 57 equalibus
440 2098 120 57 fiunt
520 2098 173 57 inequalia
653 2098 107 57 nisi
719 2098 107 57 sola
786 2098 160 57 voluntas
892 2098 107 57 facien

274 2144 100 57 tis.
336 2144 162 57 stantibus
460 2144 112 57 illis
535 2144 162 57 equalibus
659 2144 75 57 et
696 2144 112 57 nulla
771 2144 187 57 diuersitate
908 2144 87 57 illis

275 2191 217 47 adueniente.
448 2191 130 47 nihil
535 2191 130 47 minus
622 2191 87 47 de
665 2191 130 47 illis
752 2191 159 47 fierent
853 2191 145 47 diuersa.

270 2232 112 55 Uerbi
344 2232 137 55 gratia.
444 2232 75 55 in
481 2232 149 55 exemplis
593 2232 100 55 suis
656 2232 112 55 quare
730 2232 87 55 hoc
780 2232 100 55 pars
843 2232 137 55 materie
930 2232 62 55 sit

271 2277 96 61 sub
326 2277 110 61 illa
395 2277 124 61 forma
478 2277 83 61 et
519 2277 110 61 alia
588 2277 110 61 pars
657 2277 151 61 materie
767 2277 96 61 sit
822 2277 96 61 sub
877 2277 110 61 alia
932 2277 69 61 for

267 2322 84 49 ma.
315 2322 84 49 non
363 2322 84 49 est
411 2322 108 49 ratio
483 2322 96 49 nisi
543 2322 96 49 sola
603 2322 144 49 voluntas
711 2322 132 49 diuina.
807 2322 72 49 et
843 2322 96 49 ideo
903 2322 72 49 ad
927 2322 60 49 hoc

274 2374 107 51 quod
340 2374 94 51 hec
394 2374 107 51 pars
461 2374 147 51 materie
568 2374 107 51 fiat
634 2374 94 51 sub
688 2374 107 51 illa
755 2374 120 51 forma
835 2374 80 51 et
875 2374 107 51 illa
928 2374 67 51 sub

274 2420 100 50 alia
336 2420 112 50 forma
410 2420 87 50 non
460 2420 174 50 requiritur
597 2420 174 50 diuersitas
734 2420 137 50 praeuia
833 2420 75 50 ex
871 2420 112 50 parte
933 2420 62 50 ma-

272 2457 137 57 terie.
368 2457 110 57 immo
437 2457 123 57 nulla
519 2457 205 57 diuersitate
683 2457 151 57 praeuia
793 2457 96 57 fit
834 2457 164 57 actualiter

265 2503 116 52 ista
337 2503 159 52 materia
452 2503 101 52 sub
510 2503 101 52 hac
568 2503 144 52 forma.
669 2503 87 52 et
712 2503 116 52 illa
785 2503 101 52 sub
843 2503 116 52 illa
900 2503 87 52 for-

265 2548 88 58 mar.
320 2548 142 58 Similiter
429 2548 88 58 quia
484 2548 77 58 non
528 2548 77 58 est
572 2548 88 58 alia
627 2548 99 58 ratio
692 2548 99 58 quare
758 2548 121 58 figulus
846 2548 66 58 de
879 2548 88 58 ista
922 2548 77 58 parte

265 2590 125 79 masse
348 2590 125 79 facit
432 2590 97 79 vas
487 2590 83 79 in
529 2590 166 79 honorem.
653 2590 83 79 et
695 2590 83 79 de
737 2590 111 79 illa
806 2590 125 79 parte
875 2590 125 79 eiusdem

1089 207 133 50 masse
1178 207 133 50 facit
1267 207 103 50 vas
1326 207 89 50 in
1370 207 222 50 contumeliam
1547 207 118 50 nisi
1621 207 118 50 sola
1680 207 148 50 voluntas

1105 247 165 53 facientis.
1235 247 94 53 ideo
1294 247 71 53 et
1329 247 71 53 si
1365 247 106 53 nulla
1436 247 153 53 praecedat
1554 247 165 53 diuersitas
1683 247 71 53 in
1707 247 118 53 partibus

1103 295 142 57 masse:
1202 295 213 57 nihilominus
1373 295 142 57 faciet
1473 295 85 57 de
1515 295 171 57 diuersis
1643 295 171 57 partibus
1757 295 71 57 di-

1105 344 112 45 uersa
1179 344 112 45 vasa.
1254 344 99 45 ergo
1316 344 75 45 si
1353 344 87 45 non
1403 344 87 45 sit
1452 344 99 45 alia
1514 344 112 45 ratio
1589 344 99 45 nisi
1651 344 99 45 sola
1701 344 124 45 voluntas

1096 384 112 46 diuina
1174 384 101 46 quare
1242 384 90 46 iste
1298 384 168 46 reprobatur.
1432 384 67 46 et
1466 384 79 46 per
1511 384 157 46 consequens
1634 384 101 46 quare
1702 384 90 46 isti
1746 384 79 46 datur

1097 428 84 58 pena
1149 428 115 58 eterna.
1233 428 63 58 et
1264 428 94 58 quare
1327 428 84 58 iste
1379 428 199 58 praedestinatur.
1547 428 63 58 et
1578 428 73 58 per
1620 428 147 58 consequens
1735 428 84 58 sibi
1777 428 42 58 da

1105 475 84 59 tur
1153 475 96 59 vita
1213 475 108 59 etena
1285 475 204 59 quantumcumque
1453 475 96 59 isti
1512 475 120 59 semper
1596 475 156 59 remaneant
1704 475 120 59 equales.

1101 523 83 54 et
1143 523 166 54 quicquid
1267 523 152 54 faceret
1378 523 111 54 vnus
1448 523 152 54 faceret
1559 523 139 54 alius.
1642 523 180 54 nihilominus

1097 564 85 46 vnus
1150 564 148 46 damnabitur
1267 564 63 46 et
1298 564 95 46 alius
1362 564 159 46 saluabitur.
1489 564 63 46 et
1521 564 74 46 per
1563 564 148 46 consequens
1679 564 63 46 si
1711 564 85 46 vnus
1754 564 63 46 illo

1095 603 94 52 rum
1148 603 147 52 numquam
1255 603 174 52 peccasset
1389 603 200 52 nihilominus
1549 603 187 52 damnabitur
1696 603 67 52 â‹
1709 603 107 52 Preter

1091 653 66 45 ea
1124 653 175 45 quandocumque
1266 653 99 45 nulla
1332 653 77 45 est
1376 653 99 45 ratio
1442 653 99 45 quare
1507 653 120 45 aliquid
1595 653 110 45 alicui
1672 653 142 45 confertur
1770 653 44 45 ni

1096 694 67 52 si
1129 694 90 52 sola
1186 694 135 52 voluntas
1287 694 180 52 conferentis.
1432 694 90 52 tunc
1489 694 79 52 non
1533 694 79 52 est
1578 694 101 52 ratio
1646 694 101 52 quare
1713 694 90 52 sibi
1758 694 56 52 com

1094 739 133 49 fertur
1187 739 120 49 maius
1267 739 93 49 vel
1320 739 120 49 minus
1400 739 107 49 nisi
1467 739 107 49 sola
1533 739 160 49 voluntas
1640 739 173 49 conferentis

1101 778 86 65 ergo
1155 778 65 65 si
1187 778 97 65 nulla
1252 778 75 65 sit
1295 778 97 65 ratio
1359 778 97 65 quare
1424 778 86 65 iste
1478 778 151 65 praescitur
1596 778 65 65 ad
1628 778 97 65 penam
1693 778 97 65 etnam
1747 778 75 65 nisi-

1093 829 96 53 sola
1153 829 144 53 voluntas
1261 829 132 53 divina.
1356 829 108 53 nulla
1428 829 96 53 alia
1488 829 96 53 erit
1548 829 108 53 ratio
1620 829 108 53 quare
1691 829 96 53 iste
1739 829 72 53 pri-

1089 868 126 62 scitur
1178 868 76 62 ad
1216 868 114 62 penam
1291 868 139 62 eternam
1392 868 139 62 maiorem
1493 868 88 62 vel
1544 868 151 62 minorem.
1657 868 63 62 â‹
1683 868 101 62 Ideo
1733 868 101 62 aliter

1092 920 115 51 dicitur
1175 920 84 51 quod
1228 920 220 51 praedestinationis
1417 920 94 51 nulla
1480 920 73 51 est
1522 920 94 51 ratio
1585 920 63 51 ex
1616 920 94 51 parte
1669 920 136 51 praedestina

1083 964 78 58 ti
1122 964 131 58 aliquo
1213 964 104 58 modo
1279 964 117 58 prior
1357 964 104 58 ipsa
1422 964 274 58 praedestinatione.
1644 964 170 58 Reprobatuim

1101 1010 84 47 onis
1153 1010 94 47 tamen
1215 1010 73 47 est
1257 1010 104 47 aliqua
1330 1010 104 47 ratio.
1404 1010 73 47 non
1445 1010 104 47 quidem
1518 1010 115 47 propter
1602 1010 84 47 quam
1654 1010 84 47 deus
1696 1010 115 47 effective

1092 1048 142 64 reprobat
1199 1048 154 64 inquantum
1317 1048 106 64 actio
1388 1048 83 64 est
1435 1048 59 64 a
1459 1048 95 64 deo.
1518 1048 83 64 sed
1565 1048 130 64 propter
1659 1048 95 64 quam
1718 1048 95 64 ista
1766 1048 47 64 a-

1089 1095 108 52 ctio
1156 1095 94 52 sic
1210 1095 189 52 terminatur
1358 1095 81 52 ad
1398 1095 121 52 illud
1479 1095 162 52 obiectum
1600 1095 81 52 et
1641 1095 94 52 non
1695 1095 81 52 ad
1722 1095 94 52 aliud

1111 1134 116 54 Primum
1193 1134 151 54 probatur.
1309 1134 93 54 quia
1368 1134 140 54 ordinate
1472 1134 116 54 volens
1554 1134 105 54 finem
1624 1134 70 54 et
1659 1134 70 54 ea
1694 1134 93 54 quae
1740 1134 70 54 sunt

1094 1186 67 45 ad
1127 1186 101 45 finem
1195 1186 101 45 prius
1262 1186 90 45 vult
1318 1186 101 45 finem
1385 1186 90 45 quam
1441 1186 123 45 aliquid
1530 1186 101 45 eorum
1597 1186 90 45 quae
1653 1186 90 45 sunt
1709 1186 67 45 ad
1732 1186 78 45 finem

1084 1223 71 49 et
1120 1223 131 49 propter
1215 1223 107 49 finem
1286 1223 95 49 vult
1345 1223 107 49 alia.
1416 1223 95 49 ergo
1476 1223 83 49 cum
1523 1223 71 49 in
1559 1223 95 49 toto
1618 1223 142 49 processu
1725 1223 83 49 quo
1761 1223 59 49 cre

1088 1273 113 49 atura
1164 1273 227 49 beatificabilis
1353 1273 177 49 perducitur
1492 1273 76 49 ad
1530 1273 164 49 perfectum
1656 1273 113 49 finem
1719 1273 88 49 finis

1091 1317 150 46 vltimus
1201 1317 96 46 sit
1255 1317 164 46 perfecta
1378 1317 191 46 beatitudo.
1529 1317 109 46 deus
1597 1317 137 46 volens
1693 1317 109 46 huic
1748 1317 68 46 ali

1091 1358 110 50 quid
1160 1358 138 50 illius
1256 1358 165 50 ordinis.
1380 1358 124 50 primo
1463 1358 110 50 vult
1531 1358 110 50 huic
1600 1358 165 50 creature
1710 1358 110 50 beati-

1090 1402 145 52 ficabili
1199 1402 121 52 finem.
1284 1402 73 52 et
1320 1402 109 52 quasi
1392 1402 157 52 posterius
1513 1402 97 52 vult
1574 1402 97 52 sibi
1634 1402 97 52 alia
1695 1402 97 52 quae
1743 1402 73 52 sunt

1090 1447 67 58 ad
1123 1447 101 58 illum
1191 1447 112 58 finem.
1269 1447 90 58 ergo
1325 1447 101 58 prius
1392 1447 90 58 vult
1448 1447 90 58 deus
1504 1447 90 58 isti
1560 1447 179 58 beatitudinem
1706 1447 90 58 quam
1751 1447 56 58 ali

1094 1488 92 51 quid
1151 1488 138 51 aliorum.
1254 1488 69 51 et
1289 1488 80 51 pus
1335 1488 92 51 vult
1392 1488 69 51 ei
1426 1488 161 51 quodcumque
1553 1488 103 51 eorum
1621 1488 92 51 quam
1667 1488 138 51 praeuideat

1091 1538 98 60 ipsum
1156 1538 152 60 quodcumque
1276 1538 98 60 eorum
1341 1538 152 60 habiturum.
1461 1538 87 60 ergo
1515 1538 120 60 propter
1602 1538 109 60 nullum
1678 1538 98 60 eorum
1733 1538 76 60 prie-

1089 1584 109 57 uisum
1161 1584 109 57 vult.
1234 1584 73 57 ei
1270 1584 205 57 beatitudinem.
1439 1584 145 57 Secundum
1548 1584 157 57 probatur.
1669 1584 97 57 quia
1717 1584 97 57 damna-

1091 1627 74 52 tio
1134 1627 74 52 non
1176 1627 116 52 videtur
1260 1627 84 52 bona
1312 1627 84 52 nisi
1365 1627 84 52 quia
1418 1627 105 52 iusta.
1491 1627 74 52 Nam
1533 1627 126 52 secundum
1628 1627 105 52 augis.
1702 1627 95 52 super
1754 1627 53 52 ge-

1087 1669 85 53 ne.
1136 1669 85 53 ii.
1184 1669 85 53 Non
1233 1669 85 53 est
1282 1669 110 53 prius
1355 1669 97 53 deus
1415 1669 110 53 vltor
1488 1669 97 53 quam
1549 1669 134 53 aliquis
1647 1669 85 53 sit
1683 1669 134 53 peccator.

1092 1716 105 50 vitur
1162 1716 93 50 enim
1221 1716 93 50 esse
1279 1716 187 50 crudelitatis
1431 1716 117 50 punire
1513 1716 129 50 aliquem
1606 1716 93 50 nisi
1653 1716 152 50 praexisten-

1082 1752 70 63 te
1117 1752 70 63 in
1152 1752 70 63 eo
1187 1752 116 63 culpa.
1269 1752 93 63 ergo
1327 1752 58 63 a
1350 1752 116 63 simili
1432 1752 81 63 non
1478 1752 93 63 vult
1536 1752 93 63 deus
1594 1752 105 63 prius
1664 1752 116 63 punire
1734 1752 70 63 quam

1092 1796 125 56 videat
1179 1796 137 56 aliquem
1279 1796 100 56 esse
1341 1796 187 56 peccatorem.
1491 1796 100 56 ergo
1554 1796 125 56 primus
1641 1796 112 56 actus
1704 1796 112 56 volunta

1086 1844 93 49 tis
1139 1844 133 49 divine
1232 1844 93 49 non
1285 1844 93 49 est
1338 1844 120 49 velle
1418 1844 146 49 damnare
1524 1844 120 49 iudam
1604 1844 120 49 provt
1683 1844 120 49 iudas
1750 1844 66 49 of-

1083 1887 126 55 fertur
1172 1887 76 55 in
1209 1887 113 55 puris
1285 1887 202 55 naturalibus.
1449 1887 101 55 quia
1512 1887 88 55 sic
1562 1887 126 55 vellet
1651 1887 139 55 damnare
1739 1887 63 55 si-

1087 1933 67 57 ne
1120 1933 112 57 culpa.
1199 1933 78 57 sed
1244 1933 123 57 videtur
1333 1933 90 57 quod
1389 1933 101 57 ortet
1457 1933 101 57 iudam
1524 1933 123 57 offerri
1613 1933 146 57 voluntati
1714 1933 90 57 diuine

1077 1977 81 46 sub
1124 1977 127 46 ratione
1216 1977 162 46 paccatoris
1343 1977 139 46 antequam
1447 1977 104 46 velit
1517 1977 81 46 eum
1563 1977 139 46 damnare.
1667 1977 92 46 ergo
1725 1977 81 46 cum
1759 1977 58 46 re-

1079 2023 155 58 probare
1192 2023 99 58 sit
1248 2023 127 58 velle
1332 2023 155 58 damnare
1445 2023 197 58 reprobatio
1600 2023 127 58 habet
1684 2023 84 58 ex
1712 2023 99 58 parte

1086 2068 128 47 obiecti
1179 2068 140 47 rationem
1284 2068 140 47 scilicet
1389 2068 151 47 pectantum
1505 2068 116 47 finale
1587 2068 163 47 praeuisum.
1715 2068 58 47 â‹
1726 2068 105 47 Quamuis

1084 2108 95 59 ista
1144 2108 143 59 opinione
1251 2108 119 59 possit
1335 2108 155 59 sustineri
1454 2108 131 59 quantum
1549 2108 72 59 ad
1585 2108 107 59 illam
1657 2108 119 59 partem
1740 2108 72 59 de
1764 2108 48 59 re

1097 2153 154 56 orobatione.
1220 2153 92 56 tamen
1282 2153 72 56 non
1323 2153 103 56 vietur
1395 2153 82 56 quin
1446 2153 134 56 aliquando
1549 2153 72 56 ita
1590 2153 72 56 sit
1631 2153 92 56 ratio
1682 2153 134 56 praedestiva

1085 2204 114 51 tionis
1164 2204 103 51 sicut
1233 2204 205 51 reprobationis.
1404 2204 91 51 quia
1461 2204 103 51 sicut
1530 2204 91 51 deus
1587 2204 80 51 non
1632 2204 103 51 prius
1701 2204 80 51 est
1735 2204 80 51 vltor

1081 2242 91 51 quam
1137 2242 124 51 aliquis
1228 2242 79 51 sit
1273 2242 147 51 peccator.
1386 2242 79 51 ita
1432 2242 79 51 non
1477 2242 102 51 prius
1545 2242 147 51 aliquando
1658 2242 91 51 deus
1714 2242 79 51 est
1748 2242 57 51 re-

1083 2290 143 55 tributor
1190 2290 84 55 vel
1238 2290 179 55 beatificans
1381 2290 95 55 quam
1441 2290 131 55 aliquis
1537 2290 84 55 sit
1584 2290 107 55 primo
1656 2290 155 55 iustifica

1086 2329 72 62 tus
1127 2329 72 62 per
1168 2329 124 62 gratiam.
1261 2329 82 62 ergo
1312 2329 93 62 sicut
1374 2329 124 62 peccatum
1467 2329 103 62 finale
1539 2329 134 62 praeuisum
1642 2329 72 62 est
1683 2329 62 62 ex
1714 2329 93 62 parte
1766 2329 41 62 ob

1077 2371 110 52 iecti
1150 2371 110 52 ratio
1224 2371 220 52 reprobationis.
1407 2371 86 52 ita
1456 2371 159 52 aliquando
1578 2371 122 52 gratia
1664 2371 86 52 vel
1701 2371 110 52 meritum

1092 2415 143 56 praecedens
1204 2415 133 56 praeuisum
1306 2415 72 56 est
1347 2415 92 56 ratio
1409 2415 215 56 praedestinatonis.
1592 2415 51 56 â‹
1613 2415 123 56 Preterea
1705 2415 92 56 ratio
1756 2415 51 56 non

1079 2467 114 56 videtur
1162 2467 156 56 concludere.
1287 2467 83 56 quia
1339 2467 62 56 no
1370 2467 104 56 semper
1443 2467 114 56 aliquis
1526 2467 94 56 prius
1588 2467 83 56 vult
1640 2467 94 56 finem
1692 2467 104 56 alicuius

1082 2510 85 48 quam
1135 2510 95 48 illud
1199 2510 85 48 quod
1252 2510 74 48 est
1294 2510 63 48 ad
1325 2510 85 48 fine
1378 2510 106 48 illum.
1452 2510 63 48 et
1484 2510 74 48 hoc
1526 2510 74 48 est
1569 2510 106 48 quando
1642 2510 95 48 finis
1706 2510 85 48 iste
1748 2510 53 48 non

1073 2555 133 50 datur
1162 2555 118 50 nisi
1236 2555 163 50 propter
1354 2555 163 50 aliquod
1472 2555 192 50 precedens
1620 2555 118 50 quod
1694 2555 103 50 est
1753 2555 89 50 ad

1077 2598 120 71 finem.
1161 2598 72 71 et
1197 2598 84 71 sic
1245 2598 132 71 videtur
1341 2598 96 71 esse
1401 2598 72 71 in
1437 2598 168 71 proposito.
1569 2598 96 71 quod
1629 2598 156 71 beatitudo
1737 2598 72 71 ista
