2273 3051
397 205 177 76 creature
530 205 132 76 sicut
618 205 118 76 ipse
692 205 162 76 arguit.
809 205 132 76 arguo
898 205 118 76 ego.
971 205 74 76 ⁋
1001 205 103 76 Nam
1045 205 88 76 cau-

393 257 81 63 sa
433 257 121 63 agens
514 257 121 63 prima
594 257 108 63 sine
662 257 94 63 qua
716 257 94 63 non
770 257 135 63 potest
864 257 162 63 effectus
985 257 148 63 produci
1079 257 54 63 in

408 301 167 52 quocumque
536 301 154 52 instanti
652 301 180 52 comparatur
793 301 167 52 effectui.
921 301 77 52 in
960 301 103 52 illo
1011 301 128 52 instanti

412 351 96 54 agit.
476 351 85 54 ergo
529 351 74 54 cum
572 351 96 54 causa
636 351 96 54 prima
700 351 96 54 prius
764 351 149 54 comparetur
881 351 128 54 effectui
976 351 85 54 quam
1030 351 96 54 causa
1083 351 53 54 se-

409 390 107 56 cuda.
480 390 71 56 et
516 390 95 56 tunc
575 390 154 56 causatur.
694 390 95 56 ergo
754 390 71 56 in
789 390 95 56 illo
849 390 143 56 instanti
956 390 143 56 producit
1051 390 83 56 totum

412 430 142 61 effectum.
521 430 87 61 ergo
576 430 65 61 in
608 430 120 61 secundo
695 430 131 61 instanti
793 430 65 61 in
826 430 76 61 quo
870 430 153 61 comparatur
989 430 98 61 causa
1044 430 98 61 secunda

414 473 77 64 ad
453 473 154 64 effectum
568 473 115 64 nihil
645 473 205 64 intelligitur
812 473 103 64 tunc
876 473 179 64 causandum.
1017 473 103 64 ergo
1068 473 64 64 cau

416 524 79 50 sa
455 524 145 50 secunda
561 524 119 50 nihil
640 524 145 50 causat.
745 524 66 50 ⁋
771 524 79 50 Si
811 524 145 50 dicatur
916 524 105 50 quod
969 524 158 50 argumentum

418 567 84 58 non
466 567 109 58 valet
539 567 72 58 de
575 567 109 58 causa
647 567 109 58 prima
720 567 121 58 libere
804 567 157 58 causante.
925 567 97 58 quia
985 567 97 58 illa
1033 567 97 58 potest

406 613 125 55 causare
497 613 114 55 quando
577 613 114 55 placet
656 613 103 55 sibi.
725 613 80 55 sed
770 613 91 55 bene
827 613 103 55 valet
896 613 68 55 de
930 613 103 55 causa
987 613 148 55 neccessario

416 652 161 56 causante.
539 652 99 56 quia
601 652 99 56 illa
663 652 111 56 causa
737 652 74 56 in
774 652 161 56 quocumque
898 652 148 56 instanti
997 652 136 56 compratur

416 698 73 58 ad
452 698 146 58 effectum
562 698 182 58 neccessario
707 698 134 58 causat.
804 698 61 58 ⁋
829 698 109 58 Istua
901 698 85 58 non
950 698 158 58 sufficit.
1059 698 73 58 quid

412 747 194 48 accipiendo
564 747 138 48 causam
661 747 138 48 primam
758 747 111 48 sine
827 747 97 48 qua
882 747 152 48 secunda
993 747 97 48 non
1034 747 111 48 potest

418 794 112 45 talem
492 794 149 45 effectum
604 794 174 45 producere.
741 794 75 45 Et
778 794 100 45 tunc
840 794 137 45 quaero.
940 794 87 45 aut
990 794 112 45 causa
1052 794 87 45 prima

424 829 106 64 prius
495 829 141 64 compatur
601 829 71 64 ad
636 829 106 64 illum
707 829 153 64 effectum.
824 829 82 64 aut
871 829 94 64 non.
930 829 71 64 si
965 829 94 64 sic.
1024 829 94 64 ergo
1071 829 59 64 tun

417 874 141 52 causat
516 874 183 52 effectum.
657 874 113 52 ergo
727 874 113 52 tunc
798 874 127 52 nihil
882 874 155 52 remanet
981 874 169 52 causandum.

416 916 77 60 Si
455 916 90 60 non
506 916 128 60 prius:
595 916 90 60 sed
647 916 77 60 in
685 916 115 60 eodem
762 916 154 60 instanti
877 916 154 60 compatur
992 916 77 60 ad
1018 916 128 60 effectum

424 964 71 55 in
460 964 83 55 quo
507 964 107 55 causa
579 964 131 55 secunda
674 964 155 55 compratur
793 964 71 55 ad
829 964 155 55 effectum.
948 964 71 55 et
984 964 83 55 ita
1032 964 83 55 non
1068 964 71 55 plus

423 1016 176 46 repugnat
555 1016 146 46 duabus
658 1016 146 46 causis
760 1016 220 46 naturalibus
936 1016 161 46 operari
1053 1016 88 46 in
1082 1016 59 46 eo

418 1046 84 54 de
460 1046 168 54 instanti
586 1046 84 54 ad
628 1046 182 54 effectum.
768 1046 112 54 quam
837 1046 140 54 duabus
935 1046 154 54 causis:
1033 1046 112 54 quarum

426 1100 88 47 vna
477 1100 88 47 sit
527 1100 138 47 libera:
627 1100 75 47 et
665 1100 100 47 alia
728 1100 176 47 naturalis.
865 1100 100 47 ergo
928 1100 88 47 non
978 1100 151 47 obstante
1079 1100 75 47 pri-

419 1131 134 62 mitate
513 1131 134 62 causae
607 1131 148 62 poterit
714 1131 107 62 deus
781 1131 188 62 concurrere
929 1131 81 62 et
969 1131 148 62 causare
1063 1131 81 62 eun-

421 1179 80 60 dem
466 1179 137 60 effectum
569 1179 80 60 cum
615 1179 103 60 causa
684 1179 137 60 secunda:
787 1179 103 60 etiam
855 1179 69 60 si
889 1179 91 60 deus
947 1179 103 60 esset
1015 1179 103 60 causa
1072 1179 69 60 natu

421 1225 114 56 ralis.
500 1225 91 56 Unde
557 1225 125 56 videtur
648 1225 91 56 quod
705 1225 102 56 eadem
773 1225 102 56 ratio
842 1225 148 56 concludat
956 1225 91 56 quod
1012 1225 102 56 nulla
1069 1225 80 56 causa

418 1267 156 53 naturalis
538 1267 108 53 prior
610 1267 120 53 potest
694 1267 168 53 concurrere
826 1267 84 53 cum
874 1267 108 53 causa
946 1267 144 53 secunda.
1054 1267 72 53 ad
1078 1267 72 53 pro-

420 1314 162 56 ducendum
541 1314 148 56 aliquem
649 1314 175 56 effectum.
784 1314 94 56 Nam
838 1314 148 56 accipio
946 1314 135 56 causam
1027 1314 121 56 priorem

422 1355 188 58 quancunque
570 1355 81 58 et
610 1355 135 58 causam
704 1355 161 58 secundam
825 1355 229 58 subordinatam.
1013 1355 81 58 et
1040 1355 108 58 quaero

417 1398 85 61 aut
465 1398 97 61 illa
526 1398 109 61 causa
598 1398 109 61 prior
671 1398 109 61 prius
743 1398 145 61 compatur
852 1398 73 61 ad
888 1398 145 61 effectum
997 1398 97 61 quam
1045 1398 109 61 secunda

426 1440 113 61 causa.
505 1440 79 61 aut
550 1440 90 61 non.
606 1440 68 61 Si
640 1440 90 61 sic.
697 1440 90 61 ergo
753 1440 68 61 in
787 1440 102 61 primo
855 1440 136 61 instanti
957 1440 113 61 causat
1036 1440 102 61 causa
1092 1440 68 61 pri-

431 1491 74 53 or.
474 1491 63 53 et
505 1491 106 53 certum
580 1491 74 53 est
622 1491 85 53 quod
675 1491 74 53 non
717 1491 106 53 causat
791 1491 106 53 parten
865 1491 138 53 effectus.
971 1491 85 53 quia
1024 1491 74 53 non
1066 1491 74 53 est
1098 1491 53 53 ma-

432 1533 68 61 ior
471 1533 87 61 ratio
529 1533 87 61 quare
587 1533 97 61 causat
654 1533 77 61 vnam
703 1533 97 61 partem
770 1533 77 61 quam
819 1533 97 61 aliam.
886 1533 58 61 et
915 1533 126 61 similiter
1012 1533 135 61 frequenter
1108 1533 39 61 es

436 1582 123 48 fectus
522 1582 86 48 est
571 1582 210 48 indiuisibilis
744 1582 86 48 non
793 1582 123 48 habens
880 1582 136 48 partes.
978 1582 99 48 ergo
1040 1582 74 48 in
1065 1582 86 48 primo

424 1618 147 54 instanti
534 1618 123 54 causat
620 1618 110 54 totum
694 1618 160 54 effectum.
816 1618 98 54 ergo
878 1618 74 54 in
915 1618 135 54 secundo
1013 1618 147 54 instanti
1111 1618 49 54 ni

429 1661 82 55 hil
476 1661 129 55 remanet
570 1661 164 55 causandum.
698 1661 70 55 et
733 1661 82 55 per
780 1661 164 55 consequens
909 1661 129 55 numquam
1002 1661 105 55 causa
1061 1661 105 55 secunda

424 1711 93 62 agit
483 1711 81 62 cum
529 1711 105 62 causa
599 1711 116 62 prima.
680 1711 70 62 et
715 1711 81 62 ita
762 1711 93 62 illa
820 1711 105 62 ratio
890 1711 140 62 destruit
994 1711 128 62 ordinem
1076 1711 81 62 essen

438 1751 116 51 tialem
520 1751 151 51 causarum.
636 1751 70 51 Si
671 1751 105 51 autem
741 1751 93 51 illa
799 1751 105 51 causa
868 1751 105 51 prima
938 1751 81 51 non
985 1751 105 51 prius
1043 1751 116 51 compatur

436 1793 63 62 ad
467 1793 126 62 effectum
561 1793 84 62 quam
614 1793 94 62 causa
677 1793 126 62 secunda.
771 1793 94 62 eadem
834 1793 126 62 ratione:
928 1793 73 62 nec
970 1793 94 62 causa
1023 1793 136 62 simpliciter

428 1840 100 60 pria
491 1840 151 60 compatur
604 1840 113 60 prius
679 1840 75 60 ad
717 1840 151 60 effectum
830 1840 100 60 quam
893 1840 113 60 causa
968 1840 151 60 secunda.
1081 1840 75 60 Et
1106 1840 63 60 ita

441 1881 120 58 propter
529 1881 99 58 talem
594 1881 164 58 prioritatem
726 1881 77 58 non
770 1881 120 58 oportet
857 1881 88 58 deum
912 1881 110 58 negare
989 1881 88 58 esse
1044 1881 110 58 causam
1109 1881 55 58 in-

435 1928 159 46 mediatam
554 1928 145 46 omnium.
660 1928 66 46 ⁋
686 1928 106 46 Ideo
752 1928 145 46 quantum
858 1928 79 46 ad
898 1928 119 46 istum
977 1928 172 46 articulum
1096 1928 66 46 di-

445 1970 75 53 co.
488 1970 86 53 quod
542 1970 75 53 non
585 1970 107 53 potest
660 1970 129 53 naturali
756 1970 118 53 ratione
842 1970 161 53 demonstrari
971 1970 86 53 quod
1024 1970 86 53 deus
1067 1970 86 53 potest

439 2009 177 60 immediate
575 2009 81 60 se
616 2009 109 60 solo
684 2009 122 60 omnem
765 2009 163 60 effectum
887 2009 204 60 producibile
1037 2009 122 60 produce

436 2063 77 45 re.
480 2063 88 45 quia
535 2063 77 45 non
579 2063 110 45 potest
656 2063 132 45 naturali
755 2063 121 45 ratione
844 2063 165 45 demonstrari
976 2063 88 45 quod
1031 2063 88 45 deus
1075 2063 88 45 causat

435 2099 68 56 se
469 2099 90 56 solo
525 2099 102 56 omnia
593 2099 68 56 de
627 2099 113 56 facto.
705 2099 79 56 cum
751 2099 102 56 illud
818 2099 79 56 sit
863 2099 135 56 fclatum.
965 2099 68 56 et
999 2099 68 56 ab
1033 2099 124 56 omnibus
1112 2099 56 56 tam

451 2148 172 56 hilosophis.
588 2148 92 56 quam
646 2148 103 56 sctis
714 2148 138 56 negatum:
818 2148 80 56 cum
864 2148 103 56 omnes
932 2148 115 56 ponant
1013 2148 126 56 aliquas
1093 2148 69 56 esse

445 2190 114 56 causas
524 2190 148 56 secundas.
638 2190 80 56 Nec
684 2190 114 56 potest
763 2190 102 56 etiam
832 2190 125 56 probari
923 2190 91 56 quod
980 2190 91 56 deus
1025 2190 137 56 contingen-

443 2232 93 54 ter
496 2232 79 54 et
535 2232 132 54 libere
628 2232 106 54 agit
694 2232 93 54 vel
747 2232 132 54 causat
840 2232 106 54 illa
906 2232 106 54 quae
972 2232 145 54 causat.
1078 2232 79 54 Et
1104 2232 53 54 ex

446 2276 101 58 istis
513 2276 135 58 sequitur
614 2276 90 58 quod
670 2276 79 58 non
715 2276 112 58 potest
794 2276 123 58 ostendi
883 2276 123 58 ratione
973 2276 135 58 naturali
1074 2276 90 58 deum
1119 2276 56 58 pos

448 2328 74 49 se
485 2328 111 49 omnia
559 2328 160 49 immediate
682 2328 74 49 et
719 2328 74 49 se
756 2328 111 49 causa
830 2328 99 49 solo
892 2328 99 49 sine
953 2328 99 49 omni
1003 2328 160 49 concausante

451 2364 145 53 causare.
559 2364 84 53 hoc
608 2364 121 53 patet.
692 2364 96 53 quia
752 2364 96 53 omne
813 2364 108 53 agens
885 2364 145 53 naturale
993 2364 72 53 et
1017 2364 145 53 sufficiens

444 2405 156 54 equaliter
564 2405 168 54 respiciens
696 2405 120 54 multa.
780 2405 84 54 vel
827 2405 180 54 neccessario
971 2405 144 54 producit
1067 2405 108 54 quodli-

453 2451 81 56 bet
500 2451 139 56 illorum.
604 2451 81 56 vel
650 2451 127 56 nullum.
743 2451 93 56 ergo
801 2451 70 56 si
836 2451 93 56 deus
894 2451 81 56 sit
940 2451 93 56 ages
998 2451 162 56 sufficiens
1114 2451 46 56 et

449 2496 200 55 naturaliter
609 2496 147 55 causans
715 2496 173 55 equaliter
848 2496 186 55 respiciens
982 2496 186 55 producibilia

449 2539 78 56 vel
493 2539 167 56 neccessario
627 2539 134 56 causabit
727 2539 100 56 omnia
794 2539 78 56 vel
839 2539 111 56 nullum
917 2539 134 56 istorum.
1017 2539 78 56 sed
1062 2539 78 56 non
1095 2539 78 56 omnia

452 2583 165 75 manifestum
582 2583 94 75 est.
640 2583 94 75 ergo
699 2583 118 75 nulla.
781 2583 71 75 Si
817 2583 129 75 dicatur
911 2583 94 75 quod
969 2583 94 75 deus
1028 2583 82 75 non
1063 2583 106 75 equalui

1232 199 88 58 ter
1283 199 152 58 respicit
1397 199 101 58 ista
1460 199 202 58 producibilia
1624 199 76 58 et
1662 199 114 58 ista.
1738 199 101 58 quia
1801 199 101 58 illa
1852 199 88 58 prodi

1219 250 100 53 cit
1276 250 214 53 mediantibus
1447 250 142 53 causis
1546 250 185 53 secundis.
1689 250 85 53 et
1731 250 128 53 illa:
1817 250 114 53 non.
1874 250 71 53 hoc

1225 288 81 61 non
1271 288 115 61 valet.
1351 288 81 61 qui
1397 288 69 61 si
1432 288 92 61 deus
1489 288 115 61 potest
1570 288 69 61 se
1604 288 92 61 solo
1662 288 161 61 producere:
1788 288 92 61 ista
1846 288 92 61 quae
1892 288 58 61 pro

1227 346 135 42 ducit
1317 346 224 42 mediantibus
1496 346 150 42 causis
1601 346 194 42 secundis.
1751 346 105 42 non
1795 346 150 42 requirit

1229 380 102 64 istas
1297 380 114 64 causas
1376 380 136 64 secundas
1479 380 68 64 ad
1513 380 182 64 producendum.
1661 380 91 64 ergo
1718 380 125 64 quantum
1809 380 68 64 ad
1843 380 80 64 hoc
1877 380 68 64 equa

1234 419 104 57 liter
1304 419 139 57 respicit
1408 419 93 57 ista
1467 419 70 57 et
1501 419 93 57 alia
1559 419 128 57 eiusdem
1652 419 151 57 rationis.
1768 419 93 57 quae
1826 419 81 57 non
1861 419 93 57 produ-

1231 474 95 48 cit
1286 474 203 48 mediantibus
1448 474 135 48 causis
1543 474 176 48 secundis.
1678 474 108 48 ergo
1746 474 149 48 equalit
1841 474 108 48 produ-

1226 511 89 55 cet
1277 511 77 55 ea
1316 511 89 55 vel
1367 511 89 55 non
1418 511 166 55 producet.
1545 511 102 55 immo
1609 511 77 55 ex
1647 511 102 55 isto
1711 511 153 55 sequitur
1826 511 102 55 quod
1877 511 77 55 deus

1235 557 187 51 necessario
1381 557 160 51 producet
1502 557 120 51 omnia
1582 557 147 51 eiusdem
1688 557 160 51 rationis
1795 557 147 51 producibi

1231 593 87 59 lia.
1285 593 76 59 vel
1329 593 98 59 nulla
1394 593 174 59 consequentia
1535 593 109 59 patet.
1611 593 87 59 quia
1666 593 98 59 causa
1731 593 141 59 naturalis
1840 593 65 59 et
1861 593 98 59 suffici

1226 641 95 54 ens
1281 641 95 54 non
1335 641 176 54 requirens
1470 641 149 54 aliquod
1579 641 122 54 aliud
1660 641 81 54 ad
1701 641 163 54 effectum
1823 641 122 54 suum.
1891 641 54 54 vl

1232 685 139 64 producit
1337 685 104 64 omnia
1406 685 128 64 eiusdem
1499 685 139 64 rationis
1604 685 81 64 vel
1650 685 128 64 nullum.
1743 685 93 64 quia
1801 685 81 64 non
1847 685 81 64 est
1882 685 81 64 maior

1233 727 114 55 ratio
1309 727 114 55 quare
1385 727 101 55 plus
1449 727 152 55 producat
1563 727 101 55 vnum
1626 727 101 55 quam
1689 727 114 55 aliud
1765 727 139 55 eiusdem
1854 727 101 55 ratio-

1240 783 92 50 nis.
1298 783 81 50 cum
1344 783 104 50 inter
1413 783 92 50 illa
1471 783 115 50 nullus
1551 783 138 50 sitordo.
1655 783 92 50 ergo
1712 783 69 50 si
1747 783 92 50 deus
1804 783 81 50 sit
1850 783 104 50 causa
1908 783 46 50 na

1233 819 146 57 turalis
1339 819 93 57 non
1392 819 93 57 est
1445 819 119 57 maior
1524 819 119 57 ratio
1604 819 119 57 quare
1683 819 106 57 plus
1749 819 159 57 producat
1855 819 93 57 istud

1233 870 183 49 indiuiduum
1377 870 131 49 istius
1468 870 288 49 specieispanlissime
1717 870 105 49 quam
1782 870 118 49 illud
1860 870 78 49 Et
1887 870 65 49 ita

1236 907 88 59 vel
1287 907 151 59 producit
1400 907 163 59 quodlibet
1525 907 188 59 velinullum.
1676 907 63 59 ⁋
1701 907 100 59 Dico
1764 907 100 59 ergo
1826 907 100 59 quod
1877 907 75 59 nul-

1242 946 60 61 lo
1272 946 80 61 modo
1322 946 90 61 stant
1383 946 100 61 simul.
1453 946 80 61 quod
1503 946 80 61 deus
1553 946 70 61 sit
1593 946 90 61 causa
1654 946 141 61 naturalis.
1764 946 60 61 et
1794 946 90 61 tamen
1855 946 80 61 quod
1895 946 60 61 pos-

1235 996 94 50 sit
1288 996 80 50 se
1328 996 107 50 solo
1395 996 107 50 sine
1462 996 107 50 omni
1529 996 107 50 alia
1596 996 121 50 causa
1677 996 201 50 concausante
1837 996 121 50 omnem
1904 996 54 50 ef

1236 1040 120 51 fectu
1316 1040 186 51 producere.
1462 1040 80 51 et
1502 1040 93 51 ita
1555 1040 93 51 cum
1609 1040 93 51 non
1662 1040 133 51 possit
1755 1040 147 51 ratione
1848 1040 107 51 natura

1248 1084 67 54 li
1281 1084 122 54 probari
1370 1084 89 54 quod
1426 1084 89 54 deus
1481 1084 78 54 sit
1526 1084 100 54 causa
1592 1084 167 54 contingens.
1726 1084 78 54 non
1770 1084 111 54 potest
1848 1084 122 54 ratione
1926 1084 44 54 na

1239 1133 118 48 turali
1322 1133 129 48 probari
1416 1133 94 48 quod
1474 1133 94 48 deus
1533 1133 118 48 potest
1615 1133 129 48 causare
1709 1133 153 48 immediate
1827 1133 71 48 et
1862 1133 71 48 se
1886 1133 71 48 solo

1241 1168 102 57 omnem
1308 1168 135 57 effectum
1410 1168 192 57 producibilem.
1568 1168 56 57 ⁋
1591 1168 68 57 Et
1624 1168 90 57 ideo
1681 1168 90 57 dico
1737 1168 90 57 quod
1794 1168 158 57 philosophi
1907 1168 56 57 non

1236 1216 181 59 posuerunt
1375 1216 139 59 causam
1473 1216 167 59 secundam
1598 1216 195 59 necessario
1751 1216 195 59 concurrere
1890 1216 84 59 pro-

1241 1259 112 62 pter
1311 1259 252 62 imperfectionem
1521 1259 168 62 effectus
1648 1259 182 62 addendam:
1788 1259 98 62 cum
1844 1259 98 62 sed
1886 1259 84 62 mul-

1239 1306 92 50 tos
1292 1306 119 50 eorum
1371 1306 105 50 ipse
1436 1306 92 50 sit
1489 1306 119 50 causa
1568 1306 158 50 effectus
1687 1306 198 50 imperfecti.
1845 1306 92 50 Sed
1884 1306 79 50 posu

1248 1355 107 49 erunt
1320 1355 119 49 causam
1403 1355 143 49 secundam
1510 1355 167 49 concurrere
1641 1355 143 49 propoter
1749 1355 95 49 hoc.
1808 1355 95 49 quod
1856 1355 119 49 viderunt

1240 1387 102 63 quod
1304 1387 115 63 causa
1381 1387 141 63 secunda
1483 1387 192 63 approximata
1637 1387 153 63 sequitur
1752 1387 153 63 effectus
1867 1387 77 63 et
1892 1387 77 63 ipsa

1246 1431 99 54 non
1302 1431 211 54 approximata
1471 1431 99 54 non
1527 1431 169 54 sequitur
1654 1431 169 54 effectus
1781 1431 113 54 quam
1837 1431 141 54 rationem

1246 1477 135 61 tangit
1341 1477 203 61 philosophus
1504 1477 81 61 ii
1544 1477 81 61 de
1585 1477 203 61 generatione
1748 1477 81 61 ad
1788 1477 176 61 probandum
1910 1477 68 61 so-

1247 1517 78 63 lem
1291 1517 89 63 esse
1347 1517 111 63 causam
1425 1517 122 63 istorum
1514 1517 156 63 inferiorum
1636 1517 56 63 ⁋
1659 1517 145 63 Posuerunt
1770 1517 100 63 etiam
1837 1517 122 63 propter
1914 1517 56 63 hoc

1255 1565 90 62 quod
1311 1565 79 62 cum
1356 1565 90 62 deus
1412 1565 135 62 secundum
1514 1565 79 62 eos
1559 1565 79 62 sit
1604 1565 101 62 causa
1671 1565 158 62 naturalis.
1795 1565 68 62 si
1829 1565 113 62 posset
1896 1565 68 62 ali-

1243 1614 113 55 quem
1313 1614 127 55 talem
1398 1614 169 55 effectum
1525 1614 184 55 producere
1666 1614 113 55 sine
1737 1614 127 55 causa
1808 1614 155 55 concausan

1252 1656 81 55 te.
1299 1656 138 55 sequitur
1402 1656 92 55 quod
1460 1656 92 55 ante
1518 1656 219 55 approximationem
1702 1656 104 55 causa
1771 1656 127 55 secunde
1852 1656 115 55 produce-

1249 1708 102 44 retur
1317 1708 136 44 effectus
1419 1708 125 44 proptet
1509 1708 181 44 pexistentiam
1657 1708 113 44 causae
1736 1708 193 44 sufficientis.
1884 1708 79 44 cuius

1245 1744 196 59 oppositum
1395 1744 181 59 viderunt
1531 1744 90 59 ad
1576 1744 165 59 sensum.
1696 1744 105 59 Nec
1756 1744 135 59 etiam
1832 1744 135 59 negaue-

1251 1787 83 51 runt
1303 1787 73 51 eum
1344 1787 73 51 sic
1386 1787 83 51 esse
1438 1787 104 51 causam
1511 1787 104 51 omnium
1584 1787 115 51 propter
1668 1787 94 51 illam
1730 1787 156 51 prioritatem
1855 1787 104 51 causae
1918 1787 52 51 pri

1245 1832 72 45 me
1281 1832 72 45 ad
1317 1832 144 45 secundam
1425 1832 132 45 causam.
1520 1832 96 45 quia
1580 1832 96 45 illa
1640 1832 144 45 probaret
1748 1832 96 45 quod
1807 1832 120 45 nullus
1879 1832 84 45 esset

1244 1867 114 55 ordo
1315 1867 213 55 essentialis
1485 1867 170 55 causarum
1613 1867 170 55 respectu
1741 1867 156 55 eiusdem
1840 1867 142 55 effectus

1248 1918 149 57 producti
1359 1918 161 57 immediate
1483 1918 74 57 ad
1520 1918 149 57 vtramque
1632 1918 136 57 illarum
1731 1918 161 57 causarum.
1855 1918 99 57 quod
1905 1918 62 57 re-

1254 1961 95 55 puto
1313 1961 118 55 falsum
1396 1961 177 55 simpliciter
1538 1961 95 55 Unde
1597 1961 83 55 non
1644 1961 83 55 est
1691 1961 177 55 ymaginandum
1833 1961 95 55 quod
1880 1961 83 55 causa

1265 2006 110 50 primum
1342 2006 66 50 in
1375 2006 110 50 aliquo
1452 2006 132 50 instanti
1550 2006 132 50 competur
1649 2006 66 50 ad
1682 2006 143 50 effectum.
1792 2006 66 50 et
1824 2006 66 50 in
1857 2006 121 50 secundo
1934 2006 44 50 in

1253 2052 109 54 stanti
1330 2052 131 54 competur
1428 2052 98 54 causa
1494 2052 120 54 secunda
1581 2052 66 54 ad
1614 2052 109 54 eundem
1691 2052 142 54 effectum.
1800 2052 77 54 sed
1844 2052 66 54 in
1877 2052 98 54 eodem
1931 2052 44 54 in

1258 2094 118 60 stanti
1341 2094 154 60 totaliter
1459 2094 165 60 coperantur
1589 2094 71 60 ad
1624 2094 118 60 eundem
1707 2094 154 60 effectum.
1825 2094 59 60 ⁋
1849 2094 71 60 Et
1884 2094 71 60 si
1908 2094 59 60 di-

1254 2142 94 51 catur
1316 2142 84 51 quod
1368 2142 94 51 causa
1431 2142 94 51 prior
1494 2142 94 51 prius
1557 2142 94 51 agit.
1619 2142 84 51 ergo
1671 2142 63 51 in
1703 2142 84 51 illo
1755 2142 104 51 priori
1828 2142 73 51 non
1870 2142 84 51 agit
1912 2142 52 51 cau

1262 2179 66 56 sa
1295 2179 132 56 secunda.
1394 2179 132 56 Dicendum
1493 2179 77 56 est
1537 2179 88 56 quod
1592 2179 110 56 dicedo
1668 2179 99 56 causa
1734 2179 99 56 prior
1800 2179 99 56 prius
1866 2179 88 56 agit
1910 2179 55 56 si-

1259 2223 160 61 telligitur
1384 2223 91 61 quod
1441 2223 69 61 in
1476 2223 114 61 aliquo
1555 2223 137 61 instanti
1658 2223 91 61 agat
1715 2223 103 61 causa
1784 2223 103 61 prima
1852 2223 69 61 in
1887 2223 80 61 quo
1921 2223 57 61 non

1251 2269 80 59 agat
1301 2269 90 59 causa
1361 2269 120 59 secunda.
1451 2269 150 59 simpliciter
1571 2269 100 59 falsum
1642 2269 80 59 est.
1692 2269 80 59 quia
1742 2269 60 59 in
1772 2269 90 59 eodem
1832 2269 120 59 instanti
1912 2269 60 59 omni

1253 2320 77 50 non
1297 2320 110 50 agunt.
1374 2320 66 50 Si
1407 2320 99 50 autem
1473 2320 176 50 intelligatur
1616 2320 88 50 quod
1671 2320 99 50 causa
1737 2320 99 50 prior
1803 2320 77 50 est
1836 2320 143 50 principali-

1258 2359 71 53 or
1294 2359 71 53 et
1329 2359 213 53 illimitabilior
1507 2359 71 53 et
1542 2359 178 53 perfectior.
1685 2359 83 53 sic
1732 2359 118 53 potest
1815 2359 130 53 concedi
1898 2359 71 53 quam

1250 2400 89 63 uis
1301 2400 115 63 forte
1378 2400 89 63 non
1429 2400 77 63 de
1467 2400 140 63 virtute
1569 2400 166 63 sermonis.
1697 2400 89 63 sed
1748 2400 89 63 hoc
1799 2400 115 63 nihil
1875 2400 89 63 est
1926 2400 77 63 ad

1257 2441 181 65 propositum.
1401 2441 72 65 Et
1437 2441 72 65 si
1474 2441 132 65 dicatur
1570 2441 96 65 quod
1630 2441 120 65 saltem
1714 2441 72 65 in
1750 2441 120 65 aliquo
1835 2441 120 65 priori
1907 2441 72 65 agit

1260 2488 97 57 causa
1325 2488 97 57 prima
1389 2488 65 57 in
1422 2488 75 57 quo
1465 2488 75 57 non
1508 2488 86 57 agit
1562 2488 97 57 causa
1627 2488 129 57 secunda.
1723 2488 119 57 Dicendu
1810 2488 86 57 quod
1864 2488 75 57 non
1896 2488 86 57 potest

1265 2526 100 65 propie
1335 2526 121 65 concedi.
1426 2526 80 65 quia
1476 2526 90 65 nihil
1536 2526 70 65 est
1576 2526 70 65 ibi
1616 2526 90 65 prius
1677 2526 80 65 nisi
1727 2526 100 65 causa.
1797 2526 60 65 et
1827 2526 80 65 ideo
1878 2526 80 65 oret
1918 2526 60 65 quod

1260 2572 147 85 ippriori
1370 2572 208 85 correspondeat
1541 2572 86 85 hoc
1590 2572 196 85 substantiuum
1749 2572 122 85 causa.
1834 2572 73 85 et
1871 2572 86 85 sic
1908 2572 73 85 tunc
