2252 3058
404 183 101 69 icitur
475 183 81 69 quod
525 183 71 69 non
566 183 71 69 est
606 183 61 69 ad
636 183 152 69 propositum.
757 183 81 69 quia
808 183 131 69 conclusio
909 183 71 69 non
949 183 71 69 est
990 183 81 69 nisi
1030 183 81 69 quadam

406 248 97 47 vitas
471 248 140 47 partialis
578 248 140 47 principii
686 248 86 47 quod
739 248 97 47 habet
804 248 140 47 veritatem
911 248 97 47 quasi
976 248 118 47 totale.
1051 248 75 47 sicut

398 286 144 48 singulare
509 286 77 48 est
553 286 111 48 quadam
630 286 100 48 vitas
697 286 144 48 partialis
807 286 133 48 respectu
907 286 177 48 vniversalis.
1051 286 66 48 in
1073 286 44 48 en

400 334 109 46 tibus
473 334 109 46 autem
545 334 85 46 ens
594 334 145 46 causatum
703 334 85 46 non
751 334 85 46 est
800 334 97 46 nisi
860 334 121 46 quadam
945 334 133 46 entitas
1030 334 85 46 deper

400 370 95 54 dens
459 370 71 54 ab
495 370 130 54 etitate
589 370 118 54 causae
672 370 59 54 â‹
696 370 83 54 Sed
743 370 95 54 illa
802 370 154 54 responsio
920 370 83 54 non
967 370 130 54 videtur
1050 370 59 54 sul

403 420 139 52 ficiens.
507 420 81 52 Tum
554 420 92 52 quia
611 420 127 52 veritas
704 420 185 52 conclusionis
854 420 81 52 non
900 420 81 52 est
947 420 127 52 veritas
1028 420 92 52 parti-

402 468 93 45 alis
461 468 163 45 principii.
589 468 81 45 sed
635 468 81 45 est
682 468 81 45 vna
728 468 128 45 veritas
821 468 175 45 simpliciter
961 468 151 45 distincta
1065 468 47 45 ab

401 512 73 54 ea.
442 512 83 54 quia
494 512 104 54 quando
567 512 114 54 aliquae
650 512 135 54 veritates
754 512 73 54 sic
795 512 62 54 se
826 512 104 54 habent
899 512 83 54 quod
951 512 73 54 vna
992 512 104 54 potest
1055 512 62 54 esse

402 554 107 47 nota
469 554 107 47 alia
536 554 202 47 simpliciter
697 554 175 47 ignorata.
831 554 81 47 et
872 554 188 47 econuerso.
1020 554 94 47 non
1060 554 67 47 ma-

399 598 83 51 gis
447 598 83 51 est
494 598 83 51 vna
542 598 154 51 partialis
661 598 143 51 respectu
767 598 143 51 alterius
874 598 95 51 quam
934 598 166 51 econuerso.
1053 598 59 51 sed

390 645 160 50 conclusio
512 645 123 50 potest
598 645 98 50 esse
660 645 98 50 nota
721 645 160 50 principio
844 645 184 50 simpliciter
979 645 135 50 ignorato.

398 683 100 50 sicut
465 683 100 50 patet
532 683 156 50 frequentur
654 683 89 50 quod
710 683 134 50 sciuntur
811 683 145 50 euidenter
922 683 190 50 conclusiones.
1067 683 45 50 et

408 724 121 63 postea
493 724 170 63 inquiritur
626 724 73 63 de
663 724 170 63 pricipiis.
796 724 73 63 et
833 724 170 63 econuerso.
966 724 97 63 ergo
1015 724 97 63 neutra

390 776 132 45 veritas
486 776 84 45 est
534 776 156 45 partialis
653 776 144 45 respectu
761 776 156 45 alterius.
881 776 84 45 Tum
929 776 96 45 quia
988 776 108 45 vitas
1048 776 60 45 sit

397 814 126 55 gularis
488 814 80 55 non
534 814 80 55 est
580 814 149 55 partialis
695 814 138 55 respectu
798 814 149 55 veritatis
913 814 184 55 vniversalis.
1051 814 69 55 quia

397 857 77 57 non
441 857 100 57 plues
508 857 89 57 vnum
563 857 144 57 singulare
674 857 77 57 est
718 857 89 57 pars
773 857 133 57 respectu
873 857 77 57 sui
917 857 166 57 vniversalis
1039 857 66 57 quae

407 905 100 50 aliud
473 905 144 50 singulare
584 905 78 50 est
629 905 89 50 pars
684 905 78 50 sui
729 905 178 50 vniversalis.
873 905 78 50 sed
917 905 122 50 aliquod
995 905 122 50 singulare

398 950 69 45 non
437 950 69 45 est
477 950 79 45 pars
526 950 69 45 sui
565 950 157 45 vniversalis.
693 950 79 45 quia
742 950 108 45 mumquam
820 950 88 45 verum
879 950 69 45 est
919 950 79 45 pars
968 950 98 45 falsi.
1036 950 79 45 nisi
1076 950 39 45 ma

396 992 168 59 terialiter
528 992 120 59 forte.
612 992 72 59 de
648 992 84 59 quo
696 992 108 59 nihil
769 992 72 59 ad
805 992 180 59 propositum.
949 992 84 59 sed
985 992 132 59 aliquando

407 1033 146 45 singularis
521 1033 73 45 est
563 1033 83 45 vera
615 1033 63 45 et
646 1033 156 45 vniversalis
772 1033 73 45 est
813 1033 104 45 falsa.
886 1033 83 45 ergo
938 1033 83 45 tunc
990 1033 83 45 illa
1032 1033 94 45 veritas

395 1075 156 49 singularis
517 1075 78 49 non
562 1075 78 49 est
606 1075 145 49 partialis
718 1075 134 49 respectu
818 1075 78 49 sui
862 1075 178 49 vniversalis.
1007 1075 89 49 ergo
1051 1075 67 49 num-

410 1121 80 55 quam
460 1121 91 55 vitas
521 1121 141 55 singularis
631 1121 70 55 est
671 1121 131 55 partialis
772 1121 121 55 respectu
863 1121 60 55 su
893 1121 151 55 vniversalis
1003 1121 111 55 Similiter

409 1166 105 58 eodem
480 1166 94 58 modo
538 1166 129 58 numquam
632 1166 152 58 conclusio
749 1166 82 58 est
796 1166 152 58 partialis
913 1166 129 58 veritas
995 1166 117 58 respectu

400 1210 108 45 suarum
476 1210 184 45 praemissatum.
627 1210 87 45 quia
681 1210 141 45 aliquando
790 1210 130 45 primisse
887 1210 87 45 sunt
941 1210 87 45 vere
995 1210 65 45 et
1017 1210 97 45 conclu-

391 1252 84 49 sio
439 1252 120 49 falsa.
523 1252 156 49 Similiter
643 1252 132 49 habitus
739 1252 156 49 principii
860 1252 72 49 et
896 1252 192 49 conclusionis
1040 1252 72 49 sunt

404 1296 172 48 simpliciter
541 1296 160 48 distincti.
667 1296 69 48 et
701 1296 115 48 neuter
782 1296 80 48 est
828 1296 149 48 partialis
942 1296 138 48 respectu
1034 1296 80 48 alte-

399 1342 106 45 rius.
470 1342 94 45 ergo
529 1342 106 45 eodem
599 1342 106 45 mnodo
670 1342 82 45 nec
717 1342 82 45 vna
764 1342 130 45 veritas
859 1342 94 45 erit
918 1342 153 45 partialis
1024 1342 82 45 respe

398 1384 94 48 ctu
451 1384 174 48 alterius.
585 1384 67 48 â‹
612 1384 174 48 Preterea.
746 1384 134 48 tertia
840 1384 121 48 ratio
920 1384 94 48 non
961 1384 147 48 concludit

397 1429 142 44 supponit
504 1429 95 44 enim
563 1429 95 44 illa
622 1429 106 44 ratio
693 1429 95 44 quod
752 1429 95 44 deus
811 1429 83 44 sit
858 1429 106 44 causa
929 1429 154 44 effectiua
1035 1429 83 44 imme-

393 1469 111 49 diata
467 1469 74 49 et
504 1469 136 49 totalis
602 1469 148 49 respectu
713 1469 173 49 cuiuslibet
849 1469 160 49 effectus.
972 1469 99 49 quia
1021 1469 99 49 aliter

401 1518 98 42 ratio
466 1518 76 42 non
510 1518 130 42 valeret.
607 1518 65 42 si
640 1518 87 42 enim
694 1518 76 42 non
737 1518 76 42 est
780 1518 98 42 causa
845 1518 119 42 totalis
932 1518 76 42 sed
975 1518 141 42 concurrit
1073 1518 54 42 vo-

399 1561 138 50 luntas.
499 1561 100 50 tunc
561 1561 88 50 non
611 1561 200 50 produceretur
774 1561 150 50 effectus
886 1561 100 50 nisi
949 1561 163 50 voluntate
1061 1561 50 50 co

402 1603 133 47 agente.
499 1603 97 47 ergo
559 1603 158 47 voluntate
681 1603 85 47 non
729 1603 121 47 agente
814 1603 121 47 potest
899 1603 97 47 esse
959 1603 109 47 culpa
1032 1603 85 47 non
1069 1603 48 47 in

395 1650 77 47 deo
439 1650 77 47 sed
483 1650 66 47 in
517 1650 144 47 voluntate
627 1650 144 47 Similiter
738 1650 66 47 si
771 1650 77 47 non
815 1650 77 47 sit
860 1650 100 47 causa
926 1650 155 47 immediata.
1037 1650 66 47 tunc

397 1692 83 60 non
445 1692 95 60 plus
504 1692 119 60 faciet
587 1692 95 60 nisi
646 1692 95 60 quod
706 1692 166 60 conmsuabit
836 1692 178 60 voluntatem.
978 1692 95 60 ergo
1026 1692 83 60 nihil

391 1737 83 49 in
433 1737 165 49 creatura
556 1737 165 49 producet
680 1737 96 49 sed
735 1737 179 49 remanebit
873 1737 83 49 in
914 1737 138 49 ptante
997 1737 124 49 volunta

401 1782 90 55 tis
453 1782 167 55 producere
581 1782 77 55 et
620 1782 90 55 non
671 1782 180 55 producere.
813 1782 77 55 et
852 1782 90 55 ita
903 1782 142 55 peccare
1006 1782 90 55 vel
1045 1782 64 55 non

403 1822 160 48 peccare.
523 1822 67 48 â‹
550 1822 120 48 Utima
630 1822 120 48 etiam
710 1822 120 48 ratio
790 1822 94 48 non
844 1822 187 48 concludit.
991 1822 107 48 quia
1044 1822 67 48 non

398 1870 97 49 potest
466 1870 107 49 ratione
544 1870 117 49 naturali
632 1870 107 49 probari
710 1870 117 49 conclusi
797 1870 165 49 philosophous.
933 1870 68 49 nec
972 1870 78 49 quod
1021 1870 78 49 deus
1060 1870 58 49 pos-

399 1909 83 50 sit
447 1909 71 50 se
482 1909 95 50 solo
542 1909 131 50 causare
636 1909 95 50 omne
696 1909 166 50 causabile.
826 1909 83 50 nec
874 1909 95 50 quod
933 1909 154 50 immediate
1040 1909 71 50 com-

402 1953 130 46 currat
493 1953 78 46 ad
532 1953 156 46 casandum
649 1953 104 46 omne
714 1953 169 46 causabile
844 1953 130 46 quorum
935 1953 117 46 tamen
1000 1953 130 46 vtrumque

408 1997 155 49 oporteret
527 1997 131 49 probare
623 1997 71 49 ad
658 1997 155 49 probandum
777 1997 95 49 quod
837 1997 107 49 causa
908 1997 131 49 secunda
1004 1997 107 49 nihil
1063 1997 48 49 a-

398 2042 105 50 git.
464 2042 105 50 Illa
529 2042 118 50 etiam
608 2042 158 50 deductio
727 2042 79 50 de
766 2042 184 50 prioritate
911 2042 118 50 prime
990 2042 131 50 causae
1068 2042 53 50 in

399 2089 100 48 agendo
469 2089 70 48 non
509 2089 90 48 valet
568 2089 90 48 sicut
628 2089 119 48 ostensum
718 2089 70 48 est
758 2089 60 48 in
787 2089 159 48 praecedenti.
917 2089 60 48 q.
947 2089 80 48 quia
997 2089 60 48 et
1026 2089 60 48 de
1046 2089 70 48 facto

393 2129 82 57 modo
444 2129 72 57 est
485 2129 92 57 causa
546 2129 102 57 prior.
618 2129 61 57 et
649 2129 92 57 tamen
710 2129 61 57 in
741 2129 92 57 nullo
802 2129 123 57 instanti
894 2129 102 57 priori
966 2129 123 57 producit
1048 2129 61 57 effe

396 2171 95 48 ctum
455 2171 95 48 suum
514 2171 130 48 antquam
609 2171 106 48 causa
680 2171 130 48 secunda
775 2171 154 48 producat.
893 2171 59 48 â‹
917 2171 95 48 Ideo
976 2171 130 48 quantum
1059 2171 47 48 ad

395 2214 94 47 istum
457 2214 147 47 articuliat
573 2214 84 47 dico
625 2214 84 47 quod
677 2214 73 47 non
719 2214 105 47 potest
792 2214 115 47 ratione
876 2214 126 47 naturali
970 2214 126 47 probari.
1054 2214 63 47 quin

391 2264 103 49 sicut
459 2264 69 49 ex
494 2264 172 49 perfectione
631 2264 92 49 soel
688 2264 172 49 naturaliter
826 2264 149 49 sequuntur
940 2264 137 49 effectus
1032 2264 80 49 multi

388 2305 95 49 ita
443 2305 81 49 ex
483 2305 204 49 perfectione
646 2305 177 49 entitatis
782 2305 149 49 diuine.
891 2305 177 49 sequuntur
1013 2305 95 49 multe

397 2350 158 48 entitates
518 2350 97 48 quae
579 2350 121 48 aliter
664 2350 97 48 esse
724 2350 85 48 non
773 2350 133 48 possent
870 2350 61 48 â‹
894 2350 109 48 Circa
967 2350 145 48 secundum
1064 2350 48 48 ar

397 2392 125 53 ticulum
488 2392 91 53 dico
544 2392 136 53 tenendum
647 2392 80 53 est
692 2392 91 53 quod
749 2392 91 53 deus
806 2392 80 53 est
851 2392 102 53 causa
919 2392 170 53 contigentur
1044 2392 80 53 agens

403 2435 78 51 qui
448 2435 134 51 tenendum
548 2435 78 51 est
593 2435 89 51 quod
649 2435 89 51 deus
705 2435 112 51 potest
783 2435 89 51 ista
839 2435 168 51 generabilia
973 2435 145 51 immediate
1073 2435 45 51 et

388 2480 143 58 totaliter
498 2480 132 58 causare.
597 2480 77 58 sed
641 2480 66 58 si
674 2480 99 58 esset
740 2480 99 58 causa
807 2480 154 58 naturalis.
928 2480 77 58 vel
972 2480 99 58 omnia
1027 2480 88 58 produ-

403 2525 108 44 ceret
475 2525 108 44 simul
548 2525 84 44 vel
596 2525 121 44 nulla.
680 2525 121 44 quorum
765 2525 145 44 vtrumque
873 2525 121 44 potest
957 2525 96 44 esse
1006 2525 108 44 manife-

398 2562 78 56 ste
442 2562 144 56 feilatum.
553 2562 66 56 Et
586 2562 89 56 ideo
642 2562 144 56 manifeste
752 2562 122 56 fecltum
841 2562 78 56 est
885 2562 89 56 deum
941 2562 89 56 esse
996 2562 111 56 causam
1063 2562 55 56 na

1216 193 124 67 turalem
1306 193 124 67 aliorum
1396 193 56 67 a
1418 193 67 67 se
1452 193 56 67 â‹
1474 193 67 67 Ex
1508 193 101 67 istis
1575 193 101 67 patet
1643 193 124 67 solutio
1733 193 180 67 quaestionis.
1868 193 67 67 quod

1212 242 93 66 deus
1270 242 116 66 potest
1352 242 116 66 facere
1433 242 116 66 aliqua
1514 242 93 66 quae
1572 242 81 66 non
1618 242 116 66 facit.
1699 242 93 66 quia
1757 242 93 66 omne
1804 242 139 66 contingent

1226 290 88 60 agens
1285 290 98 60 potest
1354 290 98 60 facere
1422 290 98 60 aliter
1491 290 78 60 quam
1540 290 98 60 facit.
1609 290 69 60 sed
1648 290 78 60 deus
1697 290 69 60 est
1736 290 137 60 huiusmodi.
1844 290 78 60 ergo
1883 290 59 60 etc.

1223 334 141 49 Similiter
1332 334 87 49 deus
1386 334 108 49 potest
1462 334 141 49 producere
1570 334 108 49 animas
1646 334 65 49 in
1679 334 152 49 infinitum.
1798 334 87 49 quia
1841 334 98 49 nullibi

1218 378 84 46 est
1266 378 132 46 standum
1362 378 72 46 ad
1398 378 120 46 certum
1481 378 144 46 numerum.
1589 378 72 46 et
1625 378 108 46 tamen
1697 378 84 46 non
1745 378 144 46 producet
1840 378 96 46 animas

1222 423 73 43 in
1258 423 170 43 infinitum.
1392 423 85 43 sed
1440 423 73 43 in
1476 423 109 43 certo
1549 423 133 43 numero.
1646 423 61 43 â‹
1670 423 73 43 Ad
1707 423 145 43 rationes
1816 423 97 43 ergo
1864 423 73 43 addu

1223 466 80 49 ctas
1273 466 120 49 conclusi
1363 466 160 49 philosophos.
1494 466 170 49 quantumcumque
1634 466 130 49 conclusib
1734 466 70 49 sit
1775 466 90 49 vera.
1835 466 80 49 ipsi
1875 466 70 49 tamen

1217 508 139 54 philosophi
1327 508 129 54 faciliter
1426 508 169 54 responderent.
1566 508 50 54 â‹
1585 508 60 54 Ad
1615 508 100 54 primam
1685 508 159 54 responderent
1815 508 80 54 quod
1854 508 80 54 volun-

1226 555 80 50 tas
1271 555 126 50 dirigit
1363 555 103 50 omnia
1431 555 69 50 in
1466 555 103 50 fine.
1534 555 80 50 sed
1580 555 103 50 tamen
1648 555 171 50 neccessario
1785 555 69 50 et
1808 555 126 50 naturalii

1213 596 105 53 sicut
1283 596 93 53 alii
1341 596 116 53 dicunt
1423 596 93 53 quod
1481 596 139 53 voluntas
1585 596 81 53 est
1632 596 163 53 principium
1760 596 163 53 producendi
1876 596 58 53 spi

1214 639 92 49 ritum
1275 639 133 49 sctantum.
1378 639 62 49 et
1409 639 92 49 tamen
1470 639 154 49 naturaliter
1593 639 62 49 et
1624 639 164 49 neccessario.
1757 639 51 49 â‹
1778 639 62 49 Ad
1809 639 123 49 secundum
1891 639 51 49 di-

1213 685 121 49 cerent
1297 685 121 49 aliqua
1382 685 109 49 eorum
1454 685 97 49 quod
1515 685 97 49 deus
1575 685 84 49 non
1623 685 169 49 produceret
1756 685 97 49 nisi
1816 685 97 49 vnum
1865 685 72 49 effe

1218 728 78 55 ctum
1267 728 117 55 scilicet
1354 728 97 55 primam
1422 728 185 55 intelligentiam.
1578 728 78 55 ille
1627 728 88 55 tamen
1685 728 117 55 effectus
1772 728 68 55 non
1811 728 68 55 est
1841 728 88 55 equalis

1219 774 91 49 deo.
1276 774 91 49 quia
1333 774 114 49 nullus
1413 774 103 49 talis
1482 774 137 49 effectus
1585 774 80 49 est
1630 774 194 49 producibilis.
1790 774 57 49 â‹
1813 774 69 49 Ad
1836 774 103 49 tertium

1212 819 139 47 dicerent
1317 819 93 47 quod
1375 819 93 47 deus
1433 819 139 47 quicquid
1537 819 139 47 producit
1641 819 139 47 producit
1746 819 81 47 per
1780 819 151 47 intellectu-

1220 863 67 52 et
1253 863 156 52 voluntatem
1376 863 67 52 et
1409 863 100 52 tamen
1476 863 178 52 neccessario.
1621 863 56 52 â‹
1643 863 67 52 Ad
1677 863 123 52 quartum
1766 863 134 52 dicerent
1855 863 78 52 sicut

1216 909 108 56 dictum
1292 909 75 56 est
1335 909 86 56 quod
1388 909 97 56 actio
1453 909 75 56 dei
1496 909 75 56 est
1539 909 75 56 ita
1582 909 140 56 transiens
1690 909 97 56 sicut
1754 909 97 56 actio
1819 909 86 56 sol.
1862 909 75 56 opera

1210 949 82 52 tio
1257 949 105 52 tamen
1327 949 82 52 dei
1374 949 93 52 quae
1432 949 82 52 est
1479 949 175 52 intelligere
1619 949 70 52 et
1654 949 105 52 velle
1724 949 82 52 est
1771 949 140 52 immanens
1864 949 70 52 immo

1213 995 105 49 magis
1283 995 128 49 proprie
1376 995 105 49 debet
1446 995 93 49 dici
1504 995 93 49 quod
1562 995 81 49 est
1609 995 93 49 ipse
1667 995 105 49 deus.
1736 995 58 49 â‹
1760 995 70 49 Ad
1795 995 116 49 primum
1864 995 70 49 alte

1217 1036 91 63 rius
1273 1036 136 63 doctoris
1375 1036 136 63 dicerent
1477 1036 91 63 quod
1534 1036 91 63 ista
1591 1036 181 63 consequentia
1738 1036 68 63 no
1772 1036 113 63 valet.
1840 1036 102 63 aliquid

1219 1083 78 46 fit
1264 1083 190 46 contingenter.
1420 1083 90 46 ergo
1476 1083 101 46 prima
1543 1083 101 46 causa
1610 1083 90 46 agit
1666 1083 190 46 contingentur.
1823 1083 90 46 quia
1868 1083 78 46 dice-

1219 1127 98 47 rent
1280 1127 98 47 quod
1341 1127 147 47 voluntas
1452 1127 86 47 non
1501 1127 135 47 mouetur
1599 1127 160 47 immediate
1722 1127 61 47 a
1747 1127 98 47 deo:
1808 1127 86 47 sed
1845 1127 98 47 tantum

1207 1173 163 55 confuatur.
1335 1173 70 55 et
1370 1173 93 55 ideo
1428 1173 116 55 potest
1510 1173 105 55 agere
1580 1173 186 55 contingenter
1731 1173 81 55 deo
1777 1173 116 55 agente
1847 1173 93 55 necces

1208 1215 104 59 rio.
1273 1215 117 59 sicut
1351 1215 181 59 contingent
1493 1215 104 59 agit
1558 1215 181 59 cognitione
1701 1215 194 59 neccessario
1843 1215 91 59 coage

1219 1260 87 55 te.
1268 1260 62 55 â‹
1293 1260 87 55 Per
1343 1260 100 55 idem
1406 1260 75 55 ad
1443 1260 150 55 secundam
1556 1260 187 55 probationem
1706 1260 162 55 dicerent.
1831 1260 100 55 quod
1881 1260 62 55 non

1213 1306 111 47 eodem
1287 1306 99 47 modo
1348 1306 123 47 semper
1435 1306 111 47 mouet
1509 1306 136 47 secunda
1607 1306 111 47 causa
1681 1306 86 47 quo
1731 1306 136 47 mouetur
1829 1306 62 47 a
1842 1306 86 47 primi

1215 1347 58 47 â‹
1239 1347 69 47 Ad
1273 1347 104 47 aliam
1343 1347 139 47 dicerent
1447 1347 93 47 quod
1505 1347 150 47 aliquando
1621 1347 69 47 ad
1655 1347 81 47 non
1702 1347 93 47 esse
1759 1347 104 47 minus
1817 1347 116 47 neccessr

1216 1390 140 43 sequitur
1321 1390 82 43 non
1368 1390 93 43 esse
1426 1390 105 43 magis
1496 1390 117 43 necci.
1578 1390 70 43 et
1613 1390 152 43 similiter
1729 1390 70 43 ex
1764 1390 105 43 minus
1822 1390 117 43 impossi-

1215 1436 94 54 bili
1274 1436 141 54 sequitur
1380 1436 212 54 impossibilius.
1557 1436 71 54 et
1592 1436 71 54 ad
1628 1436 106 54 minus
1698 1436 118 54 falsum
1781 1436 141 54 sequitur
1875 1436 59 54 fal

1220 1479 114 58 sius.
1297 1479 64 58 â‹
1322 1479 76 58 Ad
1360 1479 191 58 probationem
1513 1479 102 58 dico
1576 1479 102 58 quod
1640 1479 165 58 aliquando
1767 1479 140 58 falsius
1856 1479 89 58 habet

1218 1524 103 42 tantum
1290 1524 83 42 vnam
1342 1524 124 42 rationem
1435 1524 155 42 falsitatis.
1559 1524 72 42 sed
1601 1524 83 42 illa
1652 1524 93 42 ratio
1714 1524 72 42 est
1756 1524 114 42 falsior
1839 1524 83 42 quam
1880 1524 62 42 rtio

1216 1565 165 48 falsitatis
1346 1565 106 48 minus
1416 1565 118 48 falsi.
1499 1565 153 48 Similiter
1616 1565 118 48 posito
1699 1565 165 48 quodhabeat
1816 1565 118 48 duplicem

1206 1614 154 56 rationem
1321 1614 179 56 falsitatis
1462 1614 77 56 et
1501 1614 115 56 aliud
1578 1614 128 56 tantum
1667 1614 115 56 vnam.
1744 1614 115 56 Adhuc
1808 1614 128 56 probatio

1211 1656 90 49 non
1262 1656 128 49 valet.
1352 1656 103 49 quia
1416 1656 103 49 illa
1480 1656 115 49 vnica
1557 1656 115 49 ratio
1634 1656 180 49 falsitatis
1775 1656 128 49 minus:
1852 1656 90 49 falsi

1217 1697 95 58 nullo
1281 1697 85 58 modo
1334 1697 106 58 potest
1408 1697 180 58 circumscribi.
1557 1697 95 58 sicut
1620 1697 74 58 nec
1663 1697 95 58 illud
1726 1697 127 58 femultum
1822 1697 106 58 potest
1885 1697 64 58 esse

1206 1739 118 62 verum.
1289 1739 71 62 et
1324 1739 94 62 ideo
1383 1739 130 62 numquam
1478 1739 71 62 ex
1513 1739 94 62 vero
1572 1739 142 62 sequitur
1678 1739 130 62 filtum.
1773 1739 59 62 â‹
1796 1739 71 62 Et
1832 1739 71 62 si
1855 1739 83 62 dicas

1213 1787 86 60 quod
1267 1787 107 60 potest
1342 1787 172 60 circumscribi
1482 1787 75 60 per
1524 1787 172 60 intellectum.
1664 1787 140 60 Respondeo
1771 1787 86 60 quod
1825 1787 64 60 si
1846 1787 97 60 circum-

1206 1831 127 46 scribas
1299 1831 81 46 per
1345 1831 185 46 intellectum.
1495 1831 127 46 dicendo
1588 1831 92 46 quod
1645 1831 81 46 non
1691 1831 92 46 est:
1749 1831 81 46 tua
1784 1831 150 46 circumscri-

1213 1873 109 52 ptio
1281 1873 95 52 est
1336 1873 122 52 fmla.
1417 1873 81 52 Si
1458 1873 231 52 circumscribas
1648 1873 95 52 non
1702 1873 163 52 loquendo
1824 1873 81 52 de
1852 1873 81 52 illa

1205 1919 126 50 ratione
1296 1919 172 50 falsitatis:
1434 1919 172 50 nihilominus
1572 1919 103 50 illud
1641 1919 115 50 sfilum
1722 1919 92 50 erit
1779 1919 126 50 feculum
1860 1919 80 50 sicut

1209 1961 122 59 prius.
1294 1961 97 59 quia
1355 1961 97 59 quod
1416 1961 85 59 tum
1464 1961 170 59 consideres
1598 1961 85 59 vel
1647 1961 85 59 non
1696 1961 158 59 cosideres
1817 1961 110 59 nihil
1878 1961 49 59 fa

1215 2004 88 49 cit
1266 2004 76 49 ad
1304 2004 88 49 hoc
1354 2004 101 49 quod
1417 2004 88 49 sit
1467 2004 113 49 verum
1543 2004 88 49 vel
1593 2004 139 49 siltum.
1694 2004 63 49 â‹
1719 2004 76 49 Ad
1757 2004 113 49 aliud
1820 2004 126 49 dicerent

1211 2056 100 48 quod
1274 2056 113 48 malum
1350 2056 88 48 sit
1400 2056 75 48 in
1437 2056 163 48 vniuerso.
1563 2056 100 48 quia
1626 2056 100 48 deus
1688 2056 88 48 non
1739 2056 151 48 producit
1852 2056 75 48 in
1877 2056 50 48 re

1217 2096 113 49 ceptiuo
1299 2096 113 49 quantum
1382 2096 103 49 potest
1454 2096 124 49 produci.
1547 2096 62 49 et
1578 2096 72 49 hoc
1619 2096 103 49 potest
1691 2096 103 49 habere
1763 2096 82 49 duas
1815 2096 103 49 causas
1876 2096 52 49 ver

1206 2136 124 63 tatis.
1292 2136 87 63 Uel
1342 2136 99 63 quia
1404 2136 111 63 nihil
1478 2136 149 63 producit
1589 2136 74 63 in
1627 2136 87 63 eo.
1676 2136 87 63 vel
1726 2136 99 63 quia
1787 2136 87 63 non
1825 2136 111 63 produoi

1206 2182 99 55 nisi
1268 2182 186 55 concurrente
1416 2182 174 55 voluntate.
1553 2182 99 55 quae
1615 2182 124 55 libere
1701 2182 161 55 concurrit
1825 2182 74 55 et
1850 2182 87 55 conti

1205 2235 142 55 gentur.
1309 2235 65 55 â‹
1335 2235 78 55 Ad
1373 2235 117 55 aliud
1451 2235 155 55 dicerent
1568 2235 104 55 quod
1632 2235 104 55 deus
1697 2235 91 55 non
1749 2235 129 55 potest
1826 2235 117 55 causare

1210 2275 86 47 omne
1264 2275 140 47 causabile
1372 2275 65 47 ex
1404 2275 75 47 se.
1447 2275 75 47 vel
1490 2275 65 47 si
1522 2275 118 47 dicatur
1608 2275 86 47 quod
1662 2275 97 47 causa
1727 2275 97 47 prima
1791 2275 129 47 continet
1877 2275 54 47 to-

1206 2319 67 50 tam
1245 2319 153 50 causalitatem
1369 2319 95 50 causae
1435 2319 114 50 secunde.
1521 2319 67 50 non
1559 2319 124 50 sequitur.
1655 2319 76 50 ergo
1703 2319 95 50 potest
1769 2319 57 50 in
1798 2319 86 50 illum
1846 2319 95 50 effectum

1201 2362 67 55 se
1234 2362 100 55 solo.
1301 2362 89 55 quia
1356 2362 133 55 dicerent
1456 2362 89 55 quod
1512 2362 78 55 non
1556 2362 111 55 aliter
1634 2362 133 55 continet
1734 2362 100 55 totam
1790 2362 144 55 causalitate

1207 2408 116 44 causae
1289 2408 128 44 secunde
1382 2408 93 44 nisi
1440 2408 93 44 quia
1498 2408 139 44 producit
1603 2408 105 44 ipsam
1672 2408 116 44 causam
1754 2408 139 44 secundam
1847 2408 81 44 totam

1208 2446 80 49 sed
1253 2446 160 49 manifestum
1379 2446 80 49 est
1424 2446 91 49 quod
1481 2446 148 49 aliquando
1595 2446 148 49 producens
1709 2446 171 49 naturaliter
1834 2446 103 49 causam.

1214 2494 74 45 non
1257 2494 105 45 potest
1330 2494 137 45 immediate
1435 2494 63 45 in
1467 2494 126 45 effectum
1561 2494 105 45 illius
1635 2494 116 45 causae.
1719 2494 95 45 sicut
1782 2494 95 45 patet
1845 2494 84 45 quod
1887 2494 53 45 sol

1202 2535 153 56 producit
1317 2535 141 56 vermen.
1420 2535 77 56 et
1458 2535 77 56 in
1496 2535 141 56 aliquem
1599 2535 153 56 effectum
1714 2535 128 56 potest
1803 2535 128 56 vermis
1880 2535 51 56 in

1206 2583 100 70 quem
1269 2583 88 70 non
1319 2583 125 70 potest
1407 2583 100 70 sol.
1470 2583 75 70 et
1507 2583 75 70 in
1545 2583 125 70 multis
1632 2583 88 70 est
1682 2583 88 70 hoc
1733 2583 188 70 manifestum.
1883 2583 63 70 â‹
1908 2583 75 70 Ad
