2313 3081
1142 259 99 88 diuina
1212 259 109 88 nullius
1291 259 70 88 est
1331 259 89 88 causa
1391 259 80 88 nisi
1440 259 99 88 tantum
1510 259 129 88 naturalis
1609 259 99 88 causa.
1679 259 70 88 sed
1719 259 80 88 deus
1768 259 70 88 non
1798 259 50 88 pro

1137 308 105 82 ducit
1207 308 175 82 naturaliter
1348 308 129 82 aliquid
1441 308 117 82 extra.
1523 308 94 82 ergo
1581 308 94 82 deus
1640 308 82 82 per
1687 308 152 82 essentiam
1792 308 70 82 suam

1133 359 112 68 nihil
1207 359 150 68 producit
1320 359 125 68 extra.
1407 359 62 68 ⁋
1432 359 87 68 Sed
1482 359 100 68 ista
1544 359 125 68 opinio
1631 359 87 68 non
1681 359 137 68 videtur
1769 359 87 68 vera.

1151 399 110 75 Primo
1224 399 97 75 quia
1285 399 146 75 ostensum
1394 399 85 75 est
1443 399 110 75 prius
1516 399 97 75 quod
1577 399 146 75 essentia
1687 399 122 75 diuina
1760 399 85 75 nullo

1132 446 97 67 modo
1192 446 193 67 distinguitur
1349 446 60 67 a
1373 446 157 67 voluntate
1494 446 133 67 diuina.
1591 446 84 67 sed
1639 446 97 67 omni
1699 446 97 67 modo
1747 446 109 67 identi-

1133 494 110 66 tatis
1206 494 86 66 quo
1255 494 147 66 essentia
1365 494 86 66 est
1414 494 110 66 eadem
1488 494 159 66 essentie.
1610 494 110 66 etiam
1684 494 147 66 essentia
1782 494 61 66 est

1128 538 108 70 eadem
1200 538 168 70 voluntati.
1332 538 96 70 ergo
1392 538 72 70 si
1428 538 144 70 voluntas
1537 538 84 70 sit
1585 538 120 70 causa.
1669 538 144 70 essentia
1765 538 84 70 erit:

1131 574 93 66 cam.
1189 574 58 66 ⁋
1213 574 139 66 Preterea
1317 574 139 66 quicquid
1421 574 116 66 potest
1502 574 93 66 esse
1560 574 162 66 immediatum
1688 574 139 66 obiectum
1780 574 70 66 ali-

1124 621 122 78 cuius
1206 621 162 78 potentie
1327 621 135 78 maxime
1422 621 216 78 apprehensiue
1598 621 81 78 et
1638 621 162 78 potentie
1746 621 95 78 proce

1126 667 124 68 dentis
1213 667 75 68 de
1250 667 149 68 potentia
1362 667 75 68 ad
1399 667 100 68 actu
1461 667 112 68 illud
1536 667 124 68 potest
1623 667 100 68 esse
1685 667 112 68 causa
1747 667 100 68 immedi

1120 712 85 67 ata
1169 712 122 67 illius
1254 712 122 67 actus.
1339 712 85 67 sed
1388 712 146 67 essentia
1498 712 122 67 diuina
1583 712 85 67 est
1632 712 171 67 immediatum
1754 712 85 67 obie-

1119 756 99 71 ctum
1180 756 148 71 potentie
1292 756 198 71 intellectiue
1453 756 74 71 in
1490 756 136 71 visione
1589 756 111 71 beata
1663 756 99 71 quae
1712 756 124 71 procedit

1122 795 70 68 de
1157 795 140 68 potentia
1262 795 70 68 ad
1297 795 116 68 actum.
1378 795 93 68 ergo
1437 795 116 68 potest
1518 795 93 68 esse
1576 795 151 68 immediata
1693 795 105 68 causa
1751 795 93 68 illius

1110 843 124 69 actus.
1197 843 62 69 ⁋
1221 843 149 69 Preterea
1333 843 149 69 quicquid
1445 843 87 69 non
1495 843 149 69 importat
1607 843 224 69 imperfectionem
1781 843 62 69 est

1111 880 98 70 deo
1167 880 238 70 attribuendum.
1363 880 98 70 sed
1419 880 126 70 posse
1504 880 168 70 efficere
1630 880 182 70 immediate
1756 880 84 70 nul-

1115 928 77 73 lam
1159 928 199 73 imperfectionem
1325 928 143 73 importat.
1435 928 88 73 ergo
1490 928 88 73 haec
1545 928 77 73 est
1589 928 110 73 diuine
1667 928 132 73 essentie
1755 928 77 73 imme-

1110 976 107 71 diate
1181 976 190 71 attribuendum
1335 976 59 71 ⁋
1359 976 142 71 Preterea
1466 976 107 71 ratio
1537 976 83 71 non
1584 976 119 71 valet.
1667 976 95 71 quia
1726 976 83 71 non
1762 976 71 71 plus

1106 1015 165 73 repugnat
1230 1015 165 73 essentie
1354 1015 110 73 care
1423 1015 206 73 contigentur
1588 1015 110 73 quam
1656 1015 165 73 repugnet
1766 1015 69 73 vo-

1106 1059 143 83 luntati
1210 1059 143 83 causare
1313 1059 91 83 vel
1365 1059 169 83 producere
1495 1059 194 83 necessario.
1651 1059 91 83 sed
1702 1059 91 83 non
1741 1059 91 83 repu-

1105 1112 110 63 gnat
1174 1112 178 63 voluntati
1311 1112 151 63 aliquid
1420 1112 178 63 producere
1557 1112 192 63 necessario
1708 1112 96 63 sic
1749 1112 96 63 patet

1115 1153 110 64 vundum
1192 1153 99 64 istum
1258 1153 66 64 de
1291 1153 143 64 voluntate
1401 1153 110 64 diuina
1478 1153 143 64 respecitm
1589 1153 132 64 spiritus
1688 1153 121 64 sanctus
1776 1153 66 64 Et
1798 1153 44 64 de

1117 1190 153 76 voluntate
1235 1190 117 76 creata
1317 1190 106 76 patet
1387 1190 94 76 quod
1446 1190 176 76 naturaliter
1587 1190 141 76 producit
1692 1190 129 76 tamquam
1774 1190 59 76 sal

1103 1237 80 75 tem
1148 1237 103 75 causa
1217 1237 149 75 partialis
1332 1237 172 75 cognitionem
1470 1237 80 75 sui
1516 1237 69 75 in
1551 1237 103 75 alio.
1620 1237 92 75 quia
1677 1237 115 75 semper
1758 1237 69 75 ad
1781 1237 57 75 co-

1106 1285 162 68 gnitonem
1228 1285 189 68 intuitiuam
1377 1285 203 68 naturaliter
1539 1285 149 68 habitam
1647 1285 176 68 concurrit
1769 1285 54 68 ob

1109 1320 102 72 iectum
1180 1320 61 72 in
1211 1320 112 72 ratione
1292 1320 112 72 causae.
1374 1320 82 72 ergo
1425 1320 102 72 quando
1496 1320 82 72 vnus
1547 1320 112 72 angelus
1628 1320 92 72 videt
1690 1320 132 72 intuitiue
1781 1320 41 72 vo

1105 1367 128 69 luntatem
1201 1367 128 69 alterius
1297 1367 117 69 angeli.
1383 1367 85 69 illa
1436 1367 128 69 voluntas
1532 1367 75 69 est
1575 1367 96 69 causa
1639 1367 139 69 partialis
1735 1367 85 69 illius

1105 1410 208 85 intellectionis
1279 1410 150 85 intuitiue
1394 1410 69 85 et
1429 1410 81 85 non
1475 1410 127 85 libera.
1567 1410 92 85 quia
1625 1410 92 85 tunc
1683 1410 104 85 esset
1752 1410 69 85 in
1775 1410 46 85 po

1105 1456 130 76 testate
1200 1456 83 76 sua
1247 1456 83 76 non
1295 1456 130 76 videri.
1389 1456 95 76 quod
1449 1456 83 76 est
1496 1456 154 76 manifeste
1615 1456 130 76 falsum.
1709 1456 95 76 ergo
1757 1456 59 76 est

1103 1499 117 66 causa
1181 1499 181 66 naturalis.
1323 1499 65 66 ⁋
1349 1499 104 66 Ideo
1414 1499 143 66 quantum
1518 1499 78 66 ad
1557 1499 117 66 istum
1635 1499 169 66 articulum
1751 1499 65 66 di-

1100 1549 70 66 co
1135 1549 94 66 quod
1194 1549 82 66 non
1241 1549 106 66 magis
1311 1549 82 66 est
1358 1549 141 66 essentia
1464 1549 106 66 causa
1534 1549 176 66 creaturarum
1675 1549 94 66 quam
1722 1549 94 66 volun-

1099 1593 102 74 tas.
1163 1593 89 74 nec
1214 1593 178 74 econuerso.
1354 1593 102 74 quia
1417 1593 114 74 nulla
1493 1593 140 74 penitus
1595 1593 89 74 est
1646 1593 178 74 distinctio
1773 1593 51 74 in

1102 1632 81 69 ter
1149 1632 150 69 essentiam
1264 1632 69 69 et
1299 1632 174 69 voluntatem.
1438 1632 81 69 nec
1484 1632 104 69 inter
1554 1632 174 69 intellectum
1692 1632 69 69 et
1715 1632 93 69 volun-

1101 1685 107 68 tatem
1172 1685 107 68 sicut
1243 1685 107 68 prius
1314 1685 142 68 ostensum
1421 1685 95 68 est.
1480 1685 95 68 Unde
1540 1685 71 68 si
1575 1685 107 68 esset
1646 1685 130 68 aliquod
1729 1685 83 68 nomen

1095 1718 162 76 impositum
1219 1718 100 76 quod
1282 1718 150 76 praecise
1394 1718 200 76 significaret
1556 1718 137 76 diuinam
1656 1718 162 76 essentiam
1768 1718 50 76 et

1083 1773 107 59 nihil
1155 1773 107 59 aliud
1226 1773 95 59 sine
1286 1773 95 59 omni
1345 1773 191 59 connotatione
1500 1773 191 59 cuiuscumque.
1655 1773 72 59 et
1679 1773 131 59 similiter

1091 1808 115 71 esset
1168 1808 115 71 aliud
1244 1808 115 71 nomen
1321 1808 166 71 impositum
1449 1808 77 71 ad
1487 1808 217 71 significandum
1666 1808 115 71 eodem
1729 1808 77 71 modo

1092 1851 133 66 diuinam
1189 1851 182 66 voluntatem.
1334 1851 97 66 illa
1394 1851 109 66 nonia
1467 1851 121 66 essent
1552 1851 109 66 nonia
1624 1851 182 66 simpliciter
1757 1851 61 66 si-

1083 1903 122 62 nonima
1168 1903 73 62 et
1204 1903 146 62 quicquid
1314 1903 207 62 praedicaretur
1484 1903 73 62 de
1520 1903 97 62 vno.
1581 1903 109 62 eodem
1654 1903 97 62 modo
1703 1903 109 62 praedi-

1084 1941 145 71 caretur
1190 1941 79 71 de
1229 1941 159 71 reliquo.
1348 1941 66 71 ⁋
1375 1941 119 71 Circa
1454 1941 159 71 secundum
1573 1941 172 71 articulum
1692 1941 106 71 viden-

1081 1992 75 62 dum
1124 1992 75 62 est
1167 1992 96 62 primo
1231 1992 85 62 quid
1284 1992 75 62 sit
1327 1992 96 62 causa
1391 1992 149 62 immediata.
1508 1992 117 62 Secundo
1593 1992 85 62 quae
1647 1992 75 62 sit
1689 1992 96 62 causa
1743 1992 53 62 pri

1088 2028 98 76 ma.
1144 2028 140 76 Tertio
1242 2028 84 76 ad
1285 2028 197 76 articulum.
1439 2028 70 76 ⁋
1467 2028 126 76 Circa
1551 2028 140 76 primum
1650 2028 112 76 dico
1706 2028 84 76 quod

1083 2070 110 76 quamuis
1163 2070 70 76 non
1203 2070 120 76 intendam
1294 2070 100 76 dicere
1364 2070 170 76 vniversaliter
1504 2070 80 76 quad
1554 2070 70 76 sit
1594 2070 90 76 causa
1655 2070 140 76 immediata.
1755 2070 50 76 di-

1082 2124 65 67 co
1115 2124 97 67 tamen
1179 2124 86 67 quod
1233 2124 97 67 istud
1298 2124 129 67 sufficit
1395 2124 65 67 ad
1427 2124 75 67 hoc
1470 2124 86 67 quod
1524 2124 119 67 aliquid
1611 2124 75 67 sit
1654 2124 97 67 causa
1708 2124 86 67 immedi

1081 2159 81 74 ata
1127 2159 138 74 scilicet
1230 2159 92 74 quod
1288 2159 92 74 illa
1345 2159 69 74 re
1380 2159 138 74 absoluta
1483 2159 115 74 posita
1564 2159 127 74 ponatur
1656 2159 150 74 effectus.
1759 2159 46 74 et

1077 2204 100 73 ipsa
1140 2204 88 73 non
1190 2204 125 73 posita
1278 2204 113 73 aliis
1353 2204 138 73 omnibus
1453 2204 225 73 concurrentibus
1641 2204 138 73 quantum
1741 2204 75 73 ad

1080 2251 111 67 omnes
1154 2251 185 67 conditiones
1302 2251 74 67 et
1339 2251 210 67 dispositiones
1512 2251 173 67 consimiles
1648 2251 86 67 non
1685 2251 111 67 ponitur

1079 2291 140 72 effectus.
1187 2291 86 72 Unde
1241 2291 86 72 omne
1295 2291 86 72 quod
1348 2291 75 72 est
1392 2291 86 72 tale
1445 2291 129 72 respectu
1542 2291 129 72 alicuius
1639 2291 75 72 est
1682 2291 97 72 causa
1736 2291 54 72 in-

1077 2341 139 68 mediata
1179 2341 139 68 illius.
1280 2341 139 68 quamuis
1381 2341 114 68 forte
1458 2341 89 68 non
1508 2341 177 68 econuerso.
1648 2341 101 68 Quod
1698 2341 89 68 autem

1074 2378 85 74 hoc
1122 2378 158 74 sufficiat
1244 2378 73 74 ad
1280 2378 85 74 hoc
1329 2378 97 74 quod
1389 2378 134 74 aliquid
1487 2378 85 74 sit
1535 2378 109 74 causa
1608 2378 158 74 immediata
1717 2378 73 74 alte

1079 2431 100 61 rius.
1146 2431 123 61 videtur
1235 2431 89 61 esse
1291 2431 167 61 manifestum.
1424 2431 89 61 quia
1480 2431 67 61 si
1513 2431 89 61 non.
1569 2431 100 61 perit
1636 2431 100 61 omnis
1703 2431 78 61 via
1747 2431 67 61 ad

1074 2471 200 70 cognoscendum
1236 2471 137 70 aliquid
1336 2471 100 70 esse
1398 2471 125 70 causam
1485 2471 150 70 alterius
1598 2471 175 70 immediatam
1723 2471 62 70 Nam

1067 2513 63 75 si
1098 2513 63 75 ex
1129 2513 73 75 hoc
1171 2513 84 75 quod
1223 2513 73 75 hoc
1265 2513 105 75 posito
1338 2513 125 75 sequitur
1433 2513 125 75 effectus
1527 2513 63 75 et
1558 2513 73 75 hoc
1600 2513 73 75 non
1642 2513 105 75 posito
1715 2513 73 75 non
1746 2513 42 75 po

1066 2564 95 74 nitur
1130 2564 127 74 effectus
1225 2564 74 74 non
1267 2564 127 74 sequitur
1362 2564 95 74 illud
1425 2564 84 74 esse
1478 2564 106 74 causam
1552 2564 106 74 illius
1626 2564 127 74 effectus
1710 2564 74 74 nullo

1073 2601 87 68 modo
1128 2601 109 68 potest
1204 2601 131 68 cognosci
1302 2601 87 68 quod
1356 2601 98 68 ignis
1422 2601 76 68 est
1465 2601 98 68 causa
1531 2601 142 68 immediata
1640 2601 120 68 caloris
1727 2601 65 68 in
1748 2601 44 68 li

1075 2653 64 71 gno
1111 2653 73 71 quia
1157 2653 91 71 potest
1221 2653 73 71 dici
1266 2653 73 71 quod
1312 2653 64 71 est
1348 2653 91 71 aliqua
1412 2653 73 71 alia
1457 2653 82 71 causa
1512 2653 91 71 illius
1576 2653 109 71 caloris.
1657 2653 73 71 quae
1703 2653 82 71 tamen
1748 2653 46 71 non

325 230 110 73 inter
398 230 110 73 illam
471 230 231 73 circumferentiam
666 230 73 73 et
702 230 122 73 medium
787 230 85 73 non
836 230 183 73 naturaliter
970 230 73 73 rece

318 290 122 64 deret
400 290 81 64 ab
441 290 109 64 illa
508 290 244 64 circumferentia
712 290 95 64 sed
766 290 203 64 naturaliter
915 290 136 64 accederm

323 328 86 69 Ita
372 328 86 69 est
421 328 74 69 in
458 328 160 69 proposito
581 328 99 69 quod
643 328 111 69 terra
717 328 148 69 alterius
828 328 111 69 mundi
902 328 135 69 recedit
988 328 49 69 na

334 383 137 54 turaliter
440 383 53 54 a
461 383 95 54 medio
524 383 105 54 istius
598 383 105 54 mundi.
672 383 74 54 non
714 383 95 54 tamen
777 383 74 54 per
820 383 63 54 se
851 383 74 54 sed
893 383 105 54 tantum
967 383 74 54 per
999 383 42 54 ad

325 421 117 70 cidens.
410 421 85 70 quia
463 421 127 70 scilicet
558 421 148 70 continetur
675 421 95 70 inter
738 421 106 70 latera
813 421 85 70 celi
866 421 95 70 sicut
929 421 95 70 ignis
982 421 53 70 com

316 461 117 65 tinetur
401 461 96 65 inter
465 461 106 65 medium
539 461 64 65 et
571 461 96 65 aliam
635 461 106 65 parten
709 461 202 65 circumferentie.
879 461 64 65 et
911 461 85 65 ideo
953 461 85 65 quando

325 501 168 69 continetur
457 501 108 69 inter
529 501 120 69 medium
613 501 120 69 istius
696 501 108 69 mundi
768 501 72 69 et
804 501 108 69 celum
876 501 120 69 istius
948 501 84 69 mundi

321 552 108 68 tunc
388 552 94 68 non
442 552 188 68 recederet.
590 552 94 68 sed
644 552 202 68 naturaliter
805 552 175 68 accederet
940 552 81 68 ad
967 552 67 68 me-

318 592 95 64 dium
378 592 119 64 istius
461 592 119 64 mundi.
544 592 60 64 ⁋
568 592 71 64 Ad
604 592 143 64 secundam
711 592 143 64 rationem
818 592 95 64 ari.
877 592 95 64 dico
937 592 95 64 quod
985 592 60 64 ese

322 638 85 66 lum
371 638 170 66 componitur
504 638 73 66 ex
541 638 97 66 tota
602 638 134 66 materia
699 638 85 66 sua
748 638 85 66 iam
797 638 122 66 facta.
882 638 85 66 sed
930 638 85 66 non
967 638 73 66 con-

303 688 139 60 ponitur
404 688 76 60 ex
442 688 101 60 tota
505 688 139 60 materia
606 688 176 60 factibili.
744 688 101 60 quia
807 688 126 60 potest
895 688 101 60 deus
946 688 88 60 face-

312 734 76 64 re
350 734 113 64 aliam
426 734 151 64 materiam
539 734 88 64 tam
590 734 101 64 celi
653 734 101 64 quam
716 734 139 64 aliorum
817 734 202 64 quorumcunque
968 734 63 64 cor

304 769 136 67 porum.
400 769 68 67 ⁋
427 769 123 67 Circa
509 769 150 67 tertium
618 769 123 67 dico:
699 769 109 67 quod
767 769 109 67 deus
835 769 136 67 posset
917 769 109 67 facere

304 822 130 57 mundum
395 822 156 57 meliorem
511 822 156 57 bonitate
628 822 194 57 accidentali
784 822 104 57 quia
849 822 91 57 hoc
900 822 91 57 non
939 822 91 57 esset

309 861 107 63 nisi
375 861 133 63 facere
469 861 133 63 mundum
562 861 187 63 informatum
709 861 240 63 perfectioribus
896 861 133 63 acciden-

302 906 117 65 tibus.
384 906 82 65 sed
431 906 82 65 hoc
477 906 82 65 est
524 906 163 65 possibile.
652 906 82 65 cum
699 906 93 65 deus
758 906 93 65 illa
816 906 163 65 accidentia
933 906 93 65 possit

301 952 126 62 augere.
392 952 69 62 et
427 952 80 62 per
472 952 160 62 consequens
598 952 115 62 facere
678 952 69 62 ea
713 952 183 62 perfectiora.
862 952 69 62 et
896 952 80 62 sic
930 952 92 62 mundum

300 994 161 68 meliorem
420 994 67 68 ⁋
447 994 80 68 Ad
487 994 134 68 primum
581 994 187 68 principale
728 994 107 68 dico
795 994 107 68 quod
861 994 147 68 quamuis
955 994 67 68 mum

295 1028 102 75 dus
354 1028 102 75 non
412 1028 175 75 recipiat
543 1028 131 75 magis
631 1028 88 75 et
675 1028 131 75 minus
762 1028 117 75 illo
835 1028 117 75 modo
908 1028 102 75 quo
952 1028 73 75 ac-

309 1082 180 70 cidentales
451 1082 180 70 qualitates
592 1082 180 70 suscipiunt
734 1082 116 70 magis
811 1082 77 70 et
850 1082 129 70 minus.
927 1082 90 70 tamen

307 1126 116 64 potest
388 1126 104 64 fieri
458 1126 93 64 vnus
516 1126 162 64 perfectior
643 1126 104 64 isto.
713 1126 69 64 et
747 1126 116 64 potest
828 1126 104 64 fieri
898 1126 93 64 isti
944 1126 81 64 addi-

301 1169 95 65 tio.
360 1169 107 65 sicut
432 1169 107 65 aquae
503 1169 119 65 potest
586 1169 107 65 fieri
657 1169 131 65 additio
752 1169 107 65 sicut
823 1169 107 65 facta
894 1169 83 65 vna
930 1169 83 65 parua

304 1209 89 64 aqua
359 1209 111 64 potest
437 1209 100 64 fieri
503 1209 89 64 alia
558 1209 111 64 maior.
636 1209 66 64 et
669 1209 77 64 per
713 1209 155 64 consequens
835 1209 155 64 perfectior
946 1209 66 64 illo

295 1254 101 63 mo
346 1254 84 63 ⁋
379 1254 101 63 Ad
430 1254 152 63 aliud
531 1254 185 63 diuersi
666 1254 253 63 diuersimode
851 1254 169 63 dicerent

307 1291 77 81 Nam
351 1291 132 81 dicentes
450 1291 88 81 quod
504 1291 77 81 non
548 1291 77 81 est
592 1291 110 81 status
669 1291 66 81 in
702 1291 154 81 indiuiduis
823 1291 132 81 alterius
910 1291 110 81 speciei.

291 1346 94 70 qui
344 1346 174 70 quocumque
478 1346 107 70 dato
545 1346 134 70 posset
638 1346 120 70 fieri
718 1346 147 70 melius.
825 1346 147 70 diceret
919 1346 80 70 quod

292 1384 98 71 deus
353 1384 122 71 posset
439 1384 122 71 facere
524 1384 122 71 mundum
610 1384 147 71 meliorem
720 1384 73 71 in
757 1384 171 71 infinitum.
892 1384 86 71 non
928 1384 86 71 tamen

292 1425 165 68 infinitum
419 1425 114 68 sicut
495 1425 127 68 potest
584 1425 127 68 facere
673 1425 114 68 aquam
749 1425 139 68 maiorem
850 1425 165 68 quacumque
964 1425 51 68 da

291 1473 84 75 ta.
339 1473 72 75 et
375 1473 108 75 tamen
447 1473 84 75 non
495 1473 168 75 infinitam.
627 1473 96 75 Alii
687 1473 144 75 dicerent
795 1473 96 75 quod
855 1473 120 75 posset
927 1473 84 75 fieri

284 1522 126 65 mundus
373 1522 114 65 quaie
449 1522 88 65 non
499 1522 126 65 posset
588 1522 114 65 fieri
663 1522 139 65 melior.
764 1522 101 65 Dis.
828 1522 101 65 xlv.
891 1522 88 65 Qi.
929 1522 88 65 vnica

600 1571 257 96 Irca
728 1571 289 96 distin-

610 1659 169 62 ctionem
717 1659 292 62 quadragesimamquin

608 1700 94 56 tam
661 1700 148 56 quaero.
769 1700 67 56 ⁋
796 1700 121 56 Utrum
863 1700 135 56 voluntas

603 1746 90 60 dei
654 1746 90 60 sit
706 1746 115 60 causa
782 1746 166 60 immediata
911 1746 77 60 et
936 1746 77 60 pri-

613 1789 65 65 ma
646 1789 109 65 omnium
722 1789 98 65 eorum
787 1789 87 65 quae
842 1789 109 65 fiunt.
918 1789 54 65 ⁋
929 1789 65 65 Quod

606 1835 80 57 non.
656 1835 80 57 quia
706 1835 100 57 quando
776 1835 110 57 aliquae
857 1835 80 57 sunt
907 1835 80 57 idem
947 1835 50 57 rea

275 1859 97 69 liter.
343 1859 145 69 cuiuscumque
459 1859 77 69 vnum
507 1859 106 69 illorum
584 1859 68 69 est
623 1859 87 69 causa
681 1859 58 69 et
710 1859 106 69 reliqua
787 1859 68 69 est
826 1859 97 69 causa.
893 1859 68 69 sed
922 1859 68 69 essen

282 1915 76 64 tia
326 1915 76 64 dei
369 1915 65 64 et
401 1915 130 64 voluntas
499 1915 87 64 sunt
553 1915 87 64 idem
608 1915 163 64 simpliciter
738 1915 65 64 et
770 1915 141 64 realiter.
879 1915 87 64 ergo
933 1915 65 64 si
955 1915 43 64 vo

276 1955 111 62 luntas
354 1955 78 62 dei
398 1955 78 62 sit
443 1955 100 62 causa
510 1955 145 62 immediata
621 1955 67 62 et
655 1955 100 62 prima
722 1955 111 62 omnium
800 1955 100 62 eorum
866 1955 89 62 quae
911 1955 78 62 fiunt

282 1997 124 73 sequitur
374 1997 82 73 quod
426 1997 124 73 essentia
519 1997 72 73 dei
560 1997 72 73 est
601 1997 93 73 causa
663 1997 134 73 immediata
766 1997 62 73 et
797 1997 93 73 prima
859 1997 103 73 omnium
921 1997 72 73 eorum

285 2042 75 72 quae
331 2042 94 72 fiunt.
397 2042 131 72 consequens
500 2042 66 72 est
537 2042 103 72 falsum.
612 2042 75 72 quia
659 2042 112 72 essentia
744 2042 66 72 dei
781 2042 140 72 cuiuscumque
893 2042 66 72 est
921 2042 66 72 causa

276 2101 71 54 est
316 2101 91 54 causa
377 2101 81 54 mere
428 2101 142 54 naturalis.
539 2101 71 54 sed
579 2101 81 54 deus
630 2101 71 54 non
670 2101 71 54 est
711 2101 91 54 causa
772 2101 132 54 naturalis
873 2101 91 54 eorum
923 2101 61 54 quae

285 2132 104 67 fiunt.
357 2132 94 67 sicut
420 2132 125 67 ostensum
513 2132 73 67 est
555 2132 104 67 prius.
628 2132 83 67 ergo
680 2132 73 67 etc
721 2132 52 67 ⁋
742 2132 125 67 Preterea
835 2132 94 67 omnis
887 2132 94 67 effectu

273 2182 103 66 potest
345 2182 155 66 demonstrari
469 2182 72 66 per
510 2182 83 66 suam
562 2182 114 66 causam.
645 2182 72 66 sed
686 2182 93 66 nihil
748 2182 93 66 eorum
810 2182 83 66 quae
862 2182 93 66 fiunt
913 2182 83 66 potest

267 2226 184 70 demonstrari
414 2226 86 70 per
463 2226 172 70 voluntatem
599 2226 148 70 diuinam.
709 2226 86 70 cum
758 2226 74 70 si
795 2226 148 70 causaet:
894 2226 98 70 causet

273 2271 99 63 mere
335 2271 161 63 contiget.
459 2271 74 63 et
496 2271 124 63 medium
583 2271 236 63 demonstrationis
781 2271 112 63 debet
856 2271 99 63 esse
918 2271 74 63 ne
942 2271 50 63 es

269 2317 185 57 cessarium.
414 2317 66 57 ⁋
440 2317 79 57 Ad
480 2317 172 57 oppositum
612 2317 92 57 est
665 2317 132 57 beatus
757 2317 106 57 aug.
824 2317 79 57 et
863 2317 119 57 mgitr
929 2317 53 57 in

274 2354 130 69 ittera.
369 2354 59 69 ⁋
393 2354 107 69 Circa
464 2354 107 69 istam
535 2354 178 69 quaestionem
677 2354 130 69 possunt
772 2354 95 69 esse
831 2354 83 69 duo
867 2354 118 69 articuli

276 2392 98 73 Unus
337 2392 73 73 an
374 2392 147 73 voluntas
484 2392 122 73 diuina
569 2392 86 73 sit
618 2392 110 73 causa
692 2392 135 73 omnium.
789 2392 86 73 ita
838 2392 98 73 quod
899 2392 86 73 non
936 2392 49 73 es

274 2439 131 70 sentia
366 2439 131 70 diuina
457 2439 92 70 nec
510 2439 196 70 intellectus
667 2439 157 70 diuinus.
785 2439 170 70 Secundus.
902 2439 92 70 vtrum

273 2486 191 71 simpliciter
426 2486 102 71 ipsa
490 2486 127 71 diuina
579 2486 153 71 voluntas
693 2486 89 71 vel
744 2486 140 71 esentia
846 2486 127 71 diuina
922 2486 64 71 sit

262 2531 104 69 causa
332 2531 127 69 omnium.
424 2531 58 69 ⁋
447 2531 127 69 Quantum
539 2531 69 69 ad
574 2531 115 69 primum
655 2531 127 69 dicitur
747 2531 92 69 quod
804 2531 138 69 essentia
897 2531 92 69 diuina

268 2574 86 80 non
317 2574 86 80 est
366 2574 111 80 causa
440 2574 160 80 immediata
563 2574 184 80 cuiuscumque
710 2574 148 80 effectus
821 2574 111 80 extra
883 2574 98 80 produ-

267 2617 91 83 eti.
324 2617 80 83 sed
369 2617 114 83 tantum
449 2617 91 83 ipsa
506 2617 148 83 voluntas.
620 2617 80 83 Non
666 2617 126 83 ponitur
757 2617 68 83 ad
792 2617 80 83 hoc
837 2617 91 83 quod
883 2617 114 83 essentia
