2286 3066
430 233 109 71 agit
498 233 122 71 nisim
580 233 190 71 praesentia
730 233 122 71 ignis
811 233 82 71 Ex
852 233 109 71 illo
920 233 177 71 sequuntur
1042 233 109 71 aliqua

429 288 91 59 Unum
485 288 80 59 est
531 288 91 59 quod
588 288 102 59 causa
656 288 170 59 vniversalis
792 288 80 59 qua
838 288 102 59 amota
906 288 80 59 non
951 288 91 59 fiut
1008 288 136 59 effectus
1099 288 57 59 est

436 337 101 62 causa
503 337 79 62 ita
548 337 146 62 immediata
660 337 101 62 sicut
728 337 101 62 causa
795 337 191 62 particularis.
952 337 67 62 et
986 337 90 62 ideo
1042 337 90 62 quia
1087 337 67 62 sole

430 380 151 58 absente
540 380 96 58 non
595 380 206 58 producuntur
759 380 110 58 ista
828 380 206 58 generabilia
992 380 82 58 et
1020 380 137 58 corrupti

442 420 117 60 bilia.
524 420 93 60 quae
583 420 105 60 tamen
653 420 175 60 producuntur
793 420 175 60 mediantibus
933 420 117 60 causis
1003 420 152 60 particulari

435 462 97 59 bus.
495 462 73 59 et
532 462 97 59 ideo
592 462 85 59 sol
641 462 85 59 est
689 462 109 59 causa
762 462 157 59 immediata
883 462 121 59 eorum.
967 462 97 59 nisi
1028 462 109 59 forte
1088 462 73 59 fin-

448 506 73 78 gas
489 506 84 78 quod
542 506 73 78 sol
584 506 73 78 est
625 506 94 78 causa
688 506 126 78 alicuius
782 506 84 78 quod
835 506 73 78 est
877 506 94 78 causa
939 506 136 78 immediata
1044 506 105 78 eorum.
1107 506 52 78 sed

445 546 101 75 semper
516 546 81 75 quod
566 546 71 75 sol
607 546 121 75 alicuius
698 546 71 75 est
738 546 91 75 causa
799 546 142 75 immediata.
910 546 121 75 scilicet
1001 546 71 75 vel
1042 546 121 75 effectus
1122 546 51 75 vel

444 590 117 68 causae
526 590 117 68 ipsius
608 590 152 68 effectus.
724 590 70 68 et
759 590 82 68 hoc
806 590 140 68 sufficit
911 590 70 68 ad
946 590 163 68 propositum
1074 590 58 68 ⁋
1086 590 70 68 Alid

444 647 126 54 sequitur
539 647 84 54 quod
592 647 105 54 quando
665 647 95 54 amota
728 647 84 54 caus
781 647 147 54 vniversali
896 647 74 54 vel
938 647 158 54 particulari
1064 647 74 54 non
1096 647 63 54 poni

446 694 75 59 tur
489 694 139 59 effectus.
596 694 86 59 quod
650 694 86 59 tunc
703 694 107 59 neutra
778 694 118 59 illarum
864 694 75 59 est
906 694 96 59 causa
971 694 118 59 totalis
1056 694 75 59 sed
1088 694 86 59 tantum

445 724 169 74 partialis
575 724 104 74 quia
639 724 130 74 neutra
730 724 143 74 illarum
834 724 78 74 ex
873 724 91 74 quo
925 724 78 74 se
964 724 104 74 sola
1028 724 91 74 non
1067 724 104 74 potest

445 769 136 74 producere
549 769 126 74 effectum
643 769 73 74 est
685 769 94 74 causa
748 769 147 74 efficiens.
863 769 63 74 et
895 769 73 74 per
937 769 147 74 consequens
1052 769 105 74 neutra
1115 769 52 74 est

448 815 96 60 causa
512 815 128 60 totalis.
608 815 53 60 ⁋
629 815 96 60 Aliud
693 815 128 60 sequitur
789 815 85 60 quod
842 815 96 60 omnis
906 815 96 60 causa
970 815 117 60 proprie
1055 815 96 60 dicta
1109 815 53 60 est

448 859 114 60 causa
525 859 178 60 immediata.
664 859 102 60 quia
728 859 102 60 illa
792 859 114 60 causa
868 859 89 60 qua
919 859 114 60 amota
995 859 89 60 vel
1046 859 127 60 posita
1122 859 51 60 ni

447 913 165 59 hilominus
574 913 76 59 ex
613 913 127 59 natura
702 913 89 59 rei
752 913 153 59 sequitur
867 913 165 59 effectus.
994 913 76 59 et
1032 913 89 59 qua
1070 913 102 59 posita

457 949 105 57 aliis
528 949 211 57 circumscriptis
703 949 82 57 non
750 949 141 57 sequitur
856 949 152 57 effectus.
973 949 82 57 non
1020 949 117 57 potest
1090 949 82 57 conui

462 992 57 61 ci
490 992 76 61 esse
537 992 94 61 causa.
603 992 66 61 sed
641 992 123 61 huiusmodi
735 992 66 61 est
773 992 85 61 omnis
830 992 76 61 alia
877 992 85 61 causa
934 992 47 61 a
953 992 85 61 causa
1009 992 132 61 immediata.
1104 992 66 61 sicut

465 1042 92 49 patet
526 1042 143 49 inductiue.
639 1042 92 49 ergo.
700 1042 51 49 ⁋
721 1042 61 49 Se
751 1042 133 49 conclusio
854 1042 92 49 illud
915 1042 102 49 potest
987 1042 113 49 obiici.
1068 1042 82 49 quia
1109 1042 72 49 quic-

460 1076 69 66 quid
503 1076 60 66 est
538 1076 77 66 causa
589 1076 86 66 causae
650 1076 60 66 est
684 1076 77 66 causa
736 1076 77 66 cati.
787 1076 52 66 et
813 1076 77 66 tamen
865 1076 77 66 causa
916 1076 86 66 causae
977 1076 60 66 non
1011 1076 60 66 est
1046 1076 77 66 causa
1089 1076 77 66 immedia

463 1126 75 56 ta.
506 1126 86 56 ergo
560 1126 75 56 est
603 1126 119 56 proprie
690 1126 108 56 causa.
765 1126 119 56 quamuis
851 1126 75 56 non
895 1126 75 56 sit
938 1126 97 56 causa
1002 1126 140 56 immediata
1110 1126 54 56 ⁋
1121 1126 54 56 Pre

453 1171 111 59 terea
527 1171 111 59 sicut
601 1171 173 59 intrinsece
737 1171 124 59 causae
824 1171 186 59 ordinantur.
973 1171 87 59 ita
1022 1171 74 59 et
1060 1171 111 59 cause
1121 1171 50 59 ex

461 1208 139 62 trinsece.
568 1208 75 62 sed
611 1208 75 62 non
654 1208 96 62 omnis
718 1208 96 62 causa
782 1208 150 62 intrinseca
899 1208 75 62 est
942 1208 139 62 immediata
1049 1208 107 62 causa.
1113 1208 64 62 ergo

468 1254 84 62 nec
516 1254 107 62 omnis
587 1254 107 62 causa
659 1254 167 62 extrinseca
790 1254 84 62 est
838 1254 107 62 causa
910 1254 167 62 immediata.
1041 1254 60 62 ⁋
1053 1254 119 62 Preterea

457 1297 65 61 si
490 1297 97 61 omnis
554 1297 97 61 causa
619 1297 119 61 proprie
705 1297 97 61 dicta
770 1297 97 61 esset
835 1297 97 61 causa
899 1297 151 61 immediata.
1018 1297 86 61 tunc
1072 1297 75 61 non
1104 1297 65 61 esse

456 1342 105 68 magis
526 1342 93 68 ordo
585 1342 175 68 essentialis
725 1342 105 68 inter
795 1342 117 68 causam
877 1342 175 68 vniversalem
1017 1342 70 68 et
1040 1342 129 68 particula

459 1392 85 51 rem
507 1392 97 51 quam
568 1392 109 51 inter
641 1392 97 51 duos
702 1392 158 51 trahentes
823 1392 121 51 nauem.
908 1392 97 51 quia
969 1392 109 51 sicut
1041 1392 121 51 neuter
1114 1392 61 51 tra

454 1435 178 62 habentium
591 1435 137 62 trahit
686 1435 164 62 mediate.
809 1435 96 62 sed
864 1435 150 62 vterque
973 1435 191 62 immediate.
1110 1435 68 62 ita

457 1476 77 66 nec
501 1476 88 66 caus
556 1476 164 66 vniversalis
687 1476 131 66 causaret
785 1476 131 66 mediante
884 1476 98 66 causa
949 1476 164 66 particulari
1081 1476 77 66 nec
1113 1476 55 66 eco

464 1516 132 64 uerso.
556 1516 92 64 sed
609 1516 145 64 vtraque
714 1516 184 64 immediate.
859 1516 66 64 ⁋
885 1516 79 64 Ad
925 1516 132 64 primum
1017 1516 145 64 istorum
1109 1516 66 64 di-

468 1558 53 62 co
495 1558 71 62 quod
539 1558 62 62 non
575 1558 89 62 semper
637 1558 107 62 quicquid
718 1558 62 62 est
753 1558 80 62 causa
807 1558 89 62 causae
869 1558 62 62 est
905 1558 53 62 ca
931 1558 107 62 causati.
1012 1558 62 62 non
1047 1558 71 62 plus
1092 1558 71 62 quam
1128 1558 53 62 quae

465 1605 102 58 cumque
536 1605 71 58 est
577 1605 92 58 pater
638 1605 81 58 pris
689 1605 71 58 est
730 1605 92 58 pater
791 1605 102 58 filii.
862 1605 61 58 et
893 1605 81 58 ideo
944 1605 92 58 sicut
1005 1605 71 58 non
1045 1605 122 58 sequitur
1127 1605 61 58 sor-

466 1649 97 57 tes
521 1649 97 57 est
577 1649 124 57 pater
659 1649 166 57 platonis
784 1649 83 57 et
825 1649 124 57 plato
908 1649 97 57 est
963 1649 124 57 pater
1032 1649 152 57 ciceronis

463 1693 82 64 ergo
514 1693 103 64 sortes
586 1693 72 64 est
627 1693 93 64 pater
689 1693 144 64 ciceronis.
802 1693 72 64 ita
843 1693 72 64 non
885 1693 134 64 sequitur.
987 1693 62 64 a.
1018 1693 72 64 est
1060 1693 93 64 causa
1121 1693 62 64 b.
1142 1693 41 64 et

469 1737 58 65 b.
498 1737 68 65 est
537 1737 97 65 causa.
605 1737 58 65 c.
634 1737 78 65 ergo
683 1737 58 65 a.
712 1737 68 65 est
751 1737 97 65 causa.
818 1737 58 65 c.
848 1737 58 65 et
877 1737 78 65 ideo
925 1737 87 65 sicut
983 1737 87 65 pater
1042 1737 97 65 patris
1100 1737 87 65 vocatur

465 1779 111 64 pater
539 1779 111 64 filii
613 1779 123 64 illius
699 1779 136 64 patris.
798 1779 111 64 large
872 1779 160 64 accipiedo
995 1779 136 64 patrem.
1094 1779 74 64 et
1118 1779 62 64 non

462 1826 150 53 stricte.
574 1826 87 53 ita
624 1826 112 53 large
699 1826 162 53 accipiedo
824 1826 137 53 causam.
924 1826 112 53 causa
999 1826 125 53 causae
1074 1826 112 53 vocatur

472 1864 111 65 causa.
550 1864 67 65 et
583 1864 78 65 non
627 1864 122 65 stricte
716 1864 89 65 nisi
771 1864 78 65 sit
816 1864 100 65 causa
882 1864 155 65 immediata.
1004 1864 67 65 Et
1038 1864 89 65 ideo
1093 1864 89 65 haoc
1138 1864 55 65 est

475 1912 151 58 viversalit
594 1912 108 58 verum.
670 1912 87 58 quod
724 1912 119 58 proprie
810 1912 65 58 et
843 1912 119 58 stricte
929 1912 151 58 accipiendo
1048 1912 108 58 causam
1113 1912 76 58 nihil

470 1947 88 73 est
521 1947 113 73 causa
596 1947 151 73 alicuius
709 1947 101 73 nisi
772 1947 88 73 sit
822 1947 113 73 causa
898 1947 163 73 immediata
1024 1947 126 73 ipsius
1112 1947 63 73 ⁋
1137 1947 75 73 Ad

471 1998 105 59 aliud
542 1998 117 59 potest
624 1998 94 59 dici
682 1998 94 59 quod
741 1998 129 59 quamuis
835 1998 117 59 causae
917 1998 164 59 intrinsece
1034 1998 152 59 aliquanordi

475 2043 131 56 nantur
567 2043 157 56 secundum
685 2043 157 56 mediatum
803 2043 79 56 et
842 2043 184 56 immedaitum
986 2043 157 56 respectu
1091 2043 92 56 forme

482 2086 92 59 cuius
543 2086 72 59 non
584 2086 82 59 sunt
635 2086 112 59 causae.
717 2086 92 59 tamen
778 2086 123 59 respectu
870 2086 112 59 causati
952 2086 92 59 cuius
1013 2086 82 59 sunt
1065 2086 102 59 causae
1126 2086 51 59 idt

469 2128 79 65 est
514 2128 135 65 respectu
615 2128 113 65 totius
694 2128 124 65 numquam
784 2128 90 65 illo
840 2128 90 65 modo
896 2128 169 65 ordinantur.
1031 2128 68 65 et
1065 2128 90 65 ideo
1110 2128 79 65 sicut

483 2173 112 60 causae
561 2173 78 60 non
606 2173 78 60 est
650 2173 100 60 causa
717 2173 78 60 ita
762 2173 112 60 potest
840 2173 123 60 concedi
929 2173 89 60 quod
985 2173 123 60 materia
1074 2173 100 60 forme
1130 2173 56 60 non

480 2226 87 50 et
524 2226 160 50 materia
640 2226 145 50 illius
742 2226 131 50 forme
829 2226 116 50 quam
902 2226 87 50 ea
945 2226 131 50 media
1032 2226 131 50 forma
1105 2226 87 50 reci

482 2267 113 59 pit.
553 2267 127 59 sicut
637 2267 85 59 si
680 2267 156 59 materia
793 2267 127 59 prima
878 2267 170 59 recipiat
1005 2267 127 59 primo
1076 2267 113 59 formam

473 2310 242 55 corporeitatis
672 2310 85 55 et
715 2310 114 55 illa
786 2310 171 55 recipiat
914 2310 157 55 animam.
1028 2310 157 55 materia
1128 2310 71 55 pri

470 2352 80 64 ma
510 2352 94 64 non
563 2352 174 64 diceretur
697 2352 147 64 materia
804 2352 134 64 anime.
898 2352 107 64 nisi
965 2352 174 64 extensiue
1085 2352 107 64 loquen

478 2395 84 60 do
520 2395 84 60 de
562 2395 168 60 materia.
688 2395 70 60 ⁋
716 2395 84 60 Ad
758 2395 154 60 tertium
870 2395 112 60 quod
940 2395 126 60 maior
1024 2395 98 60 est
1080 2395 112 60 ordo
1136 2395 56 60 es

483 2438 140 64 sentialis
591 2438 97 64 inter
656 2438 108 64 causam
731 2438 162 64 vniversalem
861 2438 65 64 et
893 2438 183 64 particularem.
1044 2438 86 64 quam
1098 2438 97 64 inter
1152 2438 43 64 du

484 2491 81 56 os
525 2491 176 56 trahentes
660 2491 135 56 nauem.
755 2491 108 56 quia
822 2491 135 56 duorum
917 2491 189 56 trahentium
1066 2491 135 56 neuter
1147 2491 54 56 de

476 2524 122 70 pendet
561 2524 73 70 ab
597 2524 97 70 alio
658 2524 207 70 essentialiter
828 2524 85 70 sed
877 2524 109 70 causa
950 2524 194 70 particularis
1108 2524 73 70 vt
1132 2524 61 70 fre

481 2572 122 57 quenter
570 2572 122 57 saltem)
659 2572 134 57 dependet
759 2572 56 57 a
781 2572 100 57 causa
848 2572 167 57 vniversali.
982 2572 122 57 vtraque
1071 2572 100 57 tamen
1126 2572 78 57 imme-

481 2614 102 67 diate
549 2614 158 67 concausat.
673 2614 91 67 quia
730 2614 113 67 aliter
809 2614 79 67 non
854 2614 113 67 vtique
933 2614 102 67 esset
1001 2614 102 67 causa
1069 2614 124 67 proprie
1148 2614 57 67 di

1247 216 106 70 cta.
1313 216 119 70 Circa
1392 216 158 70 secundum
1511 216 158 70 terminum
1630 216 106 70 quid
1696 216 92 70 sit
1749 216 119 70 causa
1828 216 132 70 prima.
1907 216 66 70 Di-

1249 268 69 66 co
1284 268 92 66 quod
1342 268 104 66 causa
1411 268 115 66 prima.
1491 268 81 66 vel
1537 268 81 66 est
1583 268 104 66 prima
1652 268 150 66 primitate
1767 268 196 66 perfectionis.
1917 268 46 66 si

1247 312 81 62 si
1287 312 94 62 sol
1341 312 81 62 et
1381 312 121 62 ignis
1462 312 189 62 concurrunt
1611 312 81 62 ad
1651 312 175 62 causandum
1786 312 175 62 effectum.
1908 312 67 62 sol

1247 358 93 66 erit
1306 358 105 66 causa
1375 358 105 66 prior
1445 358 151 66 primitate
1562 358 198 66 perfectionis.
1725 358 82 66 vel
1771 358 82 66 est
1818 358 105 66 prima
1876 358 105 66 primita

1249 411 72 48 te
1285 411 229 48 illimitationis.
1478 411 96 48 illa
1538 411 145 48 scilicet
1647 411 96 48 quae
1707 411 157 48 concurrit
1827 411 84 48 vel
1864 411 121 48 concurre

1260 443 74 66 re
1297 443 123 66 potest
1382 443 74 66 ad
1419 443 123 66 plures
1505 443 147 66 effectus
1616 443 196 66 producendos.
1775 443 110 66 sicut
1849 443 86 66 sol
1886 443 98 66 potest

1259 486 193 65 concurrere
1411 486 83 65 ad
1452 486 138 65 plures
1548 486 165 65 effectus
1672 486 206 65 producendos
1837 486 110 65 quam
1892 486 83 65 ange

1263 534 97 60 lus.
1323 534 72 60 Et
1359 534 205 60 distinguuntur
1528 534 97 60 iste
1589 534 181 60 primitates.
1734 534 97 60 quia
1794 534 157 60 aliquando
1903 534 72 60 vnum

1268 586 90 56 est
1320 586 154 56 respectu
1435 586 142 56 eiusdem
1538 586 116 56 prius
1616 586 90 56 vna
1667 586 180 56 primitate.
1809 586 77 56 et
1834 586 142 56 respectu-

1271 615 139 65 eiusdem
1372 615 88 65 est
1423 615 164 65 posterius
1549 615 101 65 alia
1612 615 177 65 primitate.
1750 615 88 65 sic
1801 615 177 65 declaratum
1927 615 63 65 est

1259 670 120 65 prius.
1343 670 84 65 Uel
1391 670 108 65 causa
1463 670 132 65 dicitur
1559 670 108 65 prima
1632 670 156 65 primitate
1752 670 180 65 durationis.
1896 670 72 65 et
1920 670 60 65 hoc

1265 709 96 65 potest
1333 709 77 65 esse
1380 709 134 65 dupliciter
1486 709 67 65 vel
1524 709 77 65 quod
1572 709 125 65 praecedat
1668 709 115 65 secundum
1754 709 77 65 suam
1802 709 115 65 naturam.
1889 709 67 65 vel
1917 709 58 65 quod

1266 757 111 66 prius
1339 757 160 66 duratione
1462 757 148 66 causaet.
1573 757 111 66 sicut
1647 757 74 66 si
1684 757 98 66 vnus
1745 757 111 66 prius
1819 757 148 66 traheret
1918 757 61 66 na-

1260 797 85 67 uem
1308 797 97 67 quam
1369 797 122 67 alius.
1454 797 73 67 et
1491 797 122 67 postea
1576 797 109 67 simul
1649 797 85 67 cum
1697 797 85 67 eo.
1746 797 61 67 ⁋
1770 797 109 67 Circa
1843 797 134 67 tertium
1928 797 61 67 di-

1264 845 69 62 co
1299 845 92 62 quod
1357 845 138 62 voluntas
1460 845 81 62 dei
1506 845 104 62 sicut
1575 845 69 62 et
1610 845 138 62 essentia
1713 845 81 62 dei
1759 845 81 62 est
1805 845 104 62 causa
1863 845 115 62 immedia-

1259 883 74 71 ta
1296 883 123 71 omnium
1382 883 111 71 eorum
1456 883 99 71 quae
1518 883 123 71 fiunt.
1604 883 136 71 quamuis
1703 883 185 71 demonstrari
1851 883 86 71 non
1888 883 99 71 possit

1265 932 79 57 ex
1304 932 119 57 puris
1384 932 211 57 naturalibus.
1555 932 92 57 Sed
1608 932 119 57 tamen
1687 932 185 57 persuaderi
1833 932 132 57 potest
1912 932 66 57 sic

1281 975 69 59 No
1316 975 104 59 minus
1385 975 138 59 dependet
1489 975 104 59 causa
1558 975 127 59 secunda
1650 975 58 59 a
1673 975 104 59 causa
1742 975 173 59 simpliciter
1880 975 104 59 prima
1938 975 46 59 et

1262 1014 150 63 simpliciter
1382 1014 140 63 illimitata
1491 1014 60 63 et
1521 1014 60 63 in
1551 1014 130 63 infinitum
1651 1014 160 63 perfectiore.
1781 1014 80 63 quam
1830 1014 50 63 a
1850 1014 90 63 causa
1900 1014 90 63 secundu

1269 1059 90 66 quid
1325 1059 169 66 illlimitata
1460 1059 68 66 et
1494 1059 169 66 imperfecta.
1629 1059 79 66 Sed
1674 1059 101 66 causa
1742 1059 124 66 secunda
1832 1059 147 66 aliquando
1934 1059 56 66 sic

1278 1107 116 61 dependet
1365 1107 48 61 a
1384 1107 87 61 causa
1442 1107 135 61 vniversali
1548 1107 67 61 sed
1587 1107 77 61 quid
1635 1107 58 61 et
1664 1107 135 61 illimitata
1770 1107 116 61 secundum
1856 1107 77 61 quid
1904 1107 67 61 ita
1933 1107 58 61 quod

1265 1152 72 59 non
1306 1152 103 59 potest
1378 1152 62 59 in
1409 1152 124 59 effectum
1502 1152 83 59 suum
1554 1152 83 59 nisi
1606 1152 93 59 causa
1668 1152 155 59 vniversalis
1792 1152 83 59 illa
1843 1152 134 59 concurrat
1936 1152 52 59 in-

1278 1193 147 61 mediate.
1388 1193 110 61 sicut
1461 1193 110 61 patet
1535 1193 73 61 de
1572 1193 98 61 sole
1633 1193 73 61 et
1670 1193 110 61 istis
1743 1193 196 61 inferioribus
1890 1193 98 61 respe-

1268 1242 84 58 ctu
1316 1242 143 58 multorum
1423 1242 167 58 effectuum.
1554 1242 107 58 sicut
1626 1242 107 58 satis
1698 1242 119 58 probat
1781 1242 179 58 philosophus
1924 1242 72 58 ii
1948 1242 48 58 de

1279 1281 162 65 generatione.
1410 1281 81 65 ergo
1461 1281 152 65 simpliciter
1582 1281 91 65 nulla
1643 1281 91 65 causa
1703 1281 111 65 secunda
1784 1281 101 65 potest
1855 1281 61 65 in
1885 1281 111 65 aliquem
1956 1281 40 65 ef

1276 1325 107 64 fectum
1351 1325 85 64 nisi
1404 1325 160 64 concurrente
1532 1325 138 64 immediate
1639 1325 96 64 causa
1702 1325 96 64 prima
1766 1325 160 64 simpliciter
1883 1325 107 64 scilicet

1276 1373 96 56 deo.
1336 1373 60 56 ⁋
1360 1373 133 56 Secundo
1457 1373 108 56 dicit
1529 1373 96 56 quod
1589 1373 96 56 deus
1650 1373 84 56 est
1698 1373 108 56 causa
1770 1373 108 56 prima
1842 1373 157 56 primitate
1951 1373 60 56 per

1263 1416 176 62 fectionis
1399 1416 81 62 et
1440 1416 176 62 primitate
1575 1416 244 62 illimitationis
1779 1416 81 62 et
1820 1416 176 62 primitate
1942 1416 54 62 du

1271 1456 148 69 rationis
1382 1456 111 69 primo
1456 1456 99 69 modo
1518 1456 124 69 dicta.
1604 1456 87 69 sed
1654 1456 87 69 non
1703 1456 124 69 semper
1790 1456 161 69 primitate
1901 1456 99 69 durati

1285 1500 101 61 ponis
1352 1500 124 61 secundo
1442 1500 90 61 modo
1499 1500 113 61 dicta.
1577 1500 101 61 patet
1645 1500 90 61 quia
1701 1500 90 61 deus
1757 1500 79 61 est
1802 1500 169 61 perfectiori
1926 1500 79 61 omni-

1285 1549 91 57 bus.
1342 1549 149 57 concurrit
1456 1549 103 57 etiam
1525 1549 69 57 ad
1559 1549 103 57 omnem
1627 1549 149 57 effectum.
1742 1549 91 57 quod
1799 1549 80 57 non
1844 1549 103 57 facit
1902 1549 91 57 quaeci

1281 1588 75 66 que
1324 1588 86 66 alia
1378 1588 108 66 causa.
1454 1588 86 66 deus
1507 1588 97 66 etiam
1572 1588 86 66 fuit
1626 1588 65 66 ab
1658 1588 119 66 eterno.
1744 1588 75 66 non
1788 1588 75 66 sic
1831 1588 151 66 quaecumque
1938 1588 65 66 alia

1284 1636 108 57 causa.
1360 1636 130 57 Negativa
1457 1636 97 57 etiam
1522 1636 108 57 patet.
1598 1636 87 57 quia
1652 1636 119 57 quamuis
1739 1636 87 57 deus
1793 1636 108 57 possit
1869 1636 119 57 causare
1945 1636 54 57 ali

1283 1678 98 58 quem
1344 1678 147 58 effectum
1454 1678 74 58 et
1491 1678 123 58 postea
1577 1678 172 58 permittere
1712 1678 110 58 aliam
1786 1678 123 58 causam
1871 1678 110 58 secum
1933 1678 61 58 con

1281 1721 110 69 seruare.
1363 1721 55 69 et
1391 1721 64 69 per
1427 1721 128 69 consequens
1528 1721 91 69 agere.
1592 1721 64 69 non
1628 1721 82 69 tamen
1683 1721 73 69 haec
1729 1721 64 69 est
1765 1721 155 69 vniversaliter
1893 1721 82 69 verum
1939 1721 55 69 immo

1272 1776 110 56 raro
1341 1776 97 56 vel
1396 1776 152 56 numquam
1507 1776 165 56 accidit.
1631 1776 69 56 ⁋
1658 1776 83 56 Ad
1700 1776 138 56 primum
1796 1776 193 56 principale
1934 1776 69 56 co-

1288 1808 81 62 cedo
1339 1808 81 62 quod
1390 1808 122 62 essentia
1481 1808 71 62 est
1522 1808 92 62 causa
1583 1808 102 62 omnium
1654 1808 92 62 sicut
1716 1808 81 62 ipsa
1766 1808 132 62 voluntas.
1868 1808 71 62 non
1909 1808 92 62 tamen
1970 1808 71 62 est

1280 1851 69 57 cam
1320 1851 148 57 neccessaria
1438 1851 69 57 sed
1477 1851 148 57 contigenter
1595 1851 108 57 causat.
1674 1851 59 57 et
1703 1851 69 57 ita
1742 1851 148 57 contigentur
1860 1851 89 57 sicut
1910 1851 98 57 voluntas

1285 1896 80 56 qui
1330 1896 103 56 eadem
1399 1896 80 56 est
1445 1896 126 56 omnibus
1536 1896 103 56 modis
1605 1896 57 56 ⁋
1628 1896 69 56 Ad
1662 1896 137 56 secundum
1765 1896 91 56 dico
1822 1896 91 56 quod
1879 1896 80 56 non
1914 1896 91 56 semper

1282 1947 145 47 effectus:
1394 1947 112 47 potest
1472 1947 168 47 demonstrari
1606 1947 78 47 per
1651 1947 90 47 suam
1707 1947 112 47 causam
1785 1947 179 47 extrinsecam.
1931 1947 78 47 sed
1964 1947 45 47 si

1282 1985 86 58 hoc
1331 1985 86 58 sit
1380 1985 122 58 verum.
1465 1985 86 58 hoc
1514 1985 86 58 est
1563 1985 110 58 verum
1636 1985 73 58 de
1673 1985 110 58 causa
1746 1985 171 58 voluntaria
1869 1985 134 58 cuiusmodi

1278 2036 88 52 est
1329 2036 151 52 essentia
1442 2036 126 52 diuina
1530 2036 76 52 et
1568 2036 164 52 voluntas.
1694 2036 101 52 Dis.
1757 2036 113 52 xlvi.
1833 2036 151 52 quaestio
1934 2036 88 52 prima

1584 2075 274 105 Irca
1721 2075 308 105 distin-

1606 2159 190 58 ctionem
1727 2159 276 58 quadragesimam.

1606 2201 156 63 sextam
1716 2201 156 63 quero.
1825 2201 78 63 ⁋
1856 2201 140 63 Utrum
1934 2201 62 63 vo

1604 2249 136 57 luntas
1700 2249 136 57 diuina
1795 2249 95 57 per
1836 2249 163 57 quancunque

1613 2292 198 59 potentiam
1765 2292 182 59 creature
1886 2292 122 59 possit

1609 2337 170 60 impediri
1736 2337 71 60 ⁋
1764 2337 113 60 Quod
1835 2337 113 60 sic.
1906 2337 113 60 illa
1962 2337 71 60 vo-

1293 2378 121 68 luntas
1378 2378 109 68 cuius
1451 2378 170 68 praeceptum
1584 2378 85 68 non
1633 2378 146 68 impletur
1742 2378 170 68 impeditur.
1875 2378 85 68 sed
1912 2378 97 68 prece-

1292 2433 105 54 ptum
1358 2433 92 54 dei
1410 2433 92 54 non
1463 2433 171 54 impletur.
1594 2433 118 54 sicut
1673 2433 171 54 manifeste
1805 2433 131 54 patet.
1897 2433 105 54 ergo
1949 2433 66 54 vo-

1292 2471 158 54 luntas
1403 2471 111 54 dei
1466 2471 221 54 impeditur.
1640 2471 79 54 ⁋
1672 2471 205 54 Preterea.
1830 2471 190 54 quicquid
1956 2471 79 54 est

1290 2516 210 54 intellectum
1458 2516 70 54 a
1486 2516 140 54 diuino
1584 2516 196 54 intellectu
1737 2516 98 54 est
1793 2516 154 54 volitum
1905 2516 98 54 vel
1947 2516 70 54 no-

1285 2555 127 58 litum
1369 2555 70 58 a
1398 2555 141 58 diuina
1496 2555 197 58 voluntate.
1651 2555 99 58 sed
1707 2555 127 58 malum
1792 2555 99 58 est
1834 2555 183 58 intellectum

1288 2601 67 73 a
1314 2601 135 73 diuino
1409 2601 189 73 intellectu
1557 2601 81 73 et
1598 2601 94 73 non
1652 2601 94 73 est
1705 2601 162 73 volitum.
1827 2601 108 73 ergo
1894 2601 94 73 est
1935 2601 94 73 noli
