2341 3090
332 252 66 55 et
365 252 99 55 male.
431 252 66 55 et
464 252 77 55 per
508 252 154 55 consequens
629 252 88 55 ille
684 252 99 55 actus
751 252 77 55 est
795 252 110 55 malus.
872 252 66 55 et
905 252 77 55 ita
949 252 88 55 vult
993 252 55 55 ma-

327 299 125 56 lum.
405 299 94 56 id
452 299 109 56 est
515 299 125 56 vult
593 299 172 56 aliquem
718 299 141 56 actum
812 299 109 56 qui
874 299 109 56 est
921 299 125 56 malus.

322 338 60 62 ⁋
346 338 95 62 Quod
406 338 107 62 autem
477 338 72 62 de
513 338 131 62 virtute
608 338 143 62 sermonis
716 338 107 62 talis
787 338 167 62 propositio
919 338 84 62 sit
954 338 84 62 conce

321 383 126 61 denda.
409 383 126 61 potest
497 383 176 61 persuaderi
635 383 100 61 sic.
698 383 100 61 volo
761 383 100 61 quod
824 383 138 61 aliquis
924 383 88 61 det
962 383 75 61 ele-

329 436 142 57 mosvnam
432 436 142 57 propter
535 436 116 57 vanam
613 436 142 57 geriam.
716 436 103 57 tunc
780 436 103 57 sic.
845 436 116 57 illud
922 436 103 57 dare
974 436 64 57 ele

320 479 150 53 mosvnam
429 479 95 53 est
484 479 68 53 a
511 479 109 53 deo.
579 479 95 53 sed
634 479 123 53 illud
716 479 109 53 dare
784 479 191 53 elemosvnam
934 479 95 53 est
975 479 68 53 ma-

317 516 89 61 lum
368 516 102 61 ergo
432 516 114 61 malum
508 516 89 61 est
559 516 64 61 a
584 516 89 61 deo
635 516 76 61 ea
673 516 127 61 vltra.
762 516 102 61 ergo
826 516 102 61 deus
889 516 114 61 facit
953 516 89 61 malum

323 560 67 65 ⁋
349 560 133 65 Primus
443 560 173 65 discursus
576 560 133 65 patet.
669 560 107 65 quia
736 560 107 65 est.
802 560 200 65 svllogismus
949 560 93 65 expo-

313 606 139 63 sitorius.
420 606 107 63 vltima
495 606 171 63 consequentia
633 606 96 63 patet
697 606 75 63 per
740 606 171 63 conuersione.
879 606 75 63 vel
921 606 75 63 per
953 606 75 63 cons-

314 654 115 54 milem
391 654 115 54 modum
467 654 166 54 arguendi.
595 654 64 54 ⁋
620 654 77 54 Et
659 654 77 54 si
697 654 140 54 dicatur
799 654 102 54 quod
863 654 77 54 in
901 654 115 54 primo
965 654 77 54 dis-

305 693 126 60 cursu
389 693 98 60 est
445 693 168 60 fallacia
571 693 210 60 accidentis.
740 693 98 60 vel
796 693 168 60 fallacia
908 693 126 60 figure-

320 738 193 61 dictionis.
472 738 69 61 ⁋
500 738 138 61 Contra
597 738 124 61 patet
680 738 111 61 quod
749 738 138 61 omnino
845 738 111 61 idem
914 738 124 61 modus
984 738 41 61 a

321 785 138 59 gruendi
422 785 88 59 est
472 785 113 59 sicut
548 785 88 59 hoc
598 785 126 59 sortes
686 785 88 59 est
736 785 113 59 homo.
811 785 126 59 sortes
899 785 88 59 est
937 785 88 59 albus

318 836 102 50 ergo
382 836 115 50 album
458 836 89 50 est
509 836 115 50 homo.
586 836 89 50 nec
636 836 127 50 potest
726 836 127 50 aliqua
815 836 153 50 variatio
916 836 115 50 termini

308 877 96 57 vel
363 877 193 57 commutatio
515 877 124 57 vnius
597 877 234 57 praedicamenti
790 877 83 57 in
831 877 124 57 aliud
913 877 96 57 nec
955 877 83 57 ali-

316 912 111 58 quis
385 912 125 58 alius
469 912 166 58 defectus
593 912 111 58 plus
663 912 180 58 assignari
801 912 83 58 in
843 912 97 58 vno
884 912 139 58 discursu

316 959 95 59 quam
375 959 71 59 in
411 959 106 59 alio.
482 959 83 59 nec
529 959 95 59 plus
588 959 71 59 in
623 959 95 59 illo
682 959 142 59 discursu
789 959 95 59 quam
848 959 71 59 in
883 959 106 59 isto.
942 959 83 59 dili-

301 1006 105 45 gere
366 1006 105 45 deum
432 1006 92 45 fit
484 1006 66 45 a
511 1006 105 45 deo.
576 1006 157 45 diligere
694 1006 105 45 deum
760 1006 92 45 est
812 1006 131 45 bonum.
904 1006 105 45 ergo
956 1006 66 45 bo-

310 1051 85 51 num
359 1051 85 51 fit
407 1051 61 51 a
432 1051 98 51 deo.
493 1051 134 51 Diceret
591 1051 98 51 ergo
652 1051 134 51 aliquis
749 1051 98 51 quod
810 1051 73 51 de
847 1051 134 51 virtute
932 1051 98 51 secumo

311 1093 94 55 nis
364 1093 94 55 est
418 1093 94 55 hec
472 1093 202 55 concedenda.
634 1093 121 55 malum
715 1093 94 55 fit
769 1093 67 55 a
796 1093 108 55 deo.
863 1093 108 55 quia
931 1093 94 55 ibi
971 1093 54 55 ma

312 1134 94 60 lum
365 1134 161 60 supponit
486 1134 94 60 pro
539 1134 134 60 aliquo
633 1134 107 60 actu
700 1134 94 60 qui
754 1134 94 60 est
808 1134 80 60 in
848 1134 94 60 rei
888 1134 134 60 veritate

301 1179 117 61 malus.
383 1179 82 61 qui
430 1179 105 61 actus
500 1179 82 61 fit
546 1179 58 61 a
570 1179 93 61 deo.
628 1179 70 61 et
663 1179 93 61 ideo
722 1179 128 61 dicitur
815 1179 105 61 malus
885 1179 105 61 actus
943 1179 82 61 fieri

307 1222 56 67 a
329 1222 90 67 deo.
386 1222 101 67 sicut
453 1222 101 67 album
521 1222 124 67 dicitur
611 1222 90 67 esse
667 1222 101 67 homo.
735 1222 90 67 quia
791 1222 101 67 album
858 1222 135 67 supponit
948 1222 68 67 pro-

308 1262 126 65 aliquo
396 1262 100 65 quae
459 1262 88 65 est
509 1262 113 65 homo.
585 1262 100 65 vnde
647 1262 113 65 sicut
723 1262 113 65 bonum
798 1262 151 65 supponit
911 1262 88 65 pro
949 1262 75 65 ali-

300 1309 85 60 quo
348 1309 97 60 actu
409 1309 85 60 qui
458 1309 85 60 est
506 1309 61 60 a
530 1309 97 60 deo.
591 1309 73 60 et
628 1309 97 60 ideo
688 1309 134 60 dicitur
785 1309 109 60 bonum
858 1309 109 60 fieri
931 1309 61 60 a
943 1309 73 60 deo.

305 1354 101 62 ita
362 1354 129 62 etiam
448 1354 129 62 malum
535 1354 173 62 supponit
664 1354 158 62 proactu
779 1354 144 62 aliquo
880 1354 101 62 qui
938 1354 101 62 est
981 1354 43 62 a

310 1394 90 66 deo.
366 1394 112 66 quando
444 1394 90 66 dico
501 1394 90 66 sic.
557 1394 101 66 malum
624 1394 79 66 est
669 1394 56 66 a
691 1394 90 66 deo.
748 1394 67 66 et
781 1394 123 66 propter
871 1394 79 66 hoc
916 1394 90 66 erit
961 1394 56 66 hoc

310 1442 106 50 vera.
381 1442 106 50 malum
452 1442 83 50 est
499 1442 59 50 a
523 1442 83 50 deo
570 1442 59 50 ⁋
593 1442 71 50 Et
629 1442 71 50 si
664 1442 130 50 dicatur
758 1442 94 50 quod
817 1442 165 50 quaecumque
935 1442 83 50 facit

295 1491 109 67 malum
368 1491 85 67 est
416 1491 109 67 malus
489 1491 109 67 sicut
562 1491 158 67 quicumque
683 1491 109 67 facit
756 1491 109 67 bonum
829 1491 85 67 est
877 1491 121 67 bonus.
950 1491 73 67 ergo

305 1527 65 69 si
338 1527 86 69 deus
391 1527 97 69 facit
456 1527 108 69 malum.
531 1527 86 69 deus
585 1527 75 69 est
628 1527 108 69 malus.
704 1527 151 69 consequens
822 1527 172 69 impossibile.
951 1527 65 69 ergo

297 1577 73 48 et
333 1577 181 48 antecedens.
478 1577 60 48 ⁋
502 1577 145 48 Preterea
611 1577 85 48 non
659 1577 97 48 plus
720 1577 145 48 dependet
829 1577 109 48 actus
901 1577 73 48 ab
925 1577 85 48 agen-

298 1619 72 54 te
334 1619 133 54 creato.
431 1619 97 54 puta
491 1619 72 54 ab
527 1619 121 54 homine
612 1619 97 54 quam
672 1619 60 54 a
696 1619 97 54 deo.
757 1619 97 54 ergo
817 1619 84 54 non
865 1619 97 54 plus
913 1619 109 54 dicetur

289 1663 109 59 actus
362 1663 121 59 malus.
446 1663 97 59 quia
507 1663 85 59 fit
555 1663 73 59 ab
591 1663 121 59 homine
676 1663 109 59 malo.
749 1663 97 59 quam
809 1663 157 59 diceretur
918 1663 85 59 bonus

298 1708 84 59 qui
346 1708 84 59 fit
394 1708 60 59 a
418 1708 84 59 deo
466 1708 108 59 bono.
537 1708 96 59 ergo
597 1708 96 59 quae
657 1708 132 59 ratione
753 1708 96 59 ille
813 1708 108 59 actus
884 1708 96 59 erit
932 1708 84 59 malus

296 1753 97 57 eadem
361 1753 119 57 ratione
448 1753 87 57 erit
502 1753 108 57 bonus.
578 1753 65 57 et
610 1753 76 57 per
654 1753 152 57 consequens
773 1753 87 57 idem
827 1753 97 57 actus
892 1753 87 57 erit
935 1753 76 57 bonus

297 1798 78 50 et
336 1798 130 50 malus.
427 1798 104 50 quod
491 1798 91 50 est
543 1798 207 50 impossibile.
712 1798 65 50 ⁋
738 1798 78 50 Ad
777 1798 130 50 primum
867 1798 143 50 istorum
958 1798 52 50 di

296 1845 105 53 cerent
370 1845 84 53 quae
423 1845 116 53 vellent
507 1845 137 53 opiniones
613 1845 148 53 praedictam
729 1845 116 53 tenere.
813 1845 84 53 quod
866 1845 84 53 ista
919 1845 74 53 non
950 1845 53 53 est

286 1884 100 61 vera.
353 1884 156 61 quaecumque
475 1884 100 61 facit
542 1884 100 61 malum
609 1884 78 61 est
653 1884 111 61 malus.
731 1884 78 61 nec
775 1884 100 61 ista.
842 1884 156 61 quaecumque
953 1884 56 61 fa-

293 1929 99 60 cit
350 1929 128 60 bonum
435 1929 99 60 est
491 1929 142 60 bonus.
591 1929 128 60 sicut
676 1929 99 60 nec
732 1929 128 60 ista.
817 1929 184 60 quicunque
945 1929 71 60 fa-

299 1976 74 56 cit
342 1976 96 56 actum
406 1976 149 56 meritorium
523 1976 128 56 meretur.
618 1976 85 56 vnde
671 1976 96 56 sicut
735 1976 128 56 secundum
831 1976 159 56 philosophum
948 1976 53 56 ii.

295 2020 99 58 ethi.
361 2020 77 58 non
405 2020 154 58 quaecumque
525 2020 99 58 facit
591 2020 99 58 opera
657 2020 99 58 iusta
723 2020 77 58 est
767 2020 110 58 iustus
843 2020 77 58 sed
887 2020 88 58 quae
931 2020 77 58 facit

290 2058 116 62 iuste
368 2058 116 62 opera
445 2058 116 62 iusta
522 2058 90 62 est
574 2058 142 62 iustus.
677 2058 90 62 ita
729 2058 103 62 quae
793 2058 116 62 facit
871 2058 116 62 malum
935 2058 65 62 ma-

291 2102 71 63 le
327 2102 83 63 est
374 2102 118 63 malus.
456 2102 94 63 vnde
515 2102 94 63 deus
574 2102 130 63 quamuis
669 2102 106 63 facit
739 2102 106 63 illud
810 2102 94 63 quod
869 2102 83 63 est
905 2102 94 63 malum.

299 2147 102 53 emper
366 2147 158 53 consequens
490 2147 102 53 facit
558 2147 113 53 malum.
637 2147 90 53 quia
693 2147 90 53 illi
750 2147 79 53 duo
795 2147 124 53 termini
874 2147 124 53 conuertum

293 2190 92 62 tur.
350 2190 103 62 malum
419 2190 69 62 et
453 2190 69 62 id
488 2190 92 62 quod
545 2190 80 62 est
591 2190 115 62 malum.
671 2190 69 62 eo
706 2190 92 62 quod
763 2190 92 62 omne
821 2190 103 62 malum
890 2190 80 62 est
924 2190 69 62 ideo

287 2237 91 61 quod
344 2237 80 61 est
389 2237 114 61 malum.
470 2237 69 61 et
504 2237 91 61 omne
561 2237 69 61 id
595 2237 91 61 quod
653 2237 80 61 est
698 2237 103 61 malum
767 2237 80 61 est
813 2237 114 61 malum.
893 2237 80 61 sed
927 2237 80 61 tamen

291 2281 104 51 deus
356 2281 91 51 non
408 2281 117 51 facit
486 2281 104 51 male
551 2281 130 51 malum.
642 2281 104 51 quia
706 2281 91 51 non
758 2281 117 51 facit
836 2281 104 51 quod
888 2281 117 51 tenetur

292 2328 85 54 non
341 2328 134 54 facere.
438 2328 73 54 et
474 2328 110 54 eodem
547 2328 97 54 modo
608 2328 85 54 non
657 2328 97 54 vult
718 2328 97 54 male
779 2328 122 54 malum.
864 2328 73 54 et
900 2328 97 54 ideo
949 2328 61 54 non

291 2364 93 69 est
344 2364 119 69 malus
423 2364 146 69 quamuis
529 2364 119 69 velit
609 2364 133 69 malum.
702 2364 66 69 ⁋
728 2364 80 69 Ad
768 2364 159 69 secundum
874 2364 133 69 concede-

295 2412 100 56 esset
362 2412 89 56 isti
417 2412 89 56 quod
473 2412 89 56 idem
529 2412 100 56 actus
595 2412 78 56 est
640 2412 100 56 bonus
707 2412 67 56 et
740 2412 111 56 malus.
818 2412 100 56 sicut
885 2412 89 56 idem
929 2412 78 56 actus

293 2452 80 58 est
338 2452 114 58 iustus
418 2452 91 58 quia
475 2452 80 58 fit
521 2452 69 58 ab
555 2452 80 58 vno
601 2452 114 58 iuste.
681 2452 69 58 et
715 2452 80 58 est
761 2452 137 58 iniustus
864 2452 91 58 quia
921 2452 80 58 fit
955 2452 46 58 ab

284 2506 96 55 alio
344 2506 144 55 iniuste.
452 2506 96 55 vnde
512 2506 72 55 si
548 2506 72 55 ab
584 2506 120 55 aliquo
668 2506 156 55 superiore
788 2506 96 55 idem
836 2506 168 55 praecipiatur

288 2546 92 59 vni
340 2546 144 59 subdito
445 2546 79 59 et
485 2546 131 59 alteri
576 2546 197 59 prohibeatur
734 2546 79 59 ne
773 2546 118 59 fiat.
852 2546 79 59 si
878 2546 118 59 vterque

281 2583 146 66 illorum
387 2583 132 66 faciat
479 2583 119 66 illud
559 2583 93 66 ide
612 2583 119 66 opus.
691 2583 106 66 idem
758 2583 106 66 erit
824 2583 146 66 iustum.
917 2583 79 66 quia

284 2625 93 81 fit
337 2625 79 81 ab
376 2625 93 81 vno
429 2625 172 81 obediente
561 2625 172 81 praecepto
694 2625 172 81 superoris
826 2625 79 81 et
866 2625 106 81 erit
918 2625 93 81 iniu

1130 263 113 60 stum.
1206 263 100 60 quia
1269 263 88 60 fit
1319 263 75 60 ab
1356 263 100 60 alio
1419 263 226 60 transgrediente
1607 263 176 60 praeceptum
1733 263 113 60 superio

1134 317 96 55 ris.
1194 317 72 55 et
1230 317 84 55 ita
1278 317 96 55 idem
1339 317 156 55 totaliter
1459 317 120 55 potest
1543 317 108 55 fieri
1615 317 72 55 ab
1651 317 84 55 vno
1700 317 108 55 iuste
1772 317 72 55 et
1796 317 48 55 ab

1132 357 94 53 alio
1191 357 141 53 iniuste.
1296 357 70 53 Et
1331 357 105 53 sicut
1402 357 94 53 idem
1460 357 152 53 totaliter
1578 357 117 53 potest
1660 357 105 53 fieri
1730 357 70 53 ab
1765 357 82 53 vno
1800 357 47 53 iu

1139 396 84 61 ste
1187 396 72 61 et
1223 396 72 61 ab
1259 396 96 61 alio
1319 396 144 61 iniuste.
1427 396 84 61 ita
1475 396 96 61 idem
1536 396 108 61 actus
1608 396 156 61 totaliter
1728 396 84 61 fit
1776 396 72 61 ab
1800 396 48 61 ho

1136 443 101 50 mine
1200 443 101 50 male
1263 443 76 50 et
1301 443 63 50 a
1326 443 88 50 deo
1376 443 114 50 benei
1452 443 76 50 et
1490 443 126 50 iuste.
1578 443 76 50 et
1616 443 101 50 ideo
1679 443 101 50 idem
1742 443 114 50 actus
1806 443 51 50 il

1126 485 75 64 lo
1163 485 100 64 modo
1225 485 87 64 quo
1275 485 112 64 actus
1350 485 87 64 est
1400 485 112 64 bonus
1475 485 87 64 vel
1525 485 112 64 malus
1600 485 100 64 erit
1663 485 87 64 tam
1713 485 112 64 bonus
1775 485 75 64 quam

1122 537 118 48 malus.
1205 537 94 48 quia
1263 537 106 48 actum
1334 537 94 48 esse
1393 537 106 48 malum
1464 537 82 48 non
1511 537 82 48 est
1558 537 106 48 aliud
1628 537 94 48 quam
1687 537 106 48 fieri
1758 537 71 48 ab
1781 537 71 48 ali-

1123 581 87 45 quo
1172 581 112 45 male.
1247 581 75 45 et
1284 581 112 45 actum
1359 581 100 45 esse
1421 581 112 45 bonum
1496 581 87 45 non
1545 581 87 45 est
1595 581 112 45 aliud
1670 581 100 45 quam
1732 581 112 45 fieri
1794 581 50 45 ab

1123 621 131 58 aliquo
1215 621 118 58 bene.
1293 621 79 58 et
1333 621 92 58 cum
1385 621 105 58 idem
1451 621 118 58 actus
1529 621 105 58 fiat
1595 621 79 58 ab
1634 621 131 58 homine
1726 621 105 58 male
1779 621 52 58 et

1125 664 61 48 a
1149 664 85 48 deo
1198 664 109 48 bene.
1270 664 97 48 idem
1331 664 109 48 actus
1404 664 97 48 erit
1464 664 109 48 bonus
1537 664 73 48 et
1573 664 121 48 malus.
1658 664 85 48 nec
1707 664 133 48 videtur
1791 664 61 48 hoc

1125 711 92 56 plus
1183 711 173 56 incoueniens
1322 711 92 56 quam
1379 711 115 56 dicere
1460 711 92 56 quod
1518 711 92 56 idem
1576 711 92 56 homo
1633 711 81 56 est
1679 711 104 56 pater
1749 711 81 56 vel
1783 711 58 56 fi-

1110 752 133 62 lius.
1199 752 88 62 si
1243 752 133 62 milis
1331 752 88 62 et
1375 752 206 62 dissimilis
1538 752 177 62 respectu
1655 752 192 62 diuersorum.

1135 793 71 63 ⁋
1163 793 99 63 hec
1220 793 127 63 omnia
1305 793 113 63 dico
1376 793 142 63 tantum
1475 793 198 63 recitatiue
1631 793 184 63 recitando
1758 793 85 63 opi-

1110 839 128 63 nionem
1200 839 102 63 quae
1264 839 128 63 posset
1353 839 102 63 esse
1417 839 166 63 aliquorum
1545 839 102 63 siue
1609 839 90 63 sit
1660 839 102 63 vera
1724 839 102 63 siue
1775 839 64 63 fal

1108 879 90 64 sa
1153 879 120 64 siue
1228 879 165 64 erronea
1348 879 120 64 siue
1423 879 195 64 catholica
1572 879 120 64 siue
1632 879 165 64 heretica.

1122 930 66 54 ⁋
1148 930 92 54 Sed
1201 930 105 54 siue
1267 930 171 54 praedicta
1398 930 145 54 opinion
1503 930 92 54 sit
1556 930 171 54 catholica
1687 930 105 54 siue
1740 930 92 54 here-

1122 974 94 49 tica
1181 974 94 49 dico
1240 974 94 49 quod
1299 974 142 49 secundum
1405 974 177 49 intentionem
1547 974 153 49 sanctorum
1665 974 83 49 non
1712 974 83 49 est
1747 974 83 49 conce

1109 1022 140 57 dendum
1207 1022 112 57 quam
1277 1022 112 57 deus
1347 1022 196 57 vulumalum.
1501 1022 98 57 nec
1557 1022 112 57 quod
1627 1022 112 57 deus
1697 1022 126 57 facit
1767 1022 70 57 ma-

1118 1059 103 60 lum.
1183 1059 103 60 quia
1247 1059 103 60 siue
1312 1059 77 60 de
1350 1059 142 60 virtute
1454 1059 155 60 sermonis
1570 1059 103 60 siue
1634 1059 103 60 non.
1699 1059 90 60 per
1738 1059 90 60 tales

1115 1105 195 58 proposones
1269 1105 209 58 intelligunt
1436 1105 140 58 istas.
1534 1105 112 58 deus
1604 1105 112 58 vult
1673 1105 154 58 aliquid
1771 1105 56 58 ma

1116 1148 76 55 le
1154 1148 76 55 et
1193 1148 153 55 iniuste.
1307 1148 102 55 deus
1371 1148 115 55 facit
1447 1148 140 55 aliquid
1549 1148 102 55 male
1613 1148 76 55 et
1651 1148 153 55 iniuste.
1753 1148 76 55 quod

1105 1197 129 52 nullum
1196 1197 194 52 intellectum
1351 1197 142 52 possunt
1454 1197 129 52 habere
1545 1197 129 52 bonum.
1635 1197 103 52 quia
1700 1197 103 52 tunc
1751 1197 78 52 deus

1111 1229 164 60 faceret
1230 1229 164 60 aliquid
1349 1229 104 60 vel
1409 1229 149 60 vellet
1513 1229 134 60 cuius
1602 1229 193 60 oppositum
1736 1229 89 60 tene

1100 1279 131 61 retur
1188 1279 160 61 facere.
1304 1279 102 61 vel
1362 1279 145 61 velle.
1463 1279 116 61 quod
1536 1279 102 61 est
1594 1279 145 61 omnino
1681 1279 145 61 absurdum

1162 1318 60 55 ⁋
1186 1318 108 55 Circa
1258 1318 144 55 secundum
1366 1318 132 55 diceret
1462 1318 96 55 illi
1522 1318 96 55 quae
1582 1318 132 55 vellent
1678 1318 120 55 tenere
1750 1318 72 55 pri-

1108 1367 69 47 ma
1142 1367 149 47 opiniones
1256 1367 80 47 iam
1302 1367 126 47 dictam.
1393 1367 91 47 quod
1450 1367 91 47 deus
1507 1367 114 47 potest
1587 1367 160 47 praecipere
1713 1367 103 47 malum
1770 1367 46 47 no

1106 1408 99 63 tamen
1172 1408 99 63 male.
1238 1408 66 63 et
1271 1408 110 63 potest
1348 1408 154 63 praecipere
1469 1408 110 63 iustum
1545 1408 77 63 non
1589 1408 99 63 tamen
1655 1408 121 63 iniuste
1743 1408 55 63 ⁋
1754 1408 66 63 Alii

1112 1458 166 48 dicerent
1237 1458 111 48 quod
1306 1458 125 48 sicut
1389 1458 97 48 hec
1445 1458 97 48 est
1500 1458 236 48 impossibilis.
1694 1458 111 48 deus
1750 1458 69 48 pre

1108 1501 120 52 cipit
1188 1501 147 52 aliquid
1295 1501 147 52 iniuste
1402 1501 107 52 siue
1469 1501 120 52 male.
1549 1501 94 52 ita
1602 1501 94 52 hec
1656 1501 94 52 est
1696 1501 120 52 impossi

1104 1536 124 67 bilis.
1190 1536 99 67 deus
1252 1536 161 67 praecipit
1376 1536 149 67 iniustum
1488 1536 99 67 siue
1550 1536 124 67 malum.
1637 1536 74 67 et
1674 1536 99 67 ideo
1724 1536 99 67 loquen

1101 1584 78 61 do
1140 1584 144 61 deberet
1245 1584 131 61 dicere
1336 1584 105 61 quod
1402 1584 105 61 deus
1467 1584 92 61 non
1519 1584 131 61 potest
1611 1584 183 61 praecipere
1741 1584 92 61 malum

1100 1635 139 55 propter
1201 1635 101 55 quod
1265 1635 101 55 illa
1328 1635 177 55 distinctio
1467 1635 101 55 quai
1530 1635 114 55 ponit
1605 1635 101 55 quod
1669 1635 101 55 deus
1719 1635 101 55 potest

1099 1680 173 59 praecipere
1234 1680 111 59 malum
1309 1680 86 59 non
1358 1680 123 59 manens
1444 1680 123 59 malum.
1531 1680 86 59 sed
1580 1680 86 59 non
1629 1680 123 59 potest
1704 1680 123 59 praecipe

1097 1714 86 70 re
1140 1714 129 70 malum
1226 1714 143 70 manens
1326 1714 143 70 malum.
1426 1714 86 70 vt
1470 1714 86 70 in
1513 1714 100 70 vno
1570 1714 129 70 sensu
1656 1714 100 70 sit
1713 1714 100 70 hec
1756 1714 72 70 va-

1099 1760 110 58 deus
1168 1760 138 58 potest
1265 1760 179 58 precipere
1403 1760 138 58 malum.
1500 1760 83 58 et
1541 1760 83 58 in
1582 1760 110 58 alio
1651 1760 124 58 sensu
1720 1760 97 58 falsa

1101 1809 82 57 non
1148 1809 82 57 est
1195 1809 141 57 secundum
1302 1809 106 57 artem
1372 1809 130 57 logice.
1467 1809 71 57 de
1502 1809 82 57 qua
1549 1809 106 57 tamen
1620 1809 177 57 pertranseo.
1749 1809 71 57 quia

1097 1850 125 47 alibi
1180 1850 139 47 tactum
1278 1850 97 47 est
1333 1850 83 47 de
1375 1850 236 47 consimilibus.
1569 1850 69 47 ⁋
1597 1850 83 47 Ad
1639 1850 139 47 primum
1722 1850 97 47 prin-

1090 1892 138 50 cipale
1187 1892 124 50 patet
1270 1892 110 50 quod
1339 1892 166 50 spoliare
1463 1892 180 50 egiptios.
1601 1892 97 50 non
1656 1892 110 50 fuit
1726 1892 124 50 malum
1795 1892 41 50 i

1097 1930 101 72 sed
1154 1930 144 72 bonum.
1255 1930 87 72 et
1299 1930 116 72 ideo
1371 1930 116 72 deus
1443 1930 217 72 precipiendo
1617 1930 173 72 spoliare
1732 1930 87 72 egi-

1094 1975 156 68 partios
1207 1975 99 68 non
1264 1975 170 68 precepit
1391 1975 141 68 malum.
1490 1975 99 68 nec
1546 1975 127 68 filii
1631 1975 141 68 ifrael
1716 1975 99 68 pecca

1097 2028 141 57 uerunt
1195 2028 183 57 spoliando
1336 2028 112 57 nisi
1406 2028 112 57 illi
1477 2028 98 57 qui
1533 2028 112 57 malo
1603 2028 141 57 animo.
1702 2028 98 57 non
1744 2028 70 57 pre

1095 2070 129 57 cise
1175 2070 209 57 obediendo
1336 2070 161 57 diuino
1448 2070 193 57 precepto
1577 2070 241 57 spoliauerunt.

1083 2112 61 66 ⁋
1107 2112 73 66 Ad
1144 2112 147 66 secundum
1254 2112 110 66 patet
1328 2112 86 66 per
1376 2112 147 66 praedcam
1487 2112 98 66 Dis.
1548 2112 135 66 xlviii.
1646 2112 135 66 Questio
1731 2112 86 66 vnica

1405 2163 249 106 Irca
1530 2163 281 106 distin-

1410 2259 180 55 ctione
1518 2259 287 55 quadragesimam-

1403 2299 193 59 octauam
1543 2299 175 59 quero.
1665 2299 88 59 ⁋
1683 2299 123 59 Utrum

1408 2344 202 56 quelibet
1560 2344 202 56 voluntas
1694 2344 118 56 crea-

1417 2386 93 54 ra
1463 2386 185 54 teneatur
1602 2386 93 54 se
1632 2386 170 54 conforma-

1405 2431 84 55 re
1447 2431 141 55 diuine
1546 2431 197 55 veluntati.
1700 2431 70 55 ⁋
1715 2431 84 55 Quod

1082 2468 122 54 non.
1158 2468 122 54 quia
1234 2468 152 54 nullus
1341 2468 183 54 testetur
1478 2468 91 54 ad
1524 2468 137 54 illud
1615 2468 122 54 quod
1691 2468 107 54 non
1737 2468 76 54 est

1079 2514 96 62 in
1127 2514 209 62 potestate
1288 2514 128 62 sua.
1368 2514 112 62 sed
1432 2514 225 62 conformare
1608 2514 96 62 se
1641 2514 176 62 voluntati

1088 2561 158 55 diuine
1199 2561 111 55 non
1262 2561 111 55 est
1325 2561 221 55 cuiuslibet
1499 2561 237 55 voluntatis.
1689 2561 126 55 quia
1752 2561 63 55 vo

1084 2603 144 60 luntas
1185 2603 159 60 damnati
1300 2603 101 60 non
1358 2603 130 60 habet
1444 2603 87 60 in
1488 2603 188 60 votestate
1632 2603 101 60 sua
1675 2603 130 60 confor-

1073 2643 117 76 mare
1146 2643 87 76 se
1190 2643 190 76 voluntati
1336 2643 160 76 diuine.
1452 2643 117 76 ergo
1525 2643 87 76 ad
1569 2643 102 76 hoc
1627 2643 102 76 non
1671 2643 146 76 tenetur.
