2278 3060
447 226 68 94 ⁋
474 226 162 94 Preterea
595 226 81 94 si
636 226 95 94 sic
690 226 162 94 voluntas
811 226 216 94 quandocumque
987 226 95 94 non
1027 226 135 94 conforma

427 286 101 76 ret
484 286 87 76 se
528 286 145 76 diuine
629 286 188 76 voluntati
774 286 188 76 peccaret.
919 286 116 76 quia
991 286 101 76 non
1035 286 130 76 faceret

437 328 110 80 illud
510 328 73 80 ad
547 328 98 80 quod
608 328 147 80 tenetur.
718 328 73 80 et
755 328 86 80 per
804 328 171 80 consequens
939 328 147 80 honorans
1037 328 122 80 parentes

443 370 101 77 quos
507 370 101 77 deus
570 370 89 77 non
621 370 101 77 vult
684 370 152 77 honorari
798 370 165 77 peccaret.
925 370 178 77 consequens
1065 370 89 77 est
1103 370 63 77 fal

438 418 93 74 sum.
497 418 93 74 ergo
555 418 70 74 et
590 418 163 74 antecedens
717 418 58 74 ⁋
741 418 70 74 Ad
776 418 163 74 oppositum.
904 418 151 74 quaelibet
1020 418 140 74 voluntas
1113 418 58 74 cre

445 461 101 77 ata
502 461 159 77 tenetur
618 461 87 77 se
661 461 202 77 conformare
820 461 144 77 regule
921 461 116 77 sue.
993 461 101 77 sed
1037 461 144 77 voluntas

438 507 154 68 diuina
545 507 108 68 est
607 507 154 68 regula
714 507 215 68 cuiuslibet
883 507 215 68 voluntatis
1037 507 138 68 create.

449 550 102 77 ergo
513 550 165 77 quaelibet
640 550 153 77 voluntas
755 550 127 77 creata
844 550 140 77 tenetur
946 550 76 77 se
984 550 178 77 conformare
1111 550 51 77 vo

457 592 132 77 lutati
549 592 146 77 diuine.
655 592 66 77 ⁋
682 592 119 77 Circa
761 592 132 77 istam.
854 592 79 77 q.
894 592 119 77 primo
973 592 185 77 praemittam
1106 592 66 77 ali

447 635 125 74 quas
525 635 281 74 distinctiones.
759 635 171 74 Secundo
884 635 218 74 respondebo
1055 635 94 74 ad
1086 635 94 74 arti

444 681 133 72 culos.
537 681 80 72 q.
577 681 67 72 ⁋
604 681 120 72 Circa
684 681 133 72 primum
777 681 160 72 sciendum
897 681 107 72 quod
964 681 160 72 voluntas
1070 681 107 72 potest

452 728 137 73 alteri
548 728 192 73 conformari
699 728 219 73 triplicitur.
877 728 96 73 vel
932 728 110 73 quia
1000 728 110 73 vult
1055 728 123 73 volitum

460 768 79 70 ab
499 768 106 70 alia
566 768 185 70 voluntate.
711 768 93 70 vel
764 768 106 70 quia
830 768 106 70 vult
896 768 119 70 illud
976 768 106 70 quod
1042 768 106 70 alia
1095 768 79 70 vult

451 819 114 70 ipsam
527 819 126 70 velle.
616 819 88 70 vel
666 819 101 70 quia
729 819 101 70 vult
792 819 114 70 illud
868 819 164 70 consimili
994 819 101 70 modo
1057 819 88 70 quo
1095 819 76 70 alia

459 858 109 79 vult.
532 858 61 79 ⁋
556 858 134 79 Secundo
653 858 146 79 sciendum
762 858 97 79 quod
823 858 158 79 quaelibet
944 858 134 79 istarum
1029 858 146 79 voluntatum

470 903 129 72 potest
560 903 103 72 esse
625 903 155 72 actualis
741 903 90 72 vel
792 903 193 72 habitualis.
947 903 77 72 Et
986 903 77 72 si
1024 903 90 72 sit
1063 903 116 72 habitua

466 946 104 70 lis.
531 946 91 70 vel
583 946 91 70 est
636 946 183 70 habitualis
779 946 144 70 propter
884 946 144 70 habitum
988 946 144 70 aliquem
1080 946 104 70 immedi

451 990 87 74 ate
500 990 186 74 inclinantem
649 990 74 74 ad
686 990 99 74 tale
748 990 124 74 actum.
834 990 111 74 sicut
909 990 136 74 aliquos
1008 990 136 74 dicitur
1094 990 87 74 habi-

461 1031 152 83 tualiter
575 1031 114 83 velle
651 1031 88 83 vel
701 1031 152 83 diligere
815 1031 139 83 aliquid
916 1031 126 83 quando
1004 1031 114 83 habet
1067 1031 114 83 habitum

456 1079 183 81 generatum
597 1079 84 81 ex
639 1079 155 81 actibus
751 1079 127 81 circa
836 1079 127 81 illud
920 1079 98 81 vel
976 1079 127 81 alium
1060 1079 98 81 ita
1103 1079 84 81 imme

468 1121 125 71 diate
552 1121 209 71 iuclinantem
719 1121 125 71 sicut
803 1121 167 71 inclinat
928 1121 153 71 habitus
1040 1121 153 71 genitus
1137 1121 56 71 ex

477 1167 135 69 actibus
575 1167 122 69 illis.
660 1167 86 69 vel
709 1167 135 69 dicitur
807 1167 171 69 habitualis
941 1167 135 69 propter
1039 1167 135 69 habitum
1125 1167 61 69 me-

470 1210 111 72 diate
544 1210 198 72 inclinantem.
704 1210 124 72 quomod
791 1210 74 72 in
828 1210 173 72 intellectu
964 1210 136 72 habitus
1050 1210 136 72 principio

470 1255 86 74 rum
519 1255 135 74 mediate
617 1255 148 74 inclinat
728 1255 74 74 ad
765 1255 111 74 actum
839 1255 209 74 conclusionis.
1011 1255 98 74 quia
1060 1255 123 74 scilicet

470 1289 148 83 mediante
581 1289 99 83 actu
643 1289 198 83 principiorum
804 1289 62 83 ⁋
828 1289 124 83 Tertio
915 1289 148 83 sciendum
1026 1289 99 83 quod
1076 1289 111 83 quaedam

467 1347 122 73 sunt
543 1347 152 73 volita
649 1347 76 73 a
680 1347 106 73 deo
741 1347 137 73 quasi
832 1347 183 73 absolute
969 1347 198 73 cuiusmedi
1106 1347 91 73 sunt

471 1386 124 69 omnia
554 1386 110 69 bona
622 1386 110 69 quae
691 1386 96 69 nec
746 1386 110 69 sunt
815 1386 110 69 mala
883 1386 124 69 culpe
966 1386 96 69 nec
1021 1386 124 69 pene.
1089 1386 110 69 quadam

476 1433 111 76 sunt
546 1433 139 76 volita
643 1433 70 76 a
671 1433 97 76 deo
726 1433 153 76 propter
838 1433 125 76 malum
921 1433 125 76 culpe
1004 1433 195 76 praecedens
1143 1433 56 76 in

477 1473 113 74 alio
548 1473 184 74 cuiusmodi
689 1473 99 74 est
746 1473 127 74 pena.
831 1473 71 74 ⁋
859 1473 113 74 hiis
930 1473 127 74 visis
1015 1473 170 74 dicendum
1128 1473 71 74 est

478 1523 77 70 ad
517 1523 179 70 articulos.
657 1523 77 70 q.
696 1523 102 70 vnde
760 1523 154 70 dicendum
875 1523 90 70 est
926 1523 115 70 primo
1003 1523 102 70 quod
1054 1523 141 70 quaelibet

487 1568 143 66 voluntas
594 1568 95 66 quae
654 1568 83 66 est
701 1568 71 66 in
737 1568 107 66 statu
808 1568 83 66 vie
856 1568 83 66 vel
903 1568 119 66 patrie
987 1568 131 66 tenetur
1070 1568 119 66 conforma

473 1603 103 77 ri.
532 1603 235 77 habitualiter
723 1603 162 77 mediate
841 1603 147 77 diuine
944 1603 191 77 voluntati
1076 1603 132 77 accipit

474 1649 110 76 endo
543 1649 192 76 voluntatem
694 1649 96 76 pro
749 1649 178 76 voluntate
886 1649 192 76 bneplaciti
1036 1649 151 76 quantum
1146 1649 82 76 ad

481 1693 140 84 volita
579 1693 126 84 primo
663 1693 112 84 modo
734 1693 140 84 dicta.
832 1693 84 84 et
874 1693 98 84 hoc
930 1693 168 84 absolute
1057 1693 84 84 ea
1085 1693 126 84 volendo

492 1738 89 67 non
543 1738 139 67 volendo
644 1738 152 67 opposita
758 1738 89 67 sub
809 1738 190 67 conditione.
961 1738 89 67 hoc
1012 1738 127 67 patet.
1101 1738 101 67 quia
1151 1738 51 67 il

486 1782 84 70 lud
534 1782 96 70 quod
594 1782 84 70 non
642 1782 108 70 habet
715 1782 144 70 rationem
823 1782 96 70 mali
883 1782 108 70 culpe
955 1782 84 70 vel
1003 1782 108 70 pene.
1076 1782 96 70 quod
1136 1782 84 70 est
1172 1782 36 70 a

485 1832 94 61 deo
538 1832 161 61 volitum.
659 1832 94 61 est
712 1832 67 61 a
739 1832 174 61 voluntate
873 1832 134 61 creata
967 1832 174 61 volendum.
1101 1832 107 61 quia
1154 1832 54 61 vo

499 1869 116 78 luntas
580 1869 69 78 in
615 1869 93 78 illo
673 1869 104 78 debet
742 1869 174 78 complacere.
881 1869 81 78 sed
927 1869 93 78 tale
985 1869 81 78 est
1032 1869 93 78 omne
1089 1869 127 78 volitum
1170 1869 35 78 a

493 1915 86 67 deo
542 1915 111 67 primo
616 1915 111 67 modo.
690 1915 99 67 ergo
752 1915 99 67 etc.
813 1915 62 67 ⁋
838 1915 136 67 Secundo
937 1915 99 67 dico
998 1915 99 67 quod
1060 1915 99 67 alia
1109 1915 99 67 volita

496 1957 62 74 a
520 1957 87 74 deo
570 1957 111 74 debet
644 1957 148 74 voluntas
755 1957 148 74 absolute
867 1957 124 74 velle.
953 1957 124 74 potest
1040 1957 111 74 tamen
1102 1957 111 74 conditi

498 2000 146 71 onaliter
607 2000 110 71 velle
680 2000 170 71 contrarium
814 2000 73 71 et
851 2000 110 71 illud
924 2000 122 71 nolle.
1009 2000 73 71 Et
1046 2000 97 71 ideo
1094 2000 122 71 absolute

506 2043 117 75 hebet
584 2043 156 75 voluntas
701 2043 117 75 velle
779 2043 143 75 aliquem
882 2043 130 75 puniri
973 2043 117 75 iuste
1051 2043 65 75 a
1077 2043 104 75 deo.
1129 2043 91 75 tamen

509 2086 238 70 eoditionaliter
707 2086 132 70 potest
800 2086 119 70 velle
880 2086 119 70 ipsum
959 2086 93 70 non
1012 2086 146 70 puniri.
1118 2086 66 70 ⁋
1145 2086 79 70 Et
1171 2086 53 70 si

500 2139 152 68 quaeratur.
620 2139 87 68 quis
674 2139 76 68 est
718 2139 87 68 ille
772 2139 120 68 habitus
860 2139 87 68 quae
914 2139 131 68 inclinat
1012 2139 65 68 ad
1045 2139 120 68 volendu
1132 2139 98 68 omnia
1186 2139 33 68 a

502 2177 95 78 deo
557 2177 149 78 volita.
665 2177 68 78 ⁋
693 2177 163 78 Dicendum
815 2177 109 78 quod
883 2177 149 78 aliquis
991 2177 122 78 talis
1073 2177 95 78 quo
1113 2177 109 78 compla

500 2222 102 69 cet
559 2222 189 69 voluntati
704 2222 116 69 omne
776 2222 131 69 illud
863 2222 116 69 quod
936 2222 189 69 complacet
1066 2222 160 69 voluntati

502 2265 106 71 diuine.
579 2265 77 71 quae
627 2265 86 71 debet
685 2265 77 71 esse
733 2265 96 71 semper
800 2265 58 71 in
829 2265 77 71 omni
877 2265 106 71 habente
953 2265 77 71 vsum
1001 2265 125 71 rationis.
1097 2265 115 71 postquam
1184 2265 58 71 ad

500 2311 189 70 aliqualem
646 2311 102 70 dei
704 2311 218 70 cognitionem
878 2311 189 70 attigerit
1023 2311 102 70 vel
1081 2311 145 70 potuit
1168 2311 58 70 at

509 2354 155 79 tingere.
625 2354 103 79 Iste
690 2354 116 79 autem
768 2354 142 79 habitus
871 2354 90 79 non
923 2354 155 79 inclinat
1039 2354 168 79 immediate
1168 2354 78 79 ad

510 2397 109 74 omne
579 2397 150 74 volitum
688 2397 68 74 a
715 2397 109 74 deo.
784 2397 96 74 Nam
838 2397 150 74 oportet
948 2397 232 74 praesupponere
1126 2397 109 74 cogni-

510 2446 117 67 tionem
592 2446 94 67 quae
651 2446 129 67 sciatur
745 2446 82 67 hoc
791 2446 94 67 esse
850 2446 129 67 volitum
944 2446 59 67 a
967 2446 94 67 deo.
1026 2446 70 67 et
1061 2446 141 67 mediante
1155 2446 70 67 illa

518 2496 157 60 inclinat
636 2496 78 60 ad
675 2496 131 60 actum.
766 2496 65 60 ⁋
792 2496 131 60 Potest
884 2496 118 60 tamen
962 2496 170 60 distingui
1093 2496 78 60 de
1119 2496 118 60 mediata

503 2534 218 66 inclinatione
681 2534 82 66 ad
722 2534 123 66 actu.
804 2534 82 66 vt
845 2534 96 66 vno
899 2534 109 66 modo
968 2534 150 66 dicatur
1077 2534 150 66 mediate
1172 2534 55 66 in

522 2577 139 66 clinans
624 2577 114 66 quasi
700 2577 89 66 non
750 2577 177 66 sufficiens
890 2577 76 66 ad
928 2577 203 66 inclinandum.
1093 2577 76 66 et
1131 2577 89 66 sic
1169 2577 63 66 ha-

511 2620 117 85 bitus
589 2620 181 85 praedictus
731 2620 142 85 mediate
835 2620 155 85 inclinat
951 2620 78 85 ad
990 2620 155 85 volendum
1107 2620 91 85 hoc
1145 2620 91 85 voli

1250 198 82 82 tum
1297 198 59 82 a
1321 198 94 82 deo.
1380 198 118 82 Aliter
1462 198 129 82 dicitur
1556 198 129 82 mediate
1650 198 165 82 inclinans.
1779 198 94 82 quia
1838 198 82 82 non
1873 198 106 82 concur-

1246 253 93 73 rit
1299 253 93 73 nec
1352 253 160 73 sufficit
1472 253 93 73 per
1526 253 80 73 se
1566 253 93 73 nec
1619 253 93 73 cum
1673 253 133 73 aliquo
1766 253 80 73 ad
1806 253 120 73 talem
1873 253 93 73 actum

1255 303 136 70 volendi
1353 303 99 70 haec
1415 303 136 70 volitum
1514 303 62 70 a
1538 303 99 70 deo.
1600 303 86 70 sed
1649 303 111 70 primo
1723 303 148 70 inclinat
1834 303 74 70 ad
1859 303 111 70 aliquem

1257 350 100 68 actum
1324 350 78 68 qui
1368 350 112 68 postea
1447 350 78 68 est
1491 350 100 68 causa
1558 350 123 68 ipsius.
1647 350 67 68 et
1681 350 78 68 sic
1726 350 100 68 etiam
1792 350 89 68 iste
1848 350 123 68 habitus
1926 350 45 68 in

1260 384 139 81 clinat
1357 384 167 81 mediate.
1482 384 111 81 quia
1552 384 125 81 primo
1635 384 167 81 inclinat
1760 384 83 81 ad
1802 384 125 81 actum
1871 384 111 81 quoico

1251 431 141 78 placet
1349 431 183 78 voluntati
1490 431 141 78 create
1588 431 112 78 omne
1659 431 112 78 quod
1729 431 98 78 fit
1785 431 70 78 a
1813 431 112 78 deo.
1884 431 70 78 ⁋
1898 431 84 78 Ter-

1252 477 91 71 tio
1304 477 104 71 dico
1369 477 104 71 quod
1434 477 91 71 non
1486 477 169 71 quaelibet
1616 477 143 71 tenetur
1719 477 78 71 se
1758 477 182 71 conformare
1888 477 91 71 volun

1258 518 113 72 tati
1329 518 156 72 diuine.
1442 518 156 72 volendo
1556 518 156 72 volitum
1669 518 71 72 a
1697 518 99 72 deo
1754 518 227 72 habitualiter
1924 518 57 72 im

1259 565 152 81 mediate.
1373 565 101 81 quia
1437 565 89 81 non
1487 565 139 81 tenetur
1589 565 114 81 scire
1664 565 114 81 illud
1740 565 101 81 esse
1804 565 139 81 volitum
1905 565 63 81 a
1918 565 63 81 deo

1268 611 68 71 et
1302 611 80 71 per
1347 611 159 71 consequens
1472 611 80 71 non
1518 611 125 71 tenetur
1609 611 102 71 velle
1677 611 102 71 illud
1745 611 182 71 habitualiter
1882 611 102 71 immedia

1265 651 85 77 te.
1313 651 109 77 tamen
1386 651 73 77 si
1423 651 109 77 sciat
1495 651 109 77 illud
1568 651 97 77 esse
1629 651 134 77 volitum
1726 651 61 77 a
1750 651 85 77 deo
1799 651 158 77 voluntate
1908 651 73 77 bene

1281 695 138 71 placiti.
1384 695 126 71 tenetur
1476 695 103 71 illud
1545 695 115 71 velle.
1625 695 80 71 hoc
1671 695 80 71 est
1717 695 69 71 in
1751 695 92 71 illo
1809 695 161 71 complacere
1924 695 57 71 vel

1268 740 188 73 habitualiter
1421 740 82 73 vel
1468 740 176 73 actualiter.
1609 740 59 73 ⁋
1632 740 82 73 Sed
1679 740 94 73 quid
1738 740 129 73 dicetur
1832 740 70 73 de
1867 740 106 73 illis
1926 740 47 73 et

1264 784 104 76 sunt
1329 784 130 76 volita
1420 784 65 76 a
1446 784 91 76 deo
1498 784 169 76 voluntate
1628 784 130 76 signi.
1718 784 65 76 ⁋
1744 784 156 76 Dicendum
1861 784 104 76 quod
1913 784 65 76 sed

1267 831 90 70 sit
1319 831 180 70 praeceptum
1460 831 77 70 et
1499 831 90 70 ita
1550 831 142 70 volitum
1653 831 64 70 a
1679 831 90 70 deo
1731 831 167 70 voluntate
1859 831 129 70 signi.
1937 831 51 70 te

1265 873 120 71 netur
1345 873 80 71 se
1385 873 160 71 voluntas
1505 873 200 71 conformare.
1665 873 80 71 Si
1705 873 120 71 autem
1785 873 93 71 sit
1838 873 147 71 volitum
1932 873 53 71 vo

1277 916 131 73 luntate
1372 916 119 73 signi.
1456 916 95 73 quia
1515 916 83 73 est
1563 916 155 73 consilium
1682 916 131 73 diuinum
1777 916 83 73 non
1824 916 143 73 tenetur.
1932 916 83 73 Sed

1271 960 73 73 de
1307 960 109 73 istis
1380 960 134 73 dicetur
1477 960 134 73 amplius
1574 960 73 73 in
1611 960 206 73 posterioribus
1781 960 134 73 libris.
1878 960 97 73 ideo
1938 960 73 73 ad

1275 1014 152 71 praesens
1390 1014 190 71 pertranseo.
1542 1014 63 71 ⁋
1567 1014 127 71 Quarto
1656 1014 102 71 dico
1720 1014 102 71 quod
1783 1014 89 71 non
1834 1014 165 71 quaelibet
1948 1014 51 71 te

1284 1050 109 70 neter
1357 1050 73 70 se
1393 1050 121 70 semper
1478 1050 170 70 conformare
1612 1050 170 70 actualiter
1745 1050 158 70 voluntati
1867 1050 121 70 diuine
1939 1050 49 70 vo

1269 1092 110 77 lendo
1342 1092 73 77 ea
1379 1092 98 77 quae
1440 1092 147 77 voluntas
1550 1092 122 77 diuina
1636 1092 98 77 vult
1697 1092 73 77 et
1734 1092 110 77 omnia
1807 1092 110 77 illa.
1881 1092 86 77 tum
1918 1092 73 77 quia

1278 1135 100 74 non
1335 1135 158 74 tenetur
1450 1135 201 74 cognoscere
1607 1135 115 74 omne
1679 1135 158 74 volitum
1794 1135 72 74 a
1823 1135 186 74 voluntate
1952 1135 57 74 di

1282 1181 114 74 uina.
1358 1181 89 74 tum
1409 1181 101 74 quia
1473 1181 89 74 non
1523 1181 139 74 tenetur
1625 1181 127 74 semper
1713 1181 139 74 implere
1815 1181 165 74 praecepta
1929 1181 76 74 diui

1271 1226 96 80 na
1319 1226 239 80 affirmatiua
1510 1226 80 80 ⁋
1542 1226 160 80 Quinto
1654 1226 128 80 dico
1734 1226 128 80 quod
1814 1226 191 80 voluntas
1941 1226 80 80 te-

1284 1268 122 80 netur
1366 1268 81 80 se
1406 1268 190 80 confirmare
1555 1268 176 80 voluntati
1691 1268 135 80 diuine
1785 1268 149 80 volendo
1894 1268 81 80 ea
1921 1268 81 80 quae

1295 1315 154 75 voluntas
1411 1315 128 75 diuina
1501 1315 103 75 vult
1565 1315 90 75 eam
1616 1315 128 75 velle.
1706 1315 77 75 et
1744 1315 90 75 hoc
1796 1315 77 75 si
1834 1315 116 75 velit
1911 1315 90 75 eam
1950 1315 64 75 vel

1288 1364 83 66 le
1330 1364 125 66 illud
1413 1364 181 66 voluntate
1552 1364 209 66 beneplaciti
1719 1364 97 66 vel
1775 1364 181 66 voluntate
1900 1364 111 66 praece

1294 1399 100 87 pti.
1356 1399 75 87 Si
1393 1399 100 87 vult
1456 1399 87 87 eam
1506 1399 112 87 velle
1580 1399 162 87 voluntate
1705 1399 162 87 consilii.
1830 1399 87 87 non
1880 1399 137 87 oportet
1967 1399 50 87 si

1290 1445 99 79 cut
1346 1445 141 79 dictum
1445 1445 99 79 est
1501 1445 127 79 prius
1586 1445 71 79 ⁋
1614 1445 85 79 De
1657 1445 141 79 tertia
1755 1445 226 79 conformitate
1924 1445 85 79 sunt

1290 1495 121 68 multe
1370 1495 241 68 difficultatebs
1571 1495 80 68 de
1611 1495 134 68 quibus
1705 1495 147 68 dicetur
1812 1495 80 68 in
1852 1495 134 68 tertio
1932 1495 94 68 libro

1303 1541 109 63 vbi
1366 1541 171 63 plenius
1490 1541 233 63 tractabitur
1676 1541 93 63 de
1722 1541 124 63 tota
1800 1541 124 63 ista
1862 1541 155 63 materia.

1301 1573 69 81 ⁋
1329 1573 82 81 Ad
1370 1573 137 81 primum
1466 1573 192 81 principale
1617 1573 151 81 patebit
1726 1573 82 81 in
1767 1573 151 81 secundo
1877 1573 137 81 libro.
1959 1573 69 81 vbi

1298 1626 139 73 agetur
1395 1626 83 73 de
1437 1626 125 73 causa
1521 1626 236 73 obstinationis
1715 1626 167 73 demonum.
1840 1626 70 73 ⁋
1868 1626 83 73 Ad
1896 1626 139 73 secundum

1300 1666 154 72 dicendum
1416 1666 103 72 quod
1480 1666 90 72 non
1531 1666 179 72 conformans
1672 1666 77 72 se
1710 1666 167 72 voluntati
1839 1666 128 72 diuine
1928 1666 90 72 pro
1967 1666 51 72 lo

1291 1713 75 81 co
1328 1713 75 81 et
1365 1713 137 81 tempore
1465 1713 87 81 pro
1514 1713 87 81 quo
1564 1713 137 81 tenetur
1664 1713 75 81 de
1701 1713 186 81 necessitate
1850 1713 149 81 saluter.
1949 1713 75 81 pec-

1306 1750 78 75 cat
1350 1750 167 75 mortaliter.
1484 1750 78 75 sed
1529 1750 111 75 dictum
1607 1750 78 75 est
1651 1750 100 75 prius
1718 1750 89 75 quod
1774 1750 78 75 non
1818 1750 145 75 quaelibet
1930 1750 78 75 pro
1963 1750 67 75 omni

1299 1806 139 66 tempore
1400 1806 76 66 ad
1438 1806 88 66 hoc
1489 1806 152 66 tenetur.
1603 1806 126 66 maxime
1691 1806 139 66 quantum
1792 1806 76 66 ad
1830 1806 164 66 praecepta
1944 1806 88 66 affir

1304 1842 125 72 matiua
1391 1842 137 72 quamuis
1491 1842 137 72 quantum
1590 1842 75 72 ad
1628 1842 162 72 praecepta
1752 1842 150 72 negatiua
1864 1842 87 72 pro
1914 1842 87 72 sem
1952 1842 62 72 per

1300 1884 170 74 teneatur.
1431 1884 78 74 Et
1470 1884 78 74 si
1509 1884 144 74 dicatur
1614 1884 157 74 voluntas
1731 1884 144 74 numquam
1836 1884 118 74 debet
1914 1884 105 74 esse
1967 1884 65 74 dif

1301 1928 138 74 formis
1398 1928 180 74 voluntati
1536 1928 152 74 diuine.
1647 1928 97 74 sed
1703 1928 111 74 iste
1772 1928 97 74 qui
1827 1928 111 74 vult
1883 1928 138 74 honorare

1318 1972 164 76 parentes
1441 1972 109 76 quos
1509 1972 109 76 deus
1578 1972 96 76 non
1632 1972 109 76 vult
1700 1972 164 76 honorari
1823 1972 123 76 habet
1892 1972 136 76 volunta-

1315 2014 93 78 tem
1368 2014 172 78 difformem
1500 2014 172 78 voluntati
1633 2014 146 78 diuine.
1739 2014 106 78 ergo
1805 2014 133 78 peccat
1898 2014 80 78 in
1925 2014 119 78 honoram

1306 2063 78 77 do
1345 2063 156 77 Dicendum
1462 2063 91 77 est
1515 2063 104 77 quod
1580 2063 78 77 si
1619 2063 104 77 deus
1684 2063 104 77 vult
1749 2063 91 77 eos
1801 2063 91 77 non
1853 2063 169 77 honorari.
1971 2063 65 77 nec

1307 2105 89 79 ab
1352 2105 118 79 isto
1426 2105 104 79 nec
1485 2105 89 79 ab
1529 2105 133 79 illo.
1618 2105 118 79 iste
1692 2105 148 79 peccat
1795 2105 89 79 in
1840 2105 192 79 honorando
1973 2105 59 79 pa

1317 2151 138 73 rentes
1414 2151 124 73 suos.
1497 2151 83 73 si
1538 2151 124 73 tamen
1621 2151 111 73 deus
1690 2151 97 73 non
1746 2151 111 73 vult
1815 2151 97 73 eos
1870 2151 166 73 honorari
1981 2151 55 73 ab

1311 2192 124 78 alio.
1394 2192 96 78 sed
1449 2192 110 78 vult
1517 2192 96 78 eos
1572 2192 165 78 honorari
1696 2192 82 78 ab
1737 2192 124 78 isto.
1819 2192 110 78 iste
1888 2192 82 78 in
1915 2192 124 78 honoram

1314 2244 86 71 do
1357 2244 101 71 non
1414 2244 158 71 peccat.
1530 2244 101 71 nec
1587 2244 101 71 est
1645 2244 187 71 difformis
1789 2244 187 71 voluntati
1919 2244 115 71 diuine

1314 2281 99 75 sed
1370 2281 99 75 est
1427 2281 184 75 conformis
1569 2281 184 75 voluntati
1710 2281 156 75 diuine.
1824 2281 85 75 In
1866 2281 142 75 secula
1951 2281 85 75 secu

1323 2337 148 78 lorum
1421 2337 230 78 benedicte.
1585 2337 115 78 Amen.

1449 2452 172 80 ffinis
1569 2452 241 80 questionum
1741 2452 121 80 super

1443 2511 185 80 primum
1554 2511 278 80 sententiarum.
