2272 3099
227 250 102 70 nem
286 250 102 70 non
344 250 102 70 est
402 250 116 70 pars
475 250 131 70 vnita
562 250 131 70 toti:
650 250 116 70 ergo
722 250 160 70 differt
824 250 146 70 realiter

235 313 73 49 a
264 313 145 49 parte.
365 313 145 49 igitur
467 313 160 49 relatio
583 313 145 49 totius
684 313 174 49 adpartem
815 313 116 49 sibi
873 313 102 49 oppo-

238 350 99 53 sita
300 350 137 53 differt
399 350 161 53 realiter:
523 350 74 53 et
560 350 87 53 non
610 350 124 53 potest
697 350 112 53 tamen
771 350 149 53 separari
883 350 62 53 a
896 350 74 53 toto

232 389 101 58 ipso
295 389 151 58 manente.
409 389 101 58 Item
471 389 101 58 quod
534 389 113 58 dicit
610 389 101 58 quod
673 389 113 58 prius
748 389 126 58 natura
836 389 126 58 potest
912 389 50 58 se

235 441 132 56 parari
327 441 66 56 a
353 441 184 56 posteriori
498 441 92 56 aut
551 441 132 56 potest
643 441 171 56 intelligi
775 441 92 56 per
827 441 119 56 prius
893 441 66 56 na-

242 485 106 48 tura
308 485 106 48 quod
374 485 133 48 potest
467 485 106 48 sine
533 485 106 48 alio
600 485 106 48 esse
666 485 80 48 et
706 485 93 48 non
759 485 172 48 econuerso
878 485 93 48 sicut

240 527 146 52 habetur
346 527 93 52 per
399 527 226 52 diffinitionem
585 527 146 52 priorum
692 527 133 52 quanto
772 527 199 52 methaphisice.

233 580 82 44 et
274 580 95 44 sic
329 580 123 44 petit
411 580 109 44 quod
479 580 123 44 debet
561 580 150 44 probare
670 580 109 44 quod
738 580 164 44 creatura
861 580 95 44 sic
902 580 68 44 sit

233 615 123 57 prior
315 615 137 57 natura
411 615 178 57 relatione
548 615 109 57 quod
616 615 137 57 potest
711 615 178 57 separari.
848 615 96 57 hoc
889 615 82 57 enim

238 665 125 51 debet
321 665 166 51 probare.
446 665 97 51 Aut
501 665 194 51 intellexit
653 665 111 51 quod
723 665 166 51 creatura
847 665 111 51 sine
903 665 55 51 oi

235 710 170 51 respectu
362 710 170 51 dependet
490 710 85 51 ad
533 710 128 51 deum:
618 710 128 51 sicut
703 710 113 51 deus
774 710 156 51 dicitur
873 710 85 51 cre-

230 757 92 44 are
283 757 105 44 sine
348 757 105 44 omni
414 757 158 44 respectu
533 757 79 44 in
573 757 105 44 deo:
638 757 79 44 et
678 757 105 44 tunc
744 757 145 44 habetur
836 757 132 44 proposi-

232 797 114 48 tum.
303 797 71 48 ⁋
331 797 85 48 Ad
374 797 128 48 aliud
459 797 114 48 dico
530 797 114 48 quod
601 797 128 48 licet
686 797 99 48 res
743 797 170 48 absoluta
856 797 114 48 fundat

236 836 163 53 relationem
364 836 163 53 distinctam
492 836 70 53 in
527 836 81 53 eo:
574 836 81 53 non
620 836 105 53 tamen
690 836 140 53 relatio.
795 836 70 53 et
830 836 93 53 ideo
877 836 81 53 licet

230 884 147 49 creatio
337 884 134 49 passio
431 884 94 49 sit
484 884 107 49 alia
551 884 94 49 res
605 884 67 49 a
632 884 174 49 creatura:
766 884 94 49 non
820 884 121 49 tamen
887 884 80 49 cre-

233 937 106 41 atio
299 937 133 41 passio
392 937 133 41 fundat
485 937 120 41 aliam
565 937 186 41 relationem
711 937 80 41 et
751 937 106 41 ideo
818 937 93 41 non
858 937 106 41 conclu

233 976 96 45 dit
288 976 110 45 plus
357 976 110 45 quod
426 976 151 45 creatio
536 976 138 45 passio
632 976 96 45 non
687 976 165 45 sitaliud
811 976 165 45 realiter
921 976 41 45 a

241 1016 135 50 creatura
342 1016 90 50 quam
398 1016 90 50 quod
454 1016 157 50 similitudo
577 1016 79 50 non
622 1016 79 50 sit
667 1016 90 50 alia
723 1016 90 50 res:
779 1016 90 50 quia
835 1016 67 50 si
858 1016 112 50 similitu

232 1059 80 56 do
272 1059 120 56 esset
352 1059 107 56 alia
418 1059 93 56 res
472 1059 67 56 a
498 1059 200 56 fundamento:
658 1059 107 56 tunc
725 1059 120 56 esset
805 1059 147 56 similis
898 1059 67 56 si-

241 1111 190 42 militudini
390 1111 176 42 alterius.
526 1111 81 42 et
566 1111 95 42 sic
621 1111 81 42 in
661 1111 176 42 infinitum
797 1111 122 42 sicut
878 1111 95 42 tum
918 1111 41 42 a

232 1148 116 57 guis
304 1148 72 57 ⁋
333 1148 145 57 Contra
434 1148 145 57 primam
536 1148 188 57 opinionem
680 1148 87 57 in
724 1148 101 57 hoc
782 1148 116 57 quod
840 1148 130 57 inherem

237 1199 102 49 tia
296 1199 205 49 quatitatis
457 1199 102 49 vel
515 1199 205 49 qualitatis
676 1199 102 49 non
734 1199 132 49 dicit
822 1199 102 49 rem
866 1199 102 49 prime

233 1236 183 54 intentionis
379 1236 85 54 sed
428 1236 146 54 secunde.
537 1236 146 54 arguitur
647 1236 97 54 quia
708 1236 183 54 impossibile
854 1236 85 54 est
891 1236 73 54 quod

241 1282 100 47 sit
298 1282 185 47 transitus
440 1282 86 47 de
483 1282 257 47 contradictorio
697 1282 86 47 in
726 1282 242 47 contradictorium

236 1328 116 50 sine
308 1328 188 50 mutatione
453 1328 174 50 alicuius
583 1328 145 50 realis
684 1328 87 50 et
728 1328 174 50 positiui
858 1328 101 50 vbi
902 1328 72 50 nul

229 1368 116 67 lus
296 1368 149 67 modus
395 1368 265 67 gramaticalis
610 1368 116 67 vel
676 1368 215 67 logicalis
825 1368 149 67 impedit

241 1416 101 57 sed
298 1416 188 57 subiectum
443 1416 87 57 et
487 1416 188 57 quantitas
632 1416 159 57 possunt
748 1416 145 57 manere
835 1416 130 57 quantum

236 1460 79 54 ad
275 1460 119 54 omnia
354 1460 158 54 absoluta
473 1460 79 54 in
513 1460 92 54 eis
565 1460 132 54 quando
658 1460 185 54 separantur
803 1460 105 54 sine
855 1460 119 54 inheren

242 1503 91 51 tia
294 1503 143 51 actuali
398 1503 91 51 cum
450 1503 130 51 igitur
541 1503 104 51 ista
606 1503 117 51 prius
685 1503 143 51 fuerunt
789 1503 117 51 vnita
867 1503 78 51 et
893 1503 78 51 modo

243 1551 102 41 non.
307 1551 102 41 ergo
370 1551 178 41 necessario
510 1551 102 41 haec
574 1551 140 41 aliquid
676 1551 191 41 corrumpitur
828 1551 140 41 ratione
917 1551 51 41 cu

230 1592 91 51 ius
282 1592 117 51 prius
360 1592 183 51 denotantur
504 1592 130 51 vnita:
595 1592 78 51 et
634 1592 104 51 modo
699 1592 104 51 non:
764 1592 104 51 quia
830 1592 130 51 nullus
908 1592 65 51 est

230 1632 118 52 modus
309 1632 171 52 logicalis
440 1632 184 52 impediens.
584 1632 171 52 huiusmodi
716 1632 92 52 non
768 1632 131 52 potest
860 1632 105 52 esse
912 1632 53 52 ab

227 1679 172 52 solutum.
356 1679 100 52 Per
413 1679 157 52 positum
527 1679 143 52 igitur
627 1679 157 52 falsum.
742 1679 72 52 ⁋
771 1679 100 52 Ite
828 1679 129 52 cotra
899 1679 72 52 hoc

235 1723 112 49 quod
305 1723 126 49 ponit
389 1723 112 49 quod
458 1723 126 49 modus
542 1723 154 49 essendi
654 1723 84 49 in
696 1723 195 49 constituit
835 1723 126 49 predica

226 1775 138 46 mentum
323 1775 207 46 accidentis:
488 1775 110 46 quia
557 1775 193 46 inherentia
709 1775 138 46 potest
805 1775 166 46 separari
916 1775 55 46 ab

230 1815 182 46 accidente:
373 1815 78 46 vt
412 1815 117 46 patet
490 1815 78 46 in
529 1815 208 46 eucharistia:
699 1815 78 46 et
738 1815 117 46 tamen
816 1815 117 46 illud
881 1815 78 46 acci

230 1854 108 52 dens
298 1854 95 52 est
352 1854 81 52 in
393 1854 135 52 genere
488 1854 203 52 accidentis.
650 1854 68 52 ⁋
677 1854 81 52 Si
717 1854 122 52 dicis
799 1854 108 52 quod
853 1854 108 52 suffi-

230 1896 107 54 cit
291 1896 213 54 inherentia
458 1896 274 54 aptitudinalis.
687 1896 152 54 Contra
778 1896 183 54 inherentia

224 1944 167 51 actualis
349 1944 84 51 et
391 1944 237 51 aptitudinalis
586 1944 97 51 non
642 1944 209 51 distiguntur
809 1944 111 51 nisi
865 1944 97 51 sicut

222 1988 166 59 potentia
347 1988 83 59 et
389 1988 139 59 actus.
486 1988 111 59 ergo
555 1988 83 59 si
597 1988 111 59 vnum
666 1988 97 59 non
721 1988 194 59 constituit
860 1988 111 59 predi-

233 2034 177 48 camentum:
369 2034 109 48 ergo
437 2034 95 48 nec
492 2034 136 48 aliud.
587 2034 177 48 Assumptum
723 2034 136 48 patet:
818 2034 109 48 quia
886 2034 82 48 si
914 2034 54 48 di

232 2081 250 51 stinguerentur:
440 2081 111 51 tunc
510 2081 153 51 acidens
621 2081 139 51 quando
718 2081 125 51 esset
801 2081 83 51 in
829 2081 139 51 subiecto

226 2118 96 51 non
281 2118 124 51 esset
364 2118 83 51 in
405 2118 248 51 praedicamento:
612 2118 110 51 quia
681 2118 110 51 illa
750 2118 165 51 aptitudo
860 2118 110 51 corrum

228 2173 118 51 pitur
307 2173 132 51 quando
399 2173 158 51 accidens
517 2173 92 51 est
570 2173 79 51 in
610 2173 158 51 subiecto
728 2173 92 51 per
781 2173 105 51 quam
833 2173 132 51 accidens

232 2210 104 54 est
291 2210 89 54 in
336 2210 252 54 praedicamento
543 2210 74 54 ⁋
573 2210 89 54 Ad
617 2210 148 54 primum
721 2210 133 54 prime
795 2210 163 54 opinionis

240 2250 158 53 tenendo
354 2250 186 53 opinionem
498 2250 100 53 Io.
555 2250 115 53 dico
627 2250 115 53 quod
699 2250 86 53 si
742 2250 201 53 relationes
885 2250 86 53 fun-

237 2300 181 53 darentur
373 2300 91 53 in
418 2300 136 53 eodem
508 2300 211 53 fundamento
674 2300 136 53 adhuc
750 2300 211 53 distinguerem

236 2349 92 47 tur
288 2349 118 47 inter
367 2349 92 47 se:
419 2349 105 47 quia
485 2349 184 47 similitudo
629 2349 79 47 et
668 2349 223 47 dissimilitudo
852 2349 92 47 cum
891 2349 79 47 sint

233 2387 198 52 diuersarum
388 2387 184 52 specierum
530 2387 156 52 possunt
643 2387 156 52 fundari
756 2387 85 52 in
798 2387 127 52 eodem
869 2387 99 52 fumn-

227 2429 159 55 damento
342 2429 159 55 numero:
457 2429 87 55 et
501 2429 130 55 tamen
587 2429 187 55 distingui
731 2429 159 55 specie.
847 2429 115 55 Item
904 2429 58 55 in

235 2473 192 59 generatione
389 2473 141 59 vniuoca
491 2473 166 59 fundantur
619 2473 154 59 secundum
735 2473 90 59 eum
786 2473 179 59 relationes
914 2473 51 59 al

232 2517 123 56 terius
318 2517 160 56 rationis:
440 2517 98 56 puta
502 2517 98 56 quia
563 2517 147 56 generans
673 2517 123 56 potest
759 2517 98 56 esse
821 2517 110 56 causa
882 2517 86 56 geni-

225 2561 72 50 ti
261 2561 72 50 et
297 2561 120 50 potest
381 2561 96 50 esse
440 2561 132 50 simile.
536 2561 72 50 et
572 2561 84 50 sic
620 2561 144 50 fundatur
728 2561 72 50 in
764 2561 72 50 eo
799 2561 132 50 relatio
883 2561 84 50 cause

229 2604 83 48 et
271 2604 248 48 similitudinis.
477 2604 179 48 Exemplum.
615 2604 83 48 si
657 2604 124 48 calor
740 2604 152 48 generet
836 2604 138 48 calorem.

236 2657 94 67 Per
289 2657 94 67 hoc
343 2657 147 67 partbet
450 2657 80 67 ad
490 2657 121 67 aliud
571 2657 107 67 quod
638 2657 121 67 causa
718 2657 121 67 quare
799 2657 94 67 due
839 2657 134 67 similitu

1061 251 125 77 dines
1145 251 223 77 distinguntur
1326 251 98 77 est
1382 251 84 77 in
1424 251 153 77 seipsis
1535 251 98 77 non
1591 251 84 77 in
1633 251 139 77 aliquo
1716 251 70 77 ex-

1055 310 161 62 trinseco
1175 310 67 62 ⁋
1202 310 81 62 Ad
1243 310 121 62 aliud
1323 310 107 62 dico
1390 310 107 62 quod
1457 310 201 62 philosophus
1618 310 121 62 negat
1686 310 107 62 mutati

1060 354 108 48 onem
1128 354 122 48 talem
1209 354 81 48 in
1250 354 176 48 relatione
1385 354 122 48 quale
1466 354 162 48 concedit
1588 354 122 48 inter
1655 354 122 48 similes

1057 394 211 65 qualitates.
1226 394 70 65 ⁋
1254 394 84 65 Ad
1296 394 127 65 aliud
1380 394 112 65 dico
1451 394 112 65 quod
1521 394 112 65 ille
1591 394 127 65 modus
1662 394 112 65 loquen

1056 448 91 49 di
1101 448 107 49 est
1162 448 213 49 improprius
1330 448 91 49 et
1376 448 152 49 falsus
1482 448 91 49 de
1528 448 168 49 virtute
1635 448 152 49 sermonis

1058 489 108 53 quod
1125 489 94 53 duo
1179 489 215 53 predicamenta
1354 489 108 53 sunt
1421 489 81 53 in
1461 489 108 53 deo:
1528 489 108 53 quia
1596 489 148 53 nunquam
1690 489 94 53 dicum

1052 534 97 50 tur
1107 534 110 50 esse
1176 534 235 50 praedicamenta
1370 534 83 50 in
1411 534 180 50 aliquibus
1549 534 110 50 nisi
1618 534 110 50 illa
1687 534 83 50 in
1715 534 69 50 qua

1058 575 95 50 bus
1113 575 162 50 dicuntur
1234 575 108 50 esse
1302 575 108 50 sint
1370 575 149 50 proprie
1478 575 81 50 in
1518 575 244 50 praedicamento.
1708 575 81 50 nunc

1064 620 113 46 autem
1140 620 101 46 deus
1203 620 75 46 in
1240 620 113 46 nullo
1316 620 214 46 praedicamento
1492 620 101 46 est:
1555 620 101 46 bene
1618 620 113 46 tamen
1693 620 75 46 in
1718 620 63 46 deo

1055 669 107 48 sunt
1122 669 94 48 duo
1175 669 107 48 modi
1242 669 215 48 praedicandi:
1417 669 107 48 quia
1484 669 80 48 ad
1524 669 80 48 se
1564 669 80 48 et
1604 669 80 48 ad
1645 669 134 48 aliud:
1725 669 67 48 sed

1064 711 107 45 illi
1131 711 107 45 modi
1197 711 94 45 non
1251 711 107 45 sunt
1318 711 147 45 proprii
1425 711 134 45 alicui
1518 711 241 45 praedicamento:
1719 711 94 45 sed

1055 756 107 54 sunt
1122 756 161 54 communes
1243 756 121 54 rebus
1323 756 228 54 existentibus:
1511 756 81 54 et
1551 756 107 54 ideo
1618 756 175 54 absolutum
1739 756 54 54 et

1050 804 223 47 respectiuum
1229 804 149 47 dicunt
1333 804 119 47 duos
1408 804 194 47 conceptus
1557 804 179 47 communes
1691 804 104 47 deo
1735 804 60 47 et

1060 846 184 46 creaturis
1201 846 113 46 quae
1272 846 99 46 nec
1329 846 141 46 habent
1428 846 113 46 esse
1498 846 85 46 in
1541 846 99 46 deo
1597 846 99 46 nec
1654 846 85 46 in
1682 846 99 46 crea-

1057 887 122 55 turis
1139 887 203 55 subiectiue:
1302 887 95 55 sed
1356 887 136 55 tantum
1451 887 190 55 obiectiue.
1600 887 109 55 Unde
1668 887 95 55 non
1709 887 81 55 plus

1056 932 171 49 concedo
1181 932 124 49 quod
1258 932 93 49 in
1305 932 109 49 deo
1367 932 155 49 manent
1476 932 109 49 duo
1538 932 124 49 modi
1600 932 186 49 predicandi

1054 978 98 49 vel
1110 978 223 49 predicabiles
1291 978 112 49 quam
1361 978 112 49 quod
1431 978 112 49 deus
1501 978 98 49 sit
1557 978 84 49 in
1585 978 195 49 predicamento

1058 1023 100 58 ideo
1121 1023 113 58 tales
1197 1023 214 58 propositiones
1372 1023 176 58 communiter
1511 1023 100 58 sunt
1573 1023 113 58 false
1649 1023 75 58 de
1674 1023 113 58 virtute

1059 1060 190 49 sermonis.
1205 1060 73 49 ⁋
1235 1060 88 49 Ad
1278 1060 131 49 aliud
1366 1060 161 49 concedo
1483 1060 117 49 quod
1556 1060 161 49 relatio
1658 1060 131 49 componi

1056 1108 113 49 tur
1120 1108 113 49 cum
1185 1108 225 49 fundamento
1362 1108 177 49 tenendo
1490 1108 209 49 opinionem
1651 1108 113 49 Io.
1700 1108 80 49 con

1060 1154 191 51 positione
1207 1154 235 51 accidentali.
1399 1154 74 51 ⁋
1428 1154 88 51 Ad
1472 1154 132 51 aliud
1560 1154 88 51 de
1605 1154 147 51 duobus
1693 1154 88 51 quan

1050 1196 105 55 tis
1110 1196 105 55 que
1170 1196 105 55 non
1230 1196 165 55 possunt
1350 1196 120 55 esse
1426 1196 120 55 nisi
1501 1196 120 55 sint
1576 1196 180 55 equalia.
1696 1196 90 55 Dico

1060 1238 87 57 si
1104 1238 160 57 tenerem
1220 1238 247 57 distinctionem
1424 1238 145 57 realem
1525 1238 203 57 relationis
1685 1238 73 57 a
1700 1238 87 57 fun-

1057 1284 166 54 damento:
1182 1284 111 54 tunc
1251 1284 152 54 negarem
1361 1284 124 54 illam
1444 1284 235 54 propositionem
1638 1284 111 54 omne
1693 1284 97 54 prius

1056 1328 111 54 etc.
1125 1328 152 54 tenendo
1236 1328 125 54 autem
1319 1328 125 54 aliam
1402 1328 111 54 viam
1472 1328 125 54 patet
1555 1328 111 54 quid
1624 1328 97 54 sit
1665 1328 125 54 dicedum

1056 1370 63 49 ⁋
1082 1370 76 49 Ad
1120 1370 114 49 aliud
1195 1370 101 49 dico
1259 1370 101 49 quod
1322 1370 139 49 aliquid
1423 1370 152 49 consequi
1537 1370 139 49 diuersa
1626 1370 164 49 praedicamen

1057 1418 82 53 ta
1098 1418 137 53 potest
1194 1418 178 53 intelligi
1332 1418 206 53 dupliciter.
1496 1418 96 53 vno
1551 1418 110 53 modo
1620 1418 110 53 quod
1688 1418 96 53 sit
1729 1418 69 53 con

1062 1466 125 49 mune
1140 1466 187 49 diuersis
1281 1466 125 49 pred
1359 1466 203 49 camentis.
1515 1466 140 49 primo
1609 1466 125 49 modo
1671 1466 125 49 dicen-

1067 1500 68 57 di
1101 1500 79 57 per
1146 1500 79 57 se.
1191 1500 68 57 et
1224 1500 90 57 tunc
1281 1500 101 57 verum
1348 1500 79 57 est
1393 1500 90 57 quia
1449 1500 101 57 illud
1517 1500 90 57 quod
1573 1500 79 57 est
1618 1500 79 57 sic
1663 1500 124 57 commune
1742 1500 45 57 di

1059 1549 147 49 uersis
1162 1549 103 49 non
1221 1549 236 49 distinguitur
1413 1549 177 49 realiter
1546 1549 88 49 ab
1590 1549 118 49 eis.
1663 1549 118 49 Alio
1722 1549 74 49 mo-

1060 1594 70 52 do
1095 1594 116 52 potest
1177 1594 128 52 aliquid
1270 1594 93 52 esse
1328 1594 128 52 commune
1421 1594 151 52 diuersis.
1537 1594 128 52 secundo
1630 1594 93 52 modo
1676 1594 105 52 dicendi

1062 1640 88 53 per
1112 1640 88 53 se:
1162 1640 75 53 et
1199 1640 88 53 ita
1249 1640 100 53 quod
1312 1640 163 53 conueniat
1437 1640 88 53 vni
1487 1640 113 53 primo
1562 1640 113 53 modo:
1637 1640 75 53 et
1674 1640 113 53 aliis
1737 1640 63 53 se-

1060 1684 110 47 cundo
1133 1684 110 47 modo.
1207 1684 74 47 et
1244 1684 86 47 sic
1293 1684 110 47 illud
1367 1684 135 47 commune
1465 1684 123 47 potest
1551 1684 98 47 esse
1612 1684 74 47 in
1649 1684 147 47 diuersis
1747 1684 49 47 ab

1063 1727 108 52 eis.
1131 1727 176 52 Exemplum.
1266 1727 176 52 identitas
1402 1727 122 52 primo
1483 1727 108 52 modo
1550 1727 162 52 probatur
1672 1727 81 52 de
1699 1727 95 52 rela-

1063 1772 124 48 tione:
1150 1772 87 48 sed
1199 1772 75 48 de
1237 1772 112 48 aliis
1311 1772 137 48 secundo
1411 1772 112 48 modo.
1485 1772 99 48 ideo
1547 1772 124 48 potest
1634 1772 162 48 identitas
1746 1772 50 48 di

1064 1814 110 48 cere
1133 1814 192 48 relationem
1283 1814 137 48 realem
1379 1814 192 48 distinctam
1530 1814 82 48 ab
1571 1814 110 48 eis:
1639 1814 96 48 sic
1694 1814 96 48 est
1735 1814 55 48 de

1071 1855 100 64 esse
1133 1855 75 64 ad
1171 1855 75 64 et
1208 1855 100 64 esse
1271 1855 200 64 in:rrespectu
1433 1855 175 64 diuersorum
1558 1855 225 64 praedicamentorum

1070 1899 107 54 Unde
1136 1899 120 54 licet
1216 1899 173 54 identitas
1349 1899 80 54 et
1389 1899 186 54 inherentia
1536 1899 80 54 ad
1576 1899 107 54 ista
1642 1899 107 54 sunt
1696 1899 93 54 eadem

1058 1953 117 42 illis
1136 1953 78 42 de
1175 1953 130 42 quibus
1266 1953 195 42 predicantur
1422 1953 117 42 primo
1501 1953 117 42 modo:
1579 1953 91 42 non
1631 1953 117 42 autem
1696 1953 91 42 illis

1064 1990 84 47 de
1106 1990 139 47 quibus
1203 1990 209 47 predicantur
1371 1990 153 47 secundo
1482 1990 125 47 modo.
1566 1990 70 47 ⁋
1594 1990 84 47 Ad
1636 1990 125 47 aliud
1705 1990 84 47 dico

1052 2030 101 56 quod
1116 2030 139 56 relatio
1217 2030 114 56 habet
1293 2030 152 56 propriam
1407 2030 202 56 inherentiam:
1571 2030 76 56 et
1609 2030 101 56 quod
1672 2030 101 56 illa
1723 2030 76 56 dif-

1054 2084 111 49 fert
1124 2084 69 49 a
1151 2084 181 49 relatione
1290 2084 153 49 propter
1401 2084 236 49 distinctionem
1596 2084 194 49 terminorum
1734 2084 56 49 re

1052 2119 151 52 lationis
1165 2119 176 52 inheretie:
1304 2119 75 52 et
1341 2119 126 52 quando
1429 2119 113 52 dicit
1505 2119 113 52 prius
1580 2119 100 52 etc.
1643 2119 100 52 nego
1693 2119 88 52 illam

1061 2164 217 58 propositionem
1240 2164 77 58 in
1278 2164 179 58 proposito.
1419 2164 77 58 et
1457 2164 89 58 hic
1508 2164 89 58 est
1559 2164 128 58 status
1649 2164 77 58 in
1674 2164 115 58 secundo

1053 2215 140 46 licet
1146 2215 109 46 non
1208 2215 140 46 eodem
1301 2215 124 46 modo
1378 2215 109 46 quo
1440 2215 140 46 ponit
1533 2215 155 46 doctor
1626 2215 155 46 subtilis

1055 2253 78 55 ⁋
1087 2253 156 55 Tertia
1196 2253 156 55 opinio
1305 2253 172 55 videtur
1431 2253 156 55 ponere
1540 2253 141 55 multa
1618 2253 172 55 superflua

1059 2301 103 52 qui
1118 2301 132 52 ponit
1206 2301 293 52 multiplicationem
1455 2301 205 52 relationum
1616 2301 88 52 in
1645 2301 132 52 infini-

1058 2347 127 48 tum.
1137 2347 95 48 Ad
1185 2347 222 48 argumentum
1359 2347 158 48 istius
1470 2347 206 48 opinionis
1629 2347 127 48 dico
1692 2347 95 48 quod

1062 2386 166 45 relatio
1183 2386 106 45 non
1243 2386 106 45 est
1304 2386 136 45 causa
1394 2386 181 45 alicuius
1530 2386 196 45 absoluti:
1681 2386 106 45 sed
1727 2386 60 45 ab

1060 2431 155 57 solutum
1173 2431 99 57 est
1229 2431 127 57 causa
1314 2431 184 57 absoluti:
1455 2431 113 57 quia
1526 2431 127 57 licet
1610 2431 127 57 sonus
1681 2431 113 57 absolu

1050 2483 91 53 te
1095 2483 106 53 non
1156 2483 152 53 causet
1263 2483 274 53 delectationem:
1491 2483 137 53 tamen
1582 2483 137 53 sonus
1658 2483 137 53 propor-

1045 2522 205 53 tionatus
1198 2522 188 53 armonie
1335 2522 170 53 causat
1454 2522 307 53 delectationem.
1693 2522 102 53 Con-

1063 2568 102 51 tra
1122 2568 160 51 tertiam
1238 2568 203 51 opinionem.
1397 2568 116 51 quia
1470 2568 131 51 sicut
1557 2568 145 51 eoipso
1658 2568 116 51 quod
1716 2568 73 51 ali

1055 2609 119 43 quid
1130 2609 104 43 est
1189 2609 194 43 completum
1339 2609 90 43 in
1383 2609 164 43 genere:
1503 2609 90 43 et
1547 2609 104 43 est
1607 2609 90 43 in
1652 2609 119 43 alio
1711 2609 75 43 in-

1062 2651 194 63 formatiue
1212 2651 224 63 concluditur
1391 2651 120 63 quod
1466 2651 105 63 sit
1526 2651 180 63 accidens
1660 2651 90 63 in
1690 2651 105 63 eoip
