2309 3098
277 243 141 73 quinto
375 243 211 73 metaphisice
544 243 127 73 capro
629 243 141 73 vltimo
727 243 84 73 in
770 243 127 73 fine:
854 243 113 73 quod
925 243 84 73 si
953 243 56 73 de

292 310 148 49 qualibet
402 310 148 49 quattuor
513 310 148 49 causarum
624 310 111 49 esset
697 310 160 49 scientia:
820 310 98 49 illa
882 310 98 49 quae
931 310 86 49 esset

293 354 79 55 de
332 354 105 55 fine
398 354 118 55 esset
476 354 210 55 nobilissima:
647 354 92 55 sed
699 354 79 55 si
739 354 157 55 operatio
857 354 144 55 agentus
948 354 66 55 aut

277 393 118 50 forma
355 393 144 50 inducta
460 393 92 50 vel
513 393 170 50 acquisita
643 393 92 50 per
696 393 196 50 operationem
853 393 144 50 agentis
945 393 65 50 po-

290 440 116 46 neretur
375 440 159 46 generaliter
502 440 95 46 causa
566 440 116 46 finalis
650 440 127 46 sequitur
745 440 85 46 quod
798 440 74 46 non
841 440 95 46 esset
904 440 95 46 causa
957 440 53 46 no-

284 480 128 47 bilior
374 480 128 47 aliis:
464 480 90 47 nec
515 480 103 47 eque
579 480 141 47 nobilis
682 480 116 47 salte
759 480 116 47 sicut
836 480 116 47 causa
900 480 103 47 effici

286 528 86 56 ens
335 528 123 56 igitur
421 528 86 56 est
470 528 184 56 impossibile
617 528 110 56 ponem
691 528 123 56 causam
777 528 135 56 finalem
875 528 98 56 isto
924 528 86 56 modo.

279 568 106 58 Item
345 568 159 58 operatio
464 568 159 58 alicuius
584 568 146 58 agentis
690 568 93 58 vel
743 568 106 58 opus
809 568 186 58 acquisitum
942 568 66 58 per

282 623 188 48 operationem
433 623 88 48 vel
483 623 113 48 motum
559 623 88 48 est
609 623 151 48 effectus
722 623 113 48 talis
797 623 151 48 agenter:
898 623 100 48 igitur

286 658 109 56 habet
359 658 121 56 causam
443 658 182 56 efficientem
589 658 109 56 sicut
662 658 73 56 et
698 658 133 56 finalem
795 658 182 56 necessario:
928 658 73 56 siue

279 702 92 57 sit
331 702 79 57 ab
371 702 131 57 agente
463 702 158 57 naturali
581 702 105 57 siue
647 702 66 57 a
673 702 184 57 proposito:
817 702 92 57 sed
870 702 92 57 non
922 702 66 57 a
935 702 66 57 ca-

276 747 68 51 su
310 747 79 51 vel
355 747 135 51 fortuna.
456 747 113 51 quaero
535 747 113 51 igitur
613 747 90 51 quae
670 747 79 51 est
715 747 101 51 causa
782 747 124 51 finalis
872 747 101 51 talis
928 747 79 51 opera

277 796 131 51 tionis.
372 796 83 51 non
420 796 142 51 ipsamet:
526 796 95 51 quia
586 796 178 51 impossibile
728 796 83 51 est
776 796 95 51 idem
835 796 95 51 esse
882 796 119 51 esscnium

284 835 66 49 et
317 835 110 49 causam
394 835 143 49 suuipsius
504 835 66 49 in
537 835 143 49 quocumque
647 835 110 49 genere
723 835 110 49 cause:
800 835 88 49 ergo
855 835 121 49 oportet
932 835 66 49 dare

285 884 126 47 aliud.
374 884 76 47 et
411 884 88 47 sic
462 884 139 47 habetur
563 884 189 47 propositum:
714 884 101 47 quia
777 884 101 47 opus
840 884 88 47 vel
878 884 126 47 operatio

278 929 160 46 producta
398 929 93 46 non
451 929 93 46 est
504 929 120 46 causa
584 929 160 46 finalis.
704 929 107 46 Item
771 929 107 46 amor
824 929 173 46 concupiscen

278 971 100 46 tie
335 971 171 46 supponit
463 971 143 46 amorem
563 971 186 46 amicicie:
706 971 100 46 non
763 971 114 46 enim
821 971 171 46 concupisco

272 1016 109 53 mihi
341 1016 95 53 vel
395 1016 123 53 aliis
477 1016 136 53 bonum:
572 1016 109 53 nisi
641 1016 109 53 quia
709 1016 95 53 amo
763 1016 82 53 me
804 1016 95 53 vel
859 1016 82 53 al
900 1016 82 53 um
927 1016 68 53 amo

267 1061 77 46 re
306 1061 166 46 amicicie:
433 1061 90 46 sed
485 1061 153 46 operatio
600 1061 90 46 vel
651 1061 115 46 forma
728 1061 166 46 acquisita
856 1061 90 46 per
894 1061 115 46 operati

275 1109 106 46 onem
341 1109 159 46 alicuius
460 1109 132 46 amatum
552 1109 119 46 amore
632 1109 251 46 concupiscentie:
843 1109 106 46 quia
896 1109 106 46 concu-

276 1147 120 54 pisco
355 1147 120 54 illam
435 1147 133 54 inesse
528 1147 120 54 mihi.
608 1147 133 54 igitur
701 1147 120 54 talis
781 1147 106 54 amor
834 1147 173 54 concupiscen

268 1188 102 48 tie
327 1188 219 48 presupponit
502 1188 131 48 amore
589 1188 102 48 quo
647 1188 160 48 aliquis
764 1188 233 48 concupiscens
939 1188 58 48 ta

266 1233 99 50 lia
323 1233 113 50 amat
393 1233 85 50 se
436 1233 99 50 vel
493 1233 128 50 aliud
578 1233 99 50 cui
634 1233 213 50 concupiscit
805 1233 128 50 talia
875 1233 128 50 inesse.

280 1277 107 51 patet
352 1277 119 51 igitur
435 1277 95 51 quod
495 1277 107 51 illud
566 1277 131 51 propter
661 1277 95 51 quod
721 1277 107 51 primo
793 1277 119 51 amatum
876 1277 107 51 agens
936 1277 72 51 agit

283 1322 98 55 quod
344 1322 86 55 non
393 1322 86 55 est
442 1322 98 55 ipsa
503 1322 147 55 operatio
613 1322 147 55 agentis:
723 1322 86 55 nec
772 1322 134 55 aliquod
857 1322 147 55 acquisitum

273 1367 84 54 per
321 1367 193 54 operationem:
478 1367 84 54 sed
526 1367 132 54 aliquid
622 1367 108 54 aliud
694 1367 132 54 propter
790 1367 96 54 quod
851 1367 120 54 amatum
923 1367 84 54 agens

286 1413 106 53 agit.
357 1413 83 53 non
404 1413 118 53 igitur
487 1413 106 53 forma
558 1413 154 53 acquisita
676 1413 83 53 per
723 1413 177 53 operationem
865 1413 118 53 potest
936 1413 59 53 di-

271 1452 74 52 ci
308 1452 110 52 causa
381 1452 147 52 finalis.
492 1452 98 52 vnde
553 1452 74 52 si
590 1452 98 52 quis
651 1452 123 52 abalat
737 1452 135 52 propter
835 1452 160 52 sanitatem
946 1452 49 52 sa

267 1502 112 55 nitas
341 1502 87 55 non
391 1502 87 55 est
440 1502 112 55 causa
515 1502 136 55 finalis
614 1502 136 55 proprie
713 1502 161 55 loquendo:
837 1502 87 55 sed
886 1502 99 55 ipse
936 1502 62 55 ho-

271 1539 91 61 mo
316 1539 121 61 quae
392 1539 136 61 primo
483 1539 151 61 amatus
589 1539 136 61 mouet
680 1539 136 61 agens
771 1539 91 61 se
801 1539 212 61 adambulandum

263 1584 108 53 Ideo
330 1584 108 53 dico
397 1584 108 53 quod
465 1584 189 53 accipiendo
613 1584 148 53 proprie
721 1584 135 53 causam
815 1584 148 53 finalem
910 1584 94 53 finis

274 1633 99 56 est
331 1633 128 56 illud
416 1633 156 56 propter
529 1633 114 56 quod
600 1633 142 56 amatum
700 1633 128 56 amore
785 1633 170 56 amicicie
899 1633 99 56 agens

276 1675 93 51 agit:
338 1675 62 51 et
369 1675 83 51 tale
420 1675 175 51 vniversaliter
565 1675 103 51 semper
637 1675 72 51 est
678 1675 124 51 nobilius
771 1675 103 51 agente
843 1675 72 51 vel
884 1675 93 51 salte
936 1675 62 51 equa

276 1723 140 51 nobile:
378 1723 102 51 vnde
442 1723 140 51 sanitas
544 1723 89 51 non
595 1723 89 51 est
646 1723 140 51 proprie
747 1723 115 51 causa
824 1723 140 51 finalis
913 1723 89 51 dean-

269 1757 202 53 bulationis:
430 1757 94 53 sed
484 1757 108 53 homo
551 1757 148 53 appetes
659 1757 175 53 sanitatem
793 1757 94 53 est
847 1757 121 53 causa
914 1757 81 53 fina

264 1799 105 57 lis
324 1799 286 57 deambulationis:
565 1799 121 57 quia
641 1799 121 57 homo
716 1799 136 57 prius
806 1799 151 57 amatus
897 1799 105 57 mouet

269 1851 98 54 agens
334 1851 65 54 in
367 1851 120 54 ratione
454 1851 109 54 finis:
530 1851 130 54 scilicet
628 1851 120 54 seipsum
715 1851 65 54 ad
747 1851 163 54 ambulandum:
878 1851 76 54 sed
910 1851 87 54 quando

275 1889 101 57 sunt
339 1889 126 57 plures
427 1889 152 57 effectus
541 1889 152 57 secundum
654 1889 126 57 eundem
743 1889 139 57 ordinem
844 1889 76 57 ab
881 1889 114 57 eodem
945 1889 51 57 a-

271 1941 110 50 gente:
348 1941 77 50 ita
392 1941 88 50 quod
447 1941 88 50 vnum
502 1941 143 50 ordinatur
612 1941 66 50 ad
646 1941 99 50 aliud
712 1941 99 50 illud
778 1941 88 50 quod
833 1941 77 50 est
877 1941 99 50 causa
932 1941 66 50 fina

268 1979 76 45 lis
312 1979 108 45 vltimi
387 1979 76 45 est
431 1979 98 45 causa
496 1979 119 45 finalis
583 1979 108 45 omnium
659 1979 195 45 praecedentium:
821 1979 76 45 sed
865 1979 119 45 sanitas
941 1979 54 45 est

270 2023 134 54 quadam
364 2023 161 54 effectus
485 2023 161 54 causatus
605 2023 81 54 ab
646 2023 134 54 aliquo
740 2023 81 54 et
780 2023 202 54 deambulatio
928 2023 67 54 est

278 2066 99 46 alius
344 2066 132 46 effectus
443 2066 88 46 quae
498 2066 88 46 sunt
553 2066 132 46 ordinati
653 2066 154 46 adinuicem:
774 2066 88 46 ergo
829 2066 66 46 si
862 2066 99 46 causa
917 2066 77 46 fina-

274 2108 81 58 lis
321 2108 150 58 sanitatis
436 2108 92 58 quae
494 2108 81 58 est
540 2108 115 58 quadam
621 2108 139 58 effectus
725 2108 81 58 sit
771 2108 92 58 ipse
829 2108 92 58 homo
887 2108 104 58 causa
944 2108 58 58 fi-

271 2154 122 60 nalis
353 2154 136 60 ipsius
448 2154 244 60 deambulationis
651 2154 95 60 est
706 2154 109 60 ipse
773 2154 109 60 homo
841 2154 149 60 proprie
936 2154 68 60 lo-

265 2205 153 47 quendo
372 2205 107 47 qui
433 2205 153 47 amatus
539 2205 168 47 mouebit
661 2205 137 47 agens
753 2205 92 47 ad
799 2205 168 47 agendu.
905 2205 92 47 dico

275 2241 90 62 ergo
331 2241 90 62 quod
387 2241 90 62 omne
443 2241 101 62 agens
510 2241 134 62 naturale
610 2241 201 62 rationabiliter
778 2241 90 62 agit
834 2241 123 62 propter
913 2241 90 62 causam

267 2297 139 44 finalem
368 2297 126 44 amatam
457 2297 101 44 eque
520 2297 164 44 perfectam
646 2297 88 44 vel
696 2297 202 44 perfectiorem
860 2297 139 44 agente.
949 2297 50 44 Ex

268 2341 87 43 quo
317 2341 111 43 patet
391 2341 99 43 quod
453 2341 124 43 vltima
540 2341 149 43 operatio
651 2341 136 43 agentis
750 2341 87 43 non
800 2341 87 43 est
849 2341 111 43 causa
911 2341 87 43 fina-

280 2377 84 45 lis
328 2377 133 45 proprie
425 2377 145 45 loquendo
533 2377 133 45 quamuis
629 2377 121 45 potest
714 2377 96 45 dici
774 2377 108 45 finis
846 2377 121 45 aliquo
919 2377 72 45 modo

269 2420 115 57 sicut
346 2420 115 57 finis
422 2420 140 57 dicitur
524 2420 127 57 vltima
613 2420 166 57 perfectio
740 2420 166 57 acquisita
868 2420 102 57 rei.
919 2420 76 57 vnde

273 2465 90 62 per
324 2465 115 62 istam
401 2465 217 62 distinctionem
580 2465 115 62 datam
657 2465 77 62 de
695 2465 102 62 fine
759 2465 115 62 patet
836 2465 77 62 ad
861 2465 141 62 argumenta

262 2510 109 53 facta
334 2510 72 53 in
371 2510 181 53 contrarium.
515 2510 72 53 Ad
552 2510 121 53 primum
636 2510 97 53 dico
696 2510 97 53 quod
757 2510 109 53 licet
829 2510 121 53 vltima
902 2510 84 53 opere

272 2552 89 48 tio
323 2552 153 48 alicuius
438 2552 127 48 posset
527 2552 127 48 aliquo
616 2552 102 48 modo
680 2552 102 48 dici
743 2552 127 48 finis:
832 2552 102 48 quia
896 2552 89 48 est
934 2552 64 48 vel

266 2604 130 51 timum
352 2604 86 51 et
395 2604 144 51 aliquo
496 2604 115 51 modo
568 2604 158 51 optimum
683 2604 130 51 inter
770 2604 173 51 effectus
885 2604 115 51 causa-

258 2642 86 68 tos
307 2642 74 68 et
344 2642 86 68 ita
393 2642 136 68 aliquam
492 2642 148 68 rationem
603 2642 111 68 habet
677 2642 111 68 finis
751 2642 99 68 quae
812 2642 86 68 est
861 2642 111 68 causa
923 2642 74 68 fina

1096 249 94 69 lis.
1155 249 70 69 et
1190 249 105 69 tamen
1260 249 129 69 proprie
1354 249 141 69 loquendo
1460 249 70 69 de
1495 249 105 69 causa
1565 249 129 69 finali:
1659 249 82 69 nec
1706 249 82 69 est
1741 249 82 69 opera

1107 316 91 59 tio
1159 316 130 59 vltima
1250 316 91 59 nec
1301 316 117 59 etiam
1379 316 143 59 optimum
1483 316 104 59 quod
1548 316 91 59 per
1600 316 117 59 illam
1664 316 169 59 attingitur.

1102 362 159 45 inquantum
1224 362 110 45 tale:
1297 362 86 45 sed
1346 362 86 45 est
1395 362 147 45 praecise
1505 362 110 45 illud
1579 362 134 45 propter
1676 362 98 45 quod
1725 362 98 45 amatum

1103 409 81 48 ab
1143 409 188 48 efficiente
1291 409 148 48 diligit
1399 409 121 48 illud
1479 409 148 48 tamquam
1587 409 148 48 aliquid
1681 409 148 48 ordinatum

1100 452 80 55 ad
1140 452 146 55 amatum:
1246 452 80 55 et
1285 452 119 55 illud
1365 452 93 55 sic
1418 452 133 55 amatum
1511 452 93 55 est
1564 452 119 55 causa
1643 452 146 55 finalis
1736 452 93 55 facti

1099 493 151 52 quandoque
1216 493 105 52 autem
1285 493 151 52 contingit
1402 493 93 52 quod
1460 493 140 52 obiectum
1565 493 116 52 vltime
1646 493 174 52 operationis
1774 493 58 52 est

1102 533 108 60 illud
1174 533 120 60 amatum
1257 533 72 60 et
1293 533 108 60 causa
1365 533 131 60 finalis
1461 533 84 60 non
1508 533 96 60 quia
1568 533 143 60 terminus
1676 533 120 60 illius
1747 533 84 60 opera

1101 579 148 57 tionis:
1208 579 94 57 sed
1262 579 108 57 quia
1330 579 135 57 amatum
1424 579 81 57 ab
1465 579 135 57 agente
1559 579 148 57 propter
1667 579 108 57 quod
1721 579 94 57 amans

1097 632 101 54 agit.
1186 632 67 54 Ad
1220 632 134 54 secundum
1320 632 78 54 cum
1365 632 123 54 dicitur
1454 632 89 54 quod
1510 632 101 54 causa
1577 632 123 54 finalis
1667 632 78 54 est
1711 632 78 54 per
1745 632 67 54 quan

1103 673 86 47 etc.
1157 673 140 47 Respondeo
1264 673 86 47 quod
1318 673 129 47 quaerere
1415 673 118 47 propter
1501 673 86 47 quid
1554 673 118 47 aliquid
1640 673 75 47 fit
1683 673 107 47 potest
1748 673 75 47 intel

1101 712 106 57 ligi
1167 712 159 57 duplicit
1286 712 93 57 vel
1339 712 146 57 propter
1446 712 106 57 quid
1512 712 133 57 oditum
1605 712 93 57 vel
1658 712 146 57 amatum.
1751 712 66 57 il-

1101 757 92 57 lud
1153 757 105 57 auod
1219 757 197 57 respondetur
1377 757 79 57 ad
1416 757 197 57 quaestionem
1574 757 131 57 factam
1665 757 92 57 per
1705 757 118 57 propter

1102 798 96 60 quid
1162 798 108 60 primo
1234 798 96 60 modo
1293 798 120 60 certum
1377 798 84 60 est
1425 798 96 60 quod
1485 798 84 60 non
1533 798 84 60 est
1581 798 108 60 causa
1652 798 132 60 finalis
1736 798 84 60 anbu-

1100 842 147 51 latonis
1206 842 93 51 vel
1260 842 214 51 abstinentie:
1433 842 120 51 sicut
1513 842 80 51 si
1553 842 107 51 quas
1620 842 133 51 quarat
1700 842 107 51 propte

1097 890 95 61 quid
1156 890 130 61 aliquis
1251 890 130 61 anbulat
1346 890 83 61 vel
1393 890 154 61 abstinet:
1511 890 118 61 potest
1594 890 166 61 responderi
1713 890 107 61 propter

1091 933 213 59 infirmitatem
1264 933 173 59 amouendam
1397 933 93 59 vel
1451 933 213 59 destruendam:
1624 933 80 59 et
1664 933 120 59 tamen
1731 933 93 59 infir

1103 981 120 45 mitas
1183 981 94 45 non
1236 981 94 45 est
1290 981 120 45 causa
1370 981 147 45 finalis
1477 981 241 45 deambulationis
1677 981 94 45 vel
1717 981 94 45 absti

1101 1018 129 51 nentie
1192 1018 78 51 vt
1231 1018 181 51 manifestum
1373 1018 104 51 est.
1438 1018 117 51 Illud
1515 1018 117 51 autem
1593 1018 104 51 quod
1645 1018 168 51 respondetur

1096 1062 69 55 ad
1130 1062 172 55 quaestionem
1267 1062 115 55 factam
1347 1062 80 55 per
1393 1062 126 55 propter
1485 1062 92 55 quid
1542 1062 126 55 secundo
1634 1062 103 55 modo:
1702 1062 80 55 est
1737 1062 80 55 illud

1098 1111 127 50 propter
1191 1111 92 50 quod
1248 1111 115 50 amatum
1329 1111 127 50 aliquid
1421 1111 115 50 facit:
1502 1111 81 50 sed
1548 1111 81 50 hoc
1594 1111 115 50 potest
1675 1111 92 50 esse
1721 1111 92 50 duplio

1082 1157 111 50 ter:
1151 1157 97 50 vel
1207 1157 111 50 quia
1276 1157 124 50 illud
1359 1157 97 50 est
1414 1157 138 50 amatum
1511 1157 124 50 amore
1594 1157 166 50 amicicie
1718 1157 97 50 vel
1760 1157 69 50 con

1089 1198 223 55 cupiscentie.
1271 1198 126 55 primo
1354 1198 112 55 modo
1424 1198 140 55 amatum
1522 1198 98 55 non
1578 1198 98 55 est
1634 1198 126 55 causa
1703 1198 126 55 finalis

1100 1234 101 70 patet
1167 1234 67 70 si
1201 1234 146 70 quaeratur
1313 1234 123 70 propter
1402 1234 90 70 quid
1458 1234 134 70 infirmus
1559 1234 78 70 sic
1604 1234 123 70 abulat:
1694 1234 112 70 potest
1761 1234 56 70 re-

1097 1285 181 48 sponderi:
1236 1285 153 48 propter
1348 1285 153 48 laborem
1460 1285 98 48 vel
1515 1285 209 48 caliditatem
1669 1285 153 48 acquiren-

1089 1331 94 56 dam
1142 1331 94 56 vel
1196 1331 148 56 propter
1304 1331 202 56 expulsionem
1465 1331 175 56 aliquorum
1599 1331 148 56 humorum
1707 1331 81 56 et
1733 1331 81 56 tame

1090 1373 108 58 nulla
1162 1373 132 58 istarum
1258 1373 132 58 dicitur
1354 1373 108 58 causa
1426 1373 144 58 formalis
1533 1373 144 58 proprie:
1641 1373 144 58 secundum
1737 1373 84 58 istam

1101 1416 168 53 opinionem:
1233 1416 84 53 sed
1281 1416 132 53 sanitas
1377 1416 144 53 secundum
1486 1416 108 53 illos
1558 1416 96 53 quia
1618 1416 96 53 illa
1678 1416 120 53 amatur
1762 1416 84 53 amo

1100 1463 82 51 re
1141 1463 246 51 conuupiscentie
1347 1463 151 51 propter
1456 1463 192 51 sanitatem.
1607 1463 123 51 eodem
1689 1463 110 51 modo
1744 1463 82 51 dico

1097 1514 112 50 quod
1167 1514 154 50 sanitas
1279 1514 140 50 amatur
1377 1514 126 50 amore
1461 1514 266 50 concupiscentie:
1686 1514 112 50 quia
1742 1514 84 50 homo

1087 1548 102 50 vel
1146 1548 116 50 vita
1218 1548 116 50 eius
1291 1548 145 50 amatur
1393 1548 131 50 amore
1480 1548 189 50 amicicie:
1625 1548 87 50 et
1669 1548 116 50 ideo
1727 1548 87 50 homo

1095 1596 92 53 vel
1148 1596 105 53 eius
1213 1596 105 53 vita
1279 1596 92 53 est
1332 1596 119 53 causa
1411 1596 145 53 finalis
1516 1596 132 53 illius
1595 1596 211 53 deambulationi-

1119 1641 83 55 Per
1166 1641 83 55 hoc
1214 1641 71 55 ad
1250 1641 190 55 auctoritatem
1404 1641 166 55 philosophi
1535 1641 95 55 dico
1594 1641 95 55 quod
1654 1641 107 55 illud
1713 1641 107 55 dicitur

1095 1682 113 56 finis
1171 1682 125 56 aliquo
1259 1682 100 56 modo
1321 1682 88 56 per
1371 1682 100 56 quod
1434 1682 188 56 respondetur
1585 1682 75 56 ad
1610 1682 213 56 interrogationem

1093 1722 120 60 factam
1177 1722 84 60 per
1225 1722 132 60 propter
1321 1722 96 60 quid
1381 1722 72 60 vt
1417 1722 132 60 amatum:
1514 1722 84 60 sed
1562 1722 72 60 si
1598 1722 84 60 sit
1646 1722 132 60 proprie
1730 1722 84 60 causa

1095 1765 134 56 finalis
1192 1765 73 56 et
1229 1765 158 56 similiter
1351 1765 134 56 oportet
1448 1765 73 56 vt
1485 1765 85 56 sit
1534 1765 110 56 illud
1607 1765 134 56 propter
1704 1765 98 56 quod
1753 1765 61 56 ama

1092 1811 92 52 tum
1144 1811 118 52 amore
1223 1811 157 52 amicicie
1341 1811 144 52 aliquid
1446 1811 105 52 fit.
1511 1811 170 52 huiusmodi
1643 1811 92 52 non
1695 1811 92 52 est
1734 1811 79 52 sani

1104 1859 105 48 tas:
1170 1859 92 48 sed
1222 1859 105 48 homo
1288 1859 92 48 vel
1341 1859 118 48 vita.
1419 1859 79 48 Ad
1459 1859 118 48 aliud
1538 1859 118 48 patet
1617 1859 105 48 quod
1682 1859 118 48 quies
1748 1859 66 48 non

1092 1902 123 54 amatur
1178 1902 99 54 nisi
1240 1902 74 54 ad
1277 1902 160 54 saluandum
1400 1902 123 54 graue:
1487 1902 160 54 similiter
1610 1902 160 54 protectio
1734 1902 62 54 a
1746 1902 74 54 fri-

1094 1949 112 56 gore
1164 1949 112 56 nisi
1234 1949 154 56 propter
1347 1949 211 56 saluationem
1515 1949 168 56 hominis:
1641 1949 84 56 et
1684 1949 112 56 ideo
1740 1949 84 56 homo

1088 1991 139 52 amatus
1185 1991 125 52 amore
1269 1991 167 52 amicicie
1394 1991 97 52 est
1450 1991 139 52 igitur
1547 1991 125 52 causa
1630 1991 153 52 finalis
1728 1991 83 52 pro-

1079 2032 130 53 prie
1160 2032 194 53 loquendo
1306 2032 97 53 de
1354 2032 146 53 causa
1451 2032 178 53 finali.
1613 2032 97 53 Ad
1662 2032 146 53 aliud
1743 2032 81 53 cum

1082 2075 155 50 dicitur
1195 2075 113 50 quod
1265 2075 141 50 habito
1363 2075 113 50 fine
1434 2075 141 50 cessat
1532 2075 141 50 motus:
1631 2075 141 50 potest
1715 2075 99 50 dici-

1093 2125 99 42 quod
1154 2125 87 42 hoc
1204 2125 87 42 non
1253 2125 198 42 intelligitur
1414 2125 74 42 de
1451 2125 111 42 causa
1526 2125 124 42 finali
1612 2125 148 42 proprie:
1723 2125 87 42 sed
1761 2125 49 42 de

1082 2162 110 61 fine
1151 2162 138 61 vltimo
1248 2162 221 61 sufficienter
1427 2162 179 61 acquisito
1592 2162 83 61 Ad
1634 2162 124 61 aliud
1703 2162 110 61 potest

1087 2207 103 61 dici
1152 2207 103 61 quod
1216 2207 116 61 finem
1294 2207 142 61 acquiri
1397 2207 90 61 per
1449 2207 103 61 motu
1513 2207 77 61 et
1552 2207 194 61 operationem
1694 2207 116 61 aliquam

1084 2253 135 57 potest
1178 2253 175 57 intelligi
1312 2253 202 57 dupliciter.
1474 2253 94 57 vno
1527 2253 108 57 modo
1595 2253 148 57 tanquam
1689 2253 121 57 aliquid

1089 2297 175 51 productum
1223 2297 81 51 in
1264 2297 108 51 esse
1331 2297 94 51 per
1385 2297 121 51 talem
1466 2297 121 51 motum
1547 2297 94 51 vel
1601 2297 216 51 operationem:
1763 2297 54 51 et

1085 2344 97 45 sic
1141 2344 97 45 non
1196 2344 97 45 est
1252 2344 125 45 verum
1335 2344 209 45 generaliter
1502 2344 111 45 quod
1572 2344 125 45 illud
1655 2344 97 45 quo
1697 2344 111 45 habito

1086 2389 118 52 cessat
1169 2389 82 52 est
1216 2389 106 52 finis
1286 2389 82 52 vel
1333 2389 106 52 causa
1404 2389 141 52 finalis:
1509 2389 106 52 licet
1580 2389 153 52 quandoque
1697 2389 118 52 possit
1768 2389 47 52 di

1091 2425 78 65 ci
1130 2425 117 65 causa
1208 2425 156 65 finalis:
1325 2425 117 65 sicut
1403 2425 130 65 quando
1494 2425 117 65 illud
1572 2425 182 65 acquisitum
1715 2425 91 65 est
1754 2425 52 65 eo

1083 2472 206 51 perfectum
1241 2472 158 51 agente
1352 2472 142 51 sicut
1447 2472 95 51 in
1495 2472 237 51 generatione
1669 2472 142 51 vniuoca

1087 2521 92 46 vt
1133 2521 122 46 homo
1209 2521 168 46 generat
1331 2521 168 46 hominem
1453 2521 168 46 propter
1576 2521 168 46 naturam
1683 2521 137 46 specifi

1084 2562 123 51 causa
1166 2562 177 51 saluandam
1302 2562 109 51 quae
1370 2562 191 51 acquiritur
1520 2562 82 51 in
1561 2562 191 51 generando.
1711 2562 109 51 Alio
1766 2562 54 51 mo

1082 2606 84 44 do
1124 2606 140 44 potest
1222 2606 183 44 intelligi
1363 2606 126 44 finem
1447 2606 140 44 haberi
1545 2606 98 44 per
1601 2606 211 44 operationem
1756 2606 70 44 il-

1087 2647 102 64 lam
1146 2647 146 64 quando
1248 2647 102 64 per
1307 2647 132 64 illam
1394 2647 219 64 operationem
1570 2647 132 64 sinis
1658 2647 161 64 habetur
1760 2647 73 64 non
