2218 3081
427 227 131 77 gentem
519 227 79 77 de
558 227 105 77 eis.
623 227 65 77 â‹
649 227 118 77 Istud
728 227 92 77 non
780 227 118 77 valet
859 227 105 77 quia
924 227 79 77 ad
964 227 157 77 notitiam
1068 227 79 77 ali-

422 289 117 53 cuius
500 289 169 53 veritatis
631 289 183 53 cotigentis
774 289 91 53 non
826 289 156 53 sufficit
943 289 143 53 notitia
1035 289 104 53 intui-

421 333 89 51 tiua
477 333 156 51 sensitiva:
599 333 78 51 sed
644 333 123 51 oportet
733 333 112 51 ponere
811 333 123 51 praeter
901 333 100 51 illam
968 333 100 51 etiam
1023 333 112 51 notitiam

424 376 156 46 intuitiuam
547 376 201 46 intellectiuam:
714 376 67 46 et
747 376 89 46 ideo
803 376 67 46 si
837 376 167 46 intellectus
971 376 100 46 habet
1026 376 112 46 notitiam

423 417 200 54 incomplexam
582 417 186 54 extremorum
729 417 93 54 vel
782 417 239 54 significatorum
981 417 93 54 per
1021 417 120 54 extrema

429 464 124 49 istius
516 464 162 49 veritatis
640 464 149 49 assentit
752 464 100 49 illi
814 464 124 49 quando
902 464 137 49 extrema
1001 464 87 49 vel
1038 464 100 49 signi-

421 509 112 47 ficata
499 509 156 47 extremorum
622 509 168 47 sentiuntur:
756 509 67 47 et
790 509 112 47 quando
868 509 78 47 non
913 509 156 47 sentiuntur
1035 509 89 47 illi
1080 509 56 47 non

412 550 143 52 assentit:
522 550 99 52 quare
588 550 121 52 oportet
677 550 88 52 quod
732 550 110 52 aliam.
809 550 132 52 notitiam
908 550 165 52 incomplexam
1041 550 110 52 habeat
1107 550 44 52 de

417 598 87 50 illis
476 598 97 50 quando
544 598 146 50 sentiuntur:
660 598 78 50 quam
709 598 97 50 quando
777 598 68 50 non
815 598 146 50 sentiuntur.
932 598 68 50 hoc
971 598 87 50 patet
1029 598 58 50 ex
1049 598 87 50 omnibus

425 637 181 58 priambulis.
570 637 96 58 quia
630 637 121 58 dictum
714 637 84 58 est
762 637 121 58 prius:
847 637 96 58 quod
907 637 145 58 formatio
1003 637 145 58 propositi-

424 686 110 51 onis
493 686 82 51 in
534 686 192 51 intellectu
685 686 220 51 praesupponit
864 686 165 51 notitiam
974 686 165 51 incoplexam

414 735 163 44 termiorum
540 735 88 44 sed
590 735 151 44 commeta.
703 735 100 44 ergo
766 735 113 44 eadem
841 735 138 44 ratione
941 735 138 44 notitia
1029 735 113 44 euidens

420 773 113 51 talis
496 773 177 51 veritatis:
635 773 202 51 praesupponit
799 773 151 51 notitiam
912 773 177 51 intuitiuam
1051 773 76 51 in
1076 773 63 51 se:

416 816 78 52 et
455 816 91 52 non
507 816 156 52 sufficit
623 816 117 52 solum
701 816 143 52 notitia
805 816 169 52 intuitiua
935 816 169 52 sesitiua.
1051 816 91 52 Sicut

415 861 84 50 nec
463 861 72 50 ad
499 861 181 50 formationem
644 861 145 50 scilicet
752 861 193 50 intellectiue
909 861 205 50 propositionis
1066 861 72 50 supe

422 904 119 45 ficit
501 904 106 45 sola
567 904 146 45 notitia
673 904 172 45 sensitiua
806 904 185 45 terminorum
951 904 93 45 vel
991 904 159 45 significa-

421 948 95 49 torum
485 948 74 49 per
527 948 138 49 terminos.
633 948 138 49 Similiter
739 948 106 49 patet:
813 948 85 49 quod
866 948 106 49 nullus
940 948 95 49 actus
1003 948 127 49 potentie
1088 948 53 49 sen

417 992 126 50 sitiue
506 992 88 50 est
556 992 113 50 causa
632 992 139 50 proxima
733 992 76 50 et
770 992 164 50 immediata
896 992 151 50 respectu
1010 992 113 50 actus
1073 992 63 50 iu-

430 1033 146 57 dicatiui:
542 1033 90 57 ergo
598 1033 67 57 si
632 1033 168 57 intellectus
766 1033 112 57 potest
845 1033 90 57 modo
901 1033 135 57 iudicare
1002 1033 79 57 rem
1047 1033 90 57 esse
1092 1033 56 57 vel

423 1080 68 49 non
462 1080 78 49 esse
511 1080 97 49 quando
579 1080 146 49 sesibiliter
695 1080 97 49 sentit
763 1080 126 49 sensibile
860 1080 58 49 et
889 1080 97 49 aliter
957 1080 68 49 non
996 1080 107 49 potest:
1064 1080 87 49 oportet

420 1123 93 49 quod
478 1123 127 49 aliquid
571 1123 69 49 in
606 1123 69 49 se
640 1123 116 49 habeat
722 1123 139 49 praeuium
826 1123 93 49 illi
884 1123 127 49 iudicio
976 1123 93 49 quod
1034 1123 104 49 prius
1092 1123 58 49 non

417 1169 136 61 habuit:
516 1169 74 61 et
553 1169 112 61 illud
627 1169 87 61 non
677 1169 124 61 potest
764 1169 99 61 esse
826 1169 99 61 nisi
888 1169 136 61 notitia
987 1169 124 61 aliqua
1062 1169 74 61 quan

427 1210 101 58 prius
494 1210 78 58 non
539 1210 112 58 habuit
617 1210 67 58 et
651 1210 67 58 mo
684 1210 112 58 habet:
763 1210 101 58 ergo.
830 1210 168 58 Confirmatur
964 1210 78 58 hoc
1009 1210 78 58 per
1042 1210 90 58 commen

424 1258 144 49 tatorem.
532 1258 96 49 iii.
592 1258 72 49 de
627 1258 108 49 anima
699 1258 156 49 commento.
819 1258 108 49 xxii.
891 1258 72 49 in
927 1258 156 49 principio
1046 1258 84 49 vbi
1082 1258 60 49 sic

417 1301 129 52 dicit.
507 1301 77 52 Si
546 1301 103 52 ista
610 1301 180 52 singularia
752 1301 180 52 intellecta
894 1301 142 52 fuerint
997 1301 116 52 rerum
1062 1301 77 52 quae

426 1348 83 48 sunt
477 1348 83 48 nate
529 1348 83 48 esse
580 1348 72 48 sub
622 1348 124 48 tempore:
715 1348 62 48 in
746 1348 155 48 praeterito.
869 1348 114 48 tempore
952 1348 72 48 vel
993 1348 103 48 futuro
1055 1348 93 48 tempore

412 1388 230 49 tucintellectus
604 1388 89 49 cum
655 1388 115 49 illis
731 1388 115 49 rebus
808 1388 179 49 intelligit
948 1388 140 49 tempus:
1050 1388 77 49 in
1075 1388 64 49 quo

428 1431 110 55 sunt.
501 1431 122 55 postea
587 1431 147 55 componit
697 1431 110 55 ipsum
771 1431 86 55 cum
819 1431 98 55 eis.
881 1431 73 55 et
917 1431 147 55 iudicat:
1028 1431 98 55 quod
1077 1431 73 55 iste

419 1473 90 52 res
471 1473 116 52 erunt
548 1473 90 52 vel
600 1473 155 52 fuerunt:
716 1473 116 52 sicut
793 1473 142 52 iudicat
896 1473 103 52 quod
961 1473 129 52 dyamet
1051 1473 90 52 est
1090 1473 64 52 as-

410 1520 144 54 simitri
515 1520 131 54 coste:
607 1520 79 54 et
646 1520 105 54 post
712 1520 144 54 subdit.
817 1520 79 54 et
856 1520 171 54 veritates
987 1520 79 54 et
1014 1520 131 54 falsita-

423 1562 85 51 tes
471 1562 85 51 non
520 1562 145 51 accedunt
628 1562 109 51 solum
701 1562 109 51 illis
773 1562 230 51 propositionibus
967 1562 73 51 in
1003 1562 121 51 quibus
1075 1562 73 51 pri-

418 1615 120 47 dicatum
505 1615 76 47 est
549 1615 109 47 nomen:
625 1615 76 47 sed
668 1615 98 47 exiam
734 1615 65 47 in
766 1615 109 47 quibus
842 1615 163 47 praedicatum
973 1615 76 47 est
1016 1615 120 47 verbum.
1092 1615 44 47 Ex

425 1653 101 52 istis
492 1653 169 52 auctoritate
627 1653 113 52 patet:
706 1653 90 52 quod
762 1653 90 52 sola
819 1653 124 52 notitia
909 1653 146 52 intuitiua
1010 1653 135 52 intellecti

424 1697 70 53 ua
459 1697 139 53 sufficit
564 1697 70 53 ad
599 1697 139 53 iudicium
703 1697 128 53 tamquam
796 1697 105 53 causa
866 1697 139 53 proxima:
971 1697 81 53 ita
1017 1697 93 53 quod
1064 1697 81 53 intel

421 1738 112 51 lectus
499 1738 79 51 ita
544 1738 101 51 habet
612 1738 157 51 cognoscere
735 1738 157 51 singularia
858 1738 135 51 scilicet
959 1738 112 51 tempus
1038 1738 101 51 huius
1094 1738 45 51 et

428 1784 109 52 huius:
504 1784 98 52 sicut
569 1784 119 52 sensus.
656 1784 65 52 et
689 1784 76 52 hoc
732 1784 76 52 non
776 1784 109 52 potest
852 1784 87 52 esse
906 1784 87 52 sine
960 1784 119 52 notitia
1036 1784 109 52 intuiti-

424 1832 74 54 ua
461 1832 111 54 sicut
535 1832 111 54 alias
609 1832 210 54 declarabitur:
783 1832 99 54 ergo
845 1832 62 54 â‹
869 1832 87 54 Per
919 1832 87 54 hoc
968 1832 111 54 patet
1043 1832 74 54 ad
1067 1832 87 54 omnes

433 1876 169 43 auctoritate
568 1876 90 43 quod
624 1876 101 43 tales
692 1876 146 43 veritates
804 1876 169 43 contigentes
939 1876 79 43 non
984 1876 124 43 possunt
1063 1876 79 43 sciri

433 1915 64 49 de
465 1915 97 49 istis
530 1915 172 49 semsibilibus
669 1915 86 49 nisi
723 1915 107 49 quando
798 1915 86 49 sunt
851 1915 107 49 subiec
927 1915 107 49 sensu:
1002 1915 86 49 quia
1044 1915 97 49 notitia

426 1958 162 60 intuitiua
550 1958 199 60 intellectiva
712 1958 137 60 corprum
812 1958 187 60 semsibilium
961 1958 87 60 pro
1011 1958 112 60 statu
1073 1958 75 60 isto

421 2007 56 56 n
443 2007 111 56 potest
521 2007 111 56 haberi
599 2007 89 56 sine
655 2007 123 56 notitia
744 2007 145 56 intuitiva
855 2007 134 56 sensitia
956 2007 134 56 ipsorum:
1056 2007 78 56 est
1089 2007 67 56 ideo

434 2047 149 47 sensitiva
548 2047 80 47 non
594 2047 160 47 superfluit
720 2047 126 47 quamuis
812 2047 92 47 sola
869 2047 126 47 notitia
961 2047 138 47 intuitia
1052 2047 92 47 intel-

432 2092 114 48 lecta
508 2092 177 48 sufficeret
648 2092 76 48 si
686 2092 114 48 esset
762 2092 165 48 possibile
888 2092 89 48 eam
939 2092 190 48 naturaliter
1078 2092 76 48 esse

435 2138 82 58 pro
482 2138 105 58 statu
552 2138 94 58 isto
611 2138 94 58 sine
670 2138 129 58 notitia
763 2138 152 58 intuitiva
881 2138 152 58 sesitiua:
998 2138 105 58 sicut
1068 2138 82 58 est
1103 2138 47 58 in

428 2188 130 42 agelis
519 2188 78 42 et
558 2188 117 42 anima
635 2188 169 42 separata.
765 2188 91 42 vbi
817 2188 78 42 ad
856 2188 156 42 notitiam
973 2188 169 42 euidentem
1089 2188 65 42 ta-

436 2226 90 53 lium
492 2226 146 53 veritatum
605 2226 79 53 non
650 2226 158 53 requiritur
773 2226 90 53 alia
830 2226 124 53 notitia
920 2226 146 53 intuitiva
1021 2226 124 53 sensitiva

441 2263 84 64 lic
489 2263 95 64 post
548 2263 131 64 dicetur
644 2263 60 64 â‹
668 2263 72 64 Si
704 2263 131 64 dicatur
799 2263 95 64 quod
859 2263 131 64 notitia
954 2263 155 64 intuitiva
1061 2263 84 64 intel

432 2313 147 48 lectiua
538 2313 93 48 non
592 2313 187 48 destruitur
738 2313 80 48 ad
778 2313 200 48 cessationem
938 2313 160 48 alicuius
1045 2313 93 48 actus

434 2356 135 51 sesitiui:
537 2356 62 51 et
568 2356 73 51 per
610 2356 145 51 consequens
724 2356 104 51 posset
796 2356 104 51 aliqua
869 2356 114 51 veritas
952 2356 135 51 contigens
1055 2356 83 51 esse
1097 2356 41 51 no

422 2399 78 49 ta
461 2399 169 49 euidentur
591 2399 78 49 de
630 2399 130 49 aliquo
721 2399 169 49 semsibili
851 2399 104 49 sine
916 2399 182 49 sensatione
1046 2399 104 49 illius

428 2441 175 63 sensibilis
566 2441 150 63 Solutio:
679 2441 100 63 dico
741 2441 100 63 quod
804 2441 113 63 sicut
879 2441 88 63 non
929 2441 88 63 est
967 2441 175 63 inconueniens

427 2496 84 47 ad
469 2496 154 47 aliquam
581 2496 252 47 transmutatione
791 2496 210 47 corporalem:
958 2496 112 47 puta
1014 2496 140 47 infirmi-

431 2538 116 48 tatem
508 2538 90 48 vel
560 2538 128 48 somnum
649 2538 193 48 intellectum
803 2538 141 48 cessare
906 2538 77 48 ab
945 2538 103 48 omni
1009 2538 103 48 actu
1060 2538 90 48 intel

439 2578 118 48 lectus:
525 2578 75 48 ita
568 2578 75 48 non
611 2578 75 48 est
654 2578 161 48 incoueniens
783 2578 65 48 ad
816 2578 161 48 cessationem
945 2578 97 48 actus
1009 2578 129 48 scilicet
1095 2578 65 48 sem-

430 2621 165 70 sationis
554 2621 138 70 sensus
650 2621 206 70 exterioris:
815 2621 151 70 cessare
925 2621 165 70 notitiam
1035 2621 124 70 intuiti

1238 222 97 66 uam
1294 222 236 66 intellectiuam
1488 222 166 66 eiusdem.
1613 222 69 66 â‹
1640 222 153 66 Secundo
1751 222 125 66 arguo
1820 222 153 66 principa-

1242 286 105 59 liter
1313 286 94 59 sic.
1371 286 94 59 omne
1430 286 199 59 intelligibile
1594 286 59 59 a
1617 286 94 59 solo
1676 286 164 59 intellectu
1793 286 164 59 apprehensibi

1233 332 77 43 le
1272 332 77 43 et
1310 332 115 43 nullo
1386 332 102 43 modo
1450 332 179 43 semsibile:
1591 332 115 43 cuius
1667 332 128 43 aliqua
1744 332 217 43 notitiaicomple-

1240 373 75 56 xa
1277 373 150 56 sufficit
1389 373 75 56 ad
1427 373 150 56 notitiam
1539 373 162 56 euidentem
1664 373 150 56 alicuius
1777 373 162 56 veritatis
1889 373 75 56 com-

1238 417 151 57 tigentis
1352 417 76 57 de
1390 417 88 57 eo:
1440 417 76 57 et
1478 417 126 57 aliqua
1566 417 139 57 notitia
1667 417 177 57 incomplexa
1806 417 139 57 eiusdem
1894 417 63 57 non

1237 463 163 57 sufficit
1360 463 136 57 pounat
1455 463 163 57 cognosci
1577 463 81 57 ab
1618 463 190 57 intellectu
1767 463 136 57 duabus
1848 463 109 57 cogni-

1242 513 144 46 tionibus
1350 513 120 46 specie
1435 513 181 46 distinctis.
1579 513 84 46 Sed
1627 513 181 46 affectiones
1759 513 193 46 intellectiones

1231 559 231 47 delectationes
1422 559 177 47 tristicie
1557 559 109 47 sunt
1625 559 244 47 intelligibiles
1829 559 81 47 et
1856 559 95 47 nullo

1247 598 102 51 modo
1311 598 178 51 sensibiles
1451 598 76 51 et
1489 598 127 51 aliqua
1579 598 140 51 notitia
1680 598 178 51 incomplexa
1821 598 115 51 earum
1884 598 64 51 sul

1244 638 120 54 ficit
1323 638 80 54 ad
1363 638 159 54 notitiam
1483 638 120 54 carum
1563 638 186 54 euidentem:
1709 638 120 54 vtrum
1788 638 106 54 sint
1855 638 93 54 vel
1895 638 66 54 non

1242 683 107 55 sint:
1314 683 71 55 et
1349 683 119 55 aliqua
1433 683 107 55 earum
1504 683 131 55 notitia
1600 683 83 55 non
1647 683 155 55 sufficit:
1766 683 95 55 ergo
1826 683 95 55 etc.
1874 683 83 55 minor

1245 731 87 48 patet
1303 731 106 48 quantum
1381 731 58 48 ad
1410 731 97 48 primam
1478 731 106 48 partem:
1555 731 77 48 quia
1604 731 126 48 quaelibet
1700 731 106 48 experit
1778 731 58 48 in
1807 731 58 48 se
1836 731 77 48 quod
1875 731 77 48 inted-

1240 768 122 53 ligit.
1325 768 146 53 diligit.
1435 768 183 53 delectatur.
1581 768 170 53 tristatur.
1715 768 73 53 et
1751 768 97 53 illa
1812 768 134 53 notitia
1897 768 61 53 cum

1233 816 89 54 sit
1284 816 153 54 respectu
1399 816 204 54 contigentis:
1565 816 89 54 non
1616 816 128 54 potest
1706 816 128 54 accipi
1795 816 77 54 ex
1821 816 140 54 propositi

1239 850 117 59 onibus
1321 850 187 59 necessariis:
1474 850 94 59 ergo
1532 850 129 59 oportet
1626 850 94 59 quod
1685 850 164 59 accipiatur
1813 850 82 59 vel
1860 850 59 59 a
1872 850 82 59 noti-

1232 908 92 50 tia
1285 908 185 50 incomplexa
1430 908 172 50 termiorum
1562 908 92 50 vel
1615 908 92 50 per
1668 908 158 50 terminos
1773 908 185 50 importatorum

1243 945 83 56 vel
1291 945 71 56 ab
1326 945 119 56 aliqua
1409 945 131 56 notitia
1504 945 154 56 complexa:
1623 945 178 56 contigenti:
1765 945 83 56 qui
1813 945 154 56 accipitur
1919 945 36 56 a

1234 991 149 55 notitia
1343 991 190 55 incomplexa
1492 991 190 55 terminorum
1642 991 95 55 vel
1696 991 122 55 rerum
1764 991 190 55 importatarum

1240 1036 81 54 vel
1287 1036 92 54 erit
1344 1036 150 54 processus
1459 1036 69 54 in
1494 1036 150 54 infinitum
1609 1036 69 54 in
1644 1036 127 54 talibus
1736 1036 207 54 contigentibus.
1897 1036 58 54 Ter

1234 1077 92 55 tium
1291 1077 80 55 est
1337 1077 183 55 impossibile:
1485 1077 92 55 quia
1543 1077 80 55 est
1588 1077 92 55 dare
1646 1077 114 55 statum
1726 1077 69 55 in
1760 1077 137 55 talibus.
1863 1077 69 55 Si
1886 1077 80 55 detur

1239 1122 139 58 secundum
1344 1122 81 58 vel
1390 1122 93 58 ergo
1448 1122 93 58 illa
1506 1122 151 58 contigens
1622 1122 127 58 habebit
1715 1122 127 58 aliquem
1807 1122 139 58 terminum
1900 1122 58 58 qua

1237 1166 135 58 potest
1332 1166 135 58 accipi
1427 1166 81 58 ab
1468 1166 135 58 aliquo
1562 1166 176 58 semsibili
1698 1166 95 58 vel
1752 1166 149 58 nullum.
1847 1166 108 58 Primum

1245 1215 83 49 non
1293 1215 119 49 potest
1376 1215 107 49 dari:
1447 1215 95 49 quia
1507 1215 107 49 nulla
1578 1215 83 49 est
1625 1215 166 49 propositio
1756 1215 71 49 de
1792 1215 119 49 aliquo
1863 1215 95 49 sensi-

1233 1254 95 59 bili
1293 1254 71 59 ex
1328 1254 83 59 qua
1376 1254 143 59 sequitur
1483 1254 166 59 necessario
1613 1254 202 59 delectationem
1780 1254 95 59 esse
1839 1254 71 59 in
1863 1254 95 59 volun-

1247 1308 102 53 tate:
1315 1308 79 53 sic
1360 1308 102 53 alibi
1428 1308 136 53 patebit:
1529 1308 68 53 et
1563 1308 79 53 per
1608 1308 158 53 consequens
1733 1308 102 53 nulla
1800 1308 79 53 est
1846 1308 102 53 talis
1902 1308 68 53 pro-

1235 1348 140 50 positio
1337 1348 165 50 contigens
1464 1348 140 50 virtute
1566 1348 114 50 cuius
1642 1348 127 50 potest
1731 1348 165 50 euidenter
1846 1348 127 50 cognosci

1235 1392 104 55 quod
1300 1392 104 55 ille
1365 1392 155 55 diligit.
1481 1392 78 55 Si
1520 1392 117 55 detur
1598 1392 155 55 secundum
1714 1392 142 55 habetur
1805 1392 155 55 propositum

1247 1435 107 51 quod
1314 1435 107 51 sola
1380 1435 147 51 notitia
1487 1435 187 51 incomplexa
1635 1435 174 51 termiorum
1768 1435 107 51 mere
1822 1435 147 51 intelligi

1239 1474 136 55 bilium:
1338 1474 149 55 sufficit
1449 1474 74 55 ad
1487 1474 149 55 notitiam
1598 1474 161 55 euidentem
1722 1474 112 55 talis
1796 1474 161 55 veritatis
1908 1474 62 55 con

1232 1520 186 51 tingentis.
1378 1520 80 51 Si
1418 1520 120 51 detur
1498 1520 133 51 primum
1591 1520 146 51 habetur
1697 1520 199 51 propositum.
1843 1520 120 51 Secunda

1246 1566 88 52 pars
1301 1566 110 52 istius
1378 1566 121 52 minoris
1467 1566 110 52 patet:
1544 1566 88 52 quia
1599 1566 77 52 non
1643 1566 77 52 est
1687 1566 165 52 incoueniens
1820 1566 88 52 quod
1864 1566 99 52 aliquis

1242 1614 78 47 de
1281 1614 131 47 aliquo
1373 1614 222 47 intelligibili
1556 1614 157 47 ignoret:
1673 1614 118 47 vtrum
1752 1614 92 47 sit
1804 1614 92 47 vel
1856 1614 92 47 non
1896 1614 65 47 sit

1240 1654 69 52 et
1274 1654 103 52 tamen
1343 1654 115 52 habeat
1423 1654 138 52 notitiam
1527 1654 172 52 incomplexam
1664 1654 69 52 de
1699 1654 103 52 isto.
1768 1654 80 52 non
1814 1654 92 52 plus
1871 1654 92 52 quam
1917 1654 46 52 de

1232 1699 132 52 aliquo
1324 1699 185 52 sensibili.
1469 1699 106 52 Unde
1535 1699 79 52 si
1575 1699 198 52 intellectus
1734 1699 119 52 primo
1813 1699 145 52 videret
1905 1699 53 52 de

1241 1739 193 52 lectationem
1395 1739 167 52 alterius:
1524 1739 77 52 et
1562 1739 90 52 ita
1613 1739 128 52 certus
1703 1739 116 52 esset
1780 1739 77 52 de
1806 1739 154 52 delectatio

1237 1786 71 48 ne
1273 1786 154 48 alterius:
1391 1786 107 48 sicut
1462 1786 71 48 de
1498 1786 190 48 delectatione
1652 1786 142 48 propria:
1759 1786 83 48 non
1806 1786 107 48 esset
1865 1786 95 48 dubium

1247 1828 103 55 quin
1312 1828 103 55 post
1376 1828 219 55 delectationem
1557 1828 142 55 eandem:
1660 1828 142 55 haberet
1763 1828 155 55 notitiam
1880 1828 77 55 de
1905 1828 52 55 ea

1228 1870 69 49 et
1263 1870 104 49 tamen
1332 1870 150 49 dubitaret
1448 1870 104 49 ipsam
1517 1870 92 49 esse
1575 1870 127 49 quamuis
1667 1870 104 49 esset
1736 1870 104 49 sicut
1805 1870 81 49 est
1852 1870 69 49 de
1875 1870 92 49 aliquo

1236 1906 158 61 sensibili
1358 1906 110 61 primo
1431 1906 97 61 viso
1491 1906 73 61 et
1528 1906 97 61 post
1589 1906 183 61 intellecto.
1735 1906 61 61 â‹
1759 1906 97 61 Ista
1820 1906 110 61 ratio
1881 1906 73 61 pro-

1238 1958 93 55 bat
1291 1958 107 55 quod
1358 1958 200 55 intellectui
1517 1958 93 55 est
1571 1958 186 55 possibilis
1717 1958 133 55 duplex
1810 1958 147 55 notitia
1904 1958 53 55 re

1237 2005 195 50 spectumere
1391 2005 265 50 intelligibilis.
1614 2005 126 50 Prima
1698 2005 126 50 autem
1782 2005 126 50 ratio
1851 2005 112 50 probat

1248 2055 96 48 quod
1308 2055 72 48 de
1344 2055 108 48 facto
1416 2055 72 48 in
1452 2055 108 48 statu
1524 2055 96 48 isto
1584 2055 180 48 intellectus
1727 2055 108 48 habet
1799 2055 108 48 istas
1859 2055 108 48 notiti-

1245 2093 74 51 as
1282 2093 148 51 respectu
1393 2093 198 51 sensibilium.
1553 2093 99 51 Ista
1615 2093 136 51 secunda
1714 2093 111 51 ratio
1788 2093 124 51 posset
1862 2093 99 51 confir

1244 2138 102 49 mari
1308 2138 89 49 per
1359 2138 127 49 beatum
1447 2138 102 49 Aug.
1511 2138 114 49 xiii.
1587 2138 76 49 de
1625 2138 127 49 trini.
1714 2138 76 49 c.
1752 2138 76 49 i.
1790 2138 89 49 vbi
1841 2138 114 49 dicit
1904 2138 51 49 fi

1233 2185 90 45 dem
1285 2185 116 45 porro
1362 2185 116 45 ipsam
1439 2185 103 45 quam
1504 2185 116 45 videt
1581 2185 193 45 vnusquisque
1735 2185 77 45 in
1774 2185 116 45 corde
1851 2185 90 45 suo
1890 2185 77 45 esse

1239 2222 72 56 si
1275 2222 120 56 credit
1359 2222 84 56 vel
1407 2222 84 56 non
1455 2222 96 56 esse
1515 2222 72 56 si
1551 2222 84 56 non
1599 2222 120 56 credit
1684 2222 120 56 aliter
1768 2222 144 56 nouimus:
1876 2222 84 56 non
1912 2222 48 56 si

1242 2274 87 49 cut
1291 2274 137 49 corpora
1391 2274 100 49 quae
1454 2274 137 49 videmus
1554 2274 125 49 oculis
1641 2274 175 49 corporeis:
1779 2274 75 49 et
1816 2274 87 49 per
1854 2274 112 49 ipsorum

1242 2321 181 50 ymagines
1378 2321 121 50 quas
1453 2321 166 50 memoria
1574 2321 166 50 tenemus
1695 2321 91 50 et
1740 2321 91 50 in
1786 2321 166 50 absetia
1891 2321 76 50 co-

1240 2360 136 54 gitamus:
1342 2360 79 54 sed
1387 2360 79 54 sic
1433 2360 68 54 ea
1467 2360 91 54 quae
1524 2360 79 54 non
1569 2360 136 54 videmus.
1671 2360 68 54 Ex
1705 2360 91 54 ista
1762 2360 159 54 auctoritas
1876 2360 79 54 patet

1248 2402 93 52 quod
1307 2402 93 52 ipsa
1365 2402 105 52 fides
1435 2402 82 52 qui
1482 2402 70 52 ad
1517 2402 117 52 nullum
1598 2402 117 52 sensum
1680 2402 140 52 pertinet
1785 2402 152 52 corporis:
1890 2402 82 52 sicut

1232 2445 173 58 declarat.
1365 2445 93 58 ii.
1418 2445 80 58 c.
1458 2445 133 58 potest
1551 2445 159 58 cognosci
1670 2445 93 58 vna
1723 2445 146 58 notitia
1817 2445 159 58 quaesuffi-

1247 2490 99 49 ciens
1313 2490 77 49 est
1357 2490 175 49 adiudicandum
1499 2490 88 49 ante
1554 2490 77 49 sit
1598 2490 77 49 vel
1641 2490 77 49 non
1685 2490 88 49 sit:
1740 2490 66 49 et
1773 2490 88 49 alia
1828 2490 88 49 quae
1882 2490 77 49 non
1915 2490 55 49 est

1242 2536 188 47 sufficiens.
1393 2536 100 47 ergo
1456 2536 88 47 due
1506 2536 138 47 notitie
1607 2536 176 47 incomplexe
1745 2536 126 47 specie
1820 2536 138 47 distincte

1229 2581 104 52 sunt
1294 2581 78 52 de
1333 2581 78 52 ea
1372 2581 182 52 possibiles
1515 2581 65 52 â‹
1541 2581 104 52 Dico
1606 2581 104 52 ergo
1671 2581 143 52 quantum
1775 2581 78 52 ad
1814 2581 117 52 illum
1879 2581 78 52 arti

1233 2633 119 59 culum:
1317 2633 95 59 quod
1376 2633 167 59 incomplexi
1508 2633 84 59 est
1555 2633 119 59 duplex
1639 2633 143 59 notitia.
1746 2633 119 59 quarum
1830 2633 84 59 vna
1866 2633 95 59 potest
