2302 3079
318 224 104 71 vel
377 224 118 71 quod
451 224 207 71 intenditur
614 224 74 71 a
644 224 104 71 deo
703 224 74 71 a
732 224 104 71 non
792 224 133 71 habet
880 224 133 71 talis
954 224 89 71 amor

324 292 146 45 causam
427 292 160 45 finalem
543 292 175 45 intentam
674 292 88 45 et
718 292 219 45 prestitutam
893 292 73 45 a
908 292 131 45 volunta

321 336 78 51 te
360 336 91 51 non
412 336 104 51 plus
477 336 104 51 quam
542 336 130 51 quando
633 336 130 51 diligo
723 336 143 51 hominem
827 336 156 51 absolute
944 336 91 51 non
983 336 65 51 pro

325 376 121 44 pter
400 376 151 44 aliud:
506 376 105 44 nec
566 376 166 44 intendo
686 376 151 44 aliud.
792 376 105 44 non
852 376 166 44 videtur
958 376 90 44 esse

311 420 95 54 hic
366 420 123 54 causa
448 420 150 54 finalis
557 420 109 54 nisi
625 420 123 54 deus.
706 420 109 54 Unde
775 420 150 54 oportet
870 420 177 54 generaliter

319 467 87 46 ad
362 467 101 46 hoc
420 467 115 46 quod
492 467 130 46 finis
578 467 144 46 habeat
679 467 231 46 causalitatem
867 467 130 46 cause
939 467 101 46 fina-

307 501 95 59 lis
362 501 95 59 eum
416 501 204 59 precognosci
579 501 82 59 et
620 501 122 59 prius
702 501 136 59 amari.
797 501 82 59 Et
838 501 136 59 quando
920 501 122 59 secundo

309 561 195 48 cognoscitur
465 561 143 48 secundo
569 561 143 48 amatur:
673 561 91 48 ita
725 561 104 48 quod
790 561 143 48 propter
894 561 117 48 illud
959 561 91 48 agens

308 597 118 49 agat:
386 597 105 49 tunc
452 597 105 49 idem
517 597 131 49 potest
609 597 105 49 esse
674 597 118 49 finis
752 597 131 49 illius
844 597 131 49 amoris
935 597 78 49 et
962 597 78 49 effe

314 643 109 44 ctus
383 643 164 44 alterius
505 643 177 44 predicti.
642 643 109 44 vnde
710 643 150 44 oportet
819 643 109 44 quod
887 643 123 44 finis
955 643 82 44 pre-

306 690 201 52 cognoscatur
467 690 81 52 et
507 690 175 52 diligatur
641 690 148 52 anteque
749 690 134 52 habeat
843 690 161 52 rationem
950 690 94 52 cause

314 728 159 47 finalis
429 728 173 47 respectu
559 728 173 47 alicuius
689 728 188 47 effectus.
834 728 87 47 et
877 728 101 47 hoc
935 728 101 47 vel
978 728 58 47 ab

304 778 152 48 agente
410 778 197 48 superiori
562 778 212 48 dirigente:
729 778 197 48 cuiusmodi
880 778 106 48 est
926 778 106 48 deus.

308 821 81 52 Et
349 821 95 52 hoc
403 821 108 52 modo
471 821 122 52 finis
552 821 216 52 generationis
727 821 122 52 ignis
808 821 81 52 et
849 821 149 52 aliarum
943 821 95 52 actio

304 863 105 51 num
364 863 209 51 naturalium
528 863 239 51 cognoscuntur
723 863 90 51 et
768 863 209 51 diliguntur
932 863 105 51 non
977 863 60 51 ab

305 908 130 45 igne:
391 908 101 45 sed
449 908 72 45 a
478 908 115 45 deo.
550 908 101 45 Uel
607 908 202 45 diliguntur
766 908 87 45 et
809 908 231 45 cognoscuntur
982 908 58 45 ab

304 952 150 52 agente
409 952 105 52 ali
469 952 105 52 quo
528 952 150 52 creato
633 952 269 52 intelligibili:
858 952 120 52 quod
917 952 120 52 vtitur

314 995 136 52 agente
409 995 163 52 naturali
531 995 81 52 et
572 995 149 52 actione
681 995 108 52 eius
748 995 81 52 ad
789 995 163 52 aliquid:
911 995 95 52 vel
952 995 81 52 quod

303 1039 266 49 precognoscitur
525 1039 89 49 et
569 1039 192 49 diligitur
717 1039 89 49 ab
761 1039 148 49 agente
850 1039 177 49 secundario

300 1084 209 49 producente
465 1084 194 49 effectum.
614 1084 90 49 Et
659 1084 135 49 prima
749 1084 180 49 cognitio
883 1084 150 49 finis:
973 1084 60 49 et

312 1131 157 49 orimus
422 1131 126 49 amor
501 1131 173 49 agentis
626 1131 173 49 creati:
752 1131 110 49 non
814 1131 157 49 habent
908 1131 126 49 causam

315 1169 138 46 finalem
416 1169 201 46 praestitutam
580 1169 76 46 ab
618 1169 88 46 eo:
668 1169 88 46 sed
718 1169 126 46 tantum
806 1169 63 46 a
832 1169 88 46 deo
882 1169 113 46 prius
945 1169 88 46 agen-

310 1210 75 51 te
347 1210 75 51 et
384 1210 175 51 diligente.
522 1210 62 51 â‹
547 1210 75 51 Si
584 1210 112 51 dicas
659 1210 100 51 quod
721 1210 75 51 ex
759 1210 87 51 hoc
809 1210 150 51 sequitur
921 1210 100 51 quod
971 1210 50 51 no

303 1260 142 54 omnis
398 1260 189 54 effectus
540 1260 142 54 habet
634 1260 158 54 causam
744 1260 189 54 finalem:
886 1260 126 54 quia
949 1260 79 54 pri

296 1312 97 45 ma
344 1312 194 45 cognitio
490 1312 97 45 et
539 1312 162 45 primus
652 1312 130 45 amor
733 1312 130 45 sunt
814 1312 211 45 effectus:
960 1312 65 45 et

293 1348 115 48 non
358 1348 264 48 habentcausam
573 1348 115 48 per
639 1348 115 48 te.
704 1348 82 48 â‹
737 1348 231 48 Respondeo.
902 1348 132 48 habent

301 1391 138 52 causam
398 1391 152 52 finalem
508 1391 166 52 intentam
633 1391 69 52 a
660 1391 110 52 deo:
729 1391 97 52 sed
784 1391 97 52 non
840 1391 83 52 ab
881 1391 138 52 agente
964 1391 69 52 cre

300 1436 81 52 ato
347 1436 173 52 prestitutam
485 1436 69 52 et
520 1436 92 52 tota
578 1436 104 52 causa
647 1436 92 52 est:
705 1436 92 52 quia
762 1436 139 52 voluntas
866 1436 127 52 numquam
947 1436 81 52 prae-

296 1478 148 48 stituit
403 1478 161 48 aliquid:
524 1478 94 48 nec
578 1478 161 48 acceptat
698 1478 148 48 tanquam
806 1478 121 48 finem
886 1478 107 48 nisi
940 1478 94 48 prius

297 1526 172 56 cognoscat
429 1526 119 56 illud
509 1526 79 56 et
548 1526 159 56 diligat.
668 1526 79 56 Et
707 1526 79 56 si
747 1526 146 56 quaeras
853 1526 132 56 causam
932 1526 93 56 huius

300 1571 82 55 non
347 1571 82 55 est
394 1571 94 55 alia
452 1571 105 55 causa
523 1571 94 55 nisi
581 1571 117 55 natura
663 1571 82 55 rei
710 1571 94 55 haec
768 1571 117 55 exigit
850 1571 94 55 siue
897 1571 129 55 experitur

304 1615 75 43 in
341 1615 87 43 se.
391 1615 62 43 â‹
415 1615 75 43 Si
453 1615 112 43 dicas
527 1615 99 43 quod
589 1615 75 43 ex
627 1615 87 43 hoc
677 1615 149 43 sequitur
788 1615 99 43 quod
851 1615 162 43 effectus:
962 1615 75 43 inte

303 1664 105 47 rior
369 1664 105 47 puta
435 1664 105 47 amor
501 1664 92 47 non
553 1664 119 47 habet
632 1664 132 47 causam
725 1664 145 47 finalem
830 1664 105 47 modo
896 1664 119 47 dicto
962 1664 66 47 nec

301 1710 179 45 cognitio.
439 1710 69 45 â‹
466 1710 192 45 Respondeo.
617 1710 124 45 verum
699 1710 96 45 est
754 1710 82 45 de
796 1710 124 45 prima
864 1710 165 45 cognitione

298 1745 64 52 et
330 1745 140 52 volitione
438 1745 161 52 cuiuscumque
567 1745 86 52 rei:
620 1745 75 52 sed
663 1745 118 52 secunda
749 1745 107 52 potest
824 1745 86 52 bene
878 1745 107 52 habere
942 1745 86 52 causam

295 1788 151 47 finalem
405 1788 83 47 ab
447 1788 138 47 agente
543 1788 138 47 creato
639 1788 220 47 prestitutam.
818 1788 179 47 Exemplum.
942 1788 83 47 ego-

296 1832 131 52 diligo
387 1832 104 52 deum
453 1832 144 52 propter
557 1832 91 52 se:
609 1832 78 52 et
648 1832 131 52 diligo
740 1832 144 52 propter
844 1832 104 52 deum
896 1832 131 52 proximum

295 1882 85 44 ita
344 1882 98 44 quod
405 1882 85 44 non
453 1882 159 44 diligerem
575 1882 146 44 proximum
685 1882 98 44 nisi
746 1882 159 44 diligerem
868 1882 110 44 deum:
942 1882 73 44 et
966 1882 61 44 di-

301 1921 120 46 lectio
385 1921 84 46 dei
433 1921 84 46 est
481 1921 108 46 causa
552 1921 180 46 dilectionis
696 1921 144 46 proximi.
804 1921 72 46 et
840 1921 84 46 hoc
887 1921 132 46 proximi
971 1921 60 46 di-

304 1967 122 50 lectio
389 1967 110 50 habet
462 1967 97 50 deum
523 1967 85 50 pro
572 1967 110 50 causa
645 1967 122 50 finali
730 1967 183 50 praestituta
876 1967 61 50 a
888 1967 134 50 voluntate

305 2011 108 56 mea:
372 2011 108 56 quia
440 2011 108 56 illa
507 2011 95 56 est
561 2011 68 56 a
588 2011 81 56 me
629 2011 189 56 precognita
777 2011 81 56 et
818 2011 203 56 predilecta:
966 2011 54 56 et

296 2054 89 50 est
347 2054 114 50 illud
423 2054 140 50 propter
525 2054 102 50 quod
589 2054 127 50 diligo
678 2054 165 50 proximum:
805 2054 165 50 similiter
932 2054 102 50 homo
983 2054 51 50 di

293 2096 124 50 ligit
376 2096 166 50 nutricem
500 2096 97 50 vna
556 2096 207 50 dilectione:
721 2096 110 50 post
790 2096 138 50 puerum
887 2096 110 50 alia
942 2096 83 50 dile

304 2141 122 47 ctione
389 2141 110 47 solum
462 2141 134 47 propter
559 2141 158 47 nutricem:
681 2141 85 47 ita
730 2141 97 47 quod
791 2141 110 47 prima
864 2141 146 47 dilectio
961 2141 61 47 est

294 2188 94 52 caum
353 2188 141 52 secunde:
459 2188 106 52 certe
529 2188 82 52 hoc
576 2188 106 52 causa
647 2188 129 52 finalis
740 2188 141 52 secundem
846 2188 176 52 dilectionis
975 2188 59 52 est

294 2232 139 54 nutrix:
395 2232 101 54 quia
458 2232 88 54 est
509 2232 176 54 precognita
647 2232 76 54 et
685 2232 164 54 priamata:
811 2232 88 54 ita
861 2232 101 54 quod
912 2232 113 54 propter

296 2273 90 50 eam
348 2273 116 50 alius
425 2273 155 50 effectus
541 2273 103 50 puta
606 2273 103 50 amor
670 2273 155 50 secundus
786 2273 193 50 producitur:
941 2273 77 50 et
967 2273 64 50 hoc

289 2316 126 56 sit
361 2316 180 56 dictum
487 2316 108 56 de
541 2316 270 56 quaestione.
758 2316 216 56 Questio.
902 2316 126 56 iiii.

395 2369 150 102 â‹
455 2369 240 102 Trum
605 2369 240 102 deus
754 2369 210 102 sit
844 2369 180 102 pri-

468 2453 83 54 ma
510 2453 125 54 causa
593 2453 83 54 et
634 2453 180 54 immediata
773 2453 152 54 omnium.
884 2453 111 54 Quod
939 2453 83 54 non:

463 2497 98 62 qui
519 2497 84 62 ab
561 2497 98 62 vno
617 2497 98 62 non
673 2497 168 62 procedit
800 2497 112 62 nisi
870 2497 126 62 vnum.
940 2497 84 62 Quod

297 2546 92 59 non
349 2546 92 59 sit
402 2546 170 59 immediata
532 2546 131 59 causa.
624 2546 157 59 probatur
741 2546 105 59 quia
807 2546 105 59 tunc
872 2546 118 59 omnis
938 2546 78 59 effe

291 2587 99 55 ctus
353 2587 124 55 potest
439 2587 186 55 demonstrari
588 2587 87 55 per
637 2587 87 55 eum
687 2587 136 55 tanquam
786 2587 87 55 per
835 2587 124 55 causam
910 2587 111 55 immedia

289 2634 120 62 tam:
364 2634 90 62 et
409 2634 105 62 sic
469 2634 135 62 omnia
559 2634 135 62 media
649 2634 270 62 superfluerent.
873 2634 120 62 Item
933 2634 105 62 multa

1135 219 101 92 non
1192 219 158 92 possunt
1307 219 129 92 fieri
1393 219 115 92 sine
1465 219 201 92 subiectis:
1623 219 129 92 sicut
1709 219 101 92 est
1766 219 86 92 de
1795 219 72 92 re-

1136 291 160 69 latione:
1256 291 93 69 sed
1309 291 160 69 creatura
1429 291 93 69 fit
1483 291 107 69 sine
1550 291 174 69 subiecto.
1683 291 107 69 ergo
1750 291 107 69 etc.
1803 291 67 69 Qp-

1126 340 199 60 positum.
1276 340 133 60 deus
1358 340 199 60 continet
1508 340 265 60 causalitatem
1706 340 166 60 cuiusli-

1123 384 168 56 bet
1219 384 216 56 cause
1363 384 288 56 secunde.
1578 384 288 56 Questio.
1770 384 96 56 v.

1284 436 241 100 Trum
1434 436 241 100 deus
1585 436 211 100 sit
1675 436 181 100 ages

1310 525 171 48 naturale:
1441 525 92 48 vel
1494 525 158 48 liberum.
1612 525 105 48 Quod
1678 525 92 48 sit
1731 525 118 48 agens
1796 525 53 48 na

1317 569 133 56 urale.
1410 569 173 56 Probatur:
1542 569 106 56 quia
1609 569 212 56 intelligendo
1781 569 80 56 se
1808 569 53 56 in

1127 613 152 48 telligit
1241 613 114 48 omnia
1318 613 89 48 ita
1368 613 140 48 volendo
1470 613 76 48 se
1508 613 101 48 vult
1571 613 127 48 omnia.
1660 613 89 48 sed
1698 613 165 48 naturaliter

1141 652 162 52 intelligit
1269 652 70 52 se
1304 652 70 52 et
1339 652 93 52 vult
1397 652 81 52 se.
1443 652 116 52 igitur
1524 652 93 52 etc.
1582 652 58 52 â‹
1605 652 104 52 Istem
1675 652 93 52 idem
1733 652 104 52 actus
1791 652 58 52 non

1137 701 126 56 potest
1226 701 101 56 esse
1289 701 189 56 necessarius
1440 701 76 56 et
1478 701 126 56 liber.
1566 701 88 56 sed
1616 701 151 56 respectu
1730 701 88 56 sui
1768 701 88 56 habet

1136 744 99 49 actum
1202 744 154 49 voluntatis
1323 744 176 49 neccessarum.
1466 744 88 49 ergo
1520 744 77 49 non
1564 744 110 49 potest
1641 744 88 49 esse
1696 744 154 49 contingens
1806 744 44 49 re

1136 785 127 65 spectu
1225 785 166 65 creature:
1353 785 89 65 cum
1404 785 102 65 idem
1467 785 89 65 sit
1518 785 140 65 omnino.
1620 785 64 65 â‹
1646 785 89 65 Ite
1697 785 140 65 queliet
1786 785 89 65 perfe

1138 832 99 43 ctio
1199 832 186 43 simplicitur
1348 832 111 43 secum
1422 832 173 43 compatitur
1558 832 111 43 aliam
1632 832 198 43 perfectionem
1781 832 74 43 sim-

1135 873 154 55 plicitur.
1254 873 83 55 sed
1301 873 118 55 creare
1384 873 83 55 est
1431 873 154 55 perfectio
1550 873 178 55 simplicitur
1692 873 71 55 eo
1728 873 95 55 quod
1775 873 71 55 soli

1138 922 80 46 deo
1183 922 149 46 conuenit.
1298 922 92 46 ergo
1356 922 126 46 creatio
1447 922 172 46 neccessario
1585 922 80 46 est
1631 922 92 46 etc.
1688 922 57 46 â‹
1711 922 115 46 Contra
1780 922 69 46 deus

1114 961 117 53 potest
1196 961 105 53 multa
1266 961 117 53 facere
1348 961 93 53 quae
1406 961 82 53 non
1453 961 117 53 facit.
1535 961 93 53 ergo
1593 961 128 53 libere.
1687 961 58 53 â‹
1710 961 128 53 Dicitur
1803 961 70 53 ad

1121 1009 135 51 secundam
1222 1009 180 51 quaestionem:
1368 1009 90 51 quod
1424 1009 90 51 deus
1480 1009 79 51 est
1525 1009 101 51 agens
1592 1009 135 51 liberum.
1693 1009 90 51 quod
1738 1009 112 51 probatur

1121 1053 79 64 qui
1166 1053 102 64 totum
1234 1053 158 64 vniuersale
1358 1053 102 64 habet
1425 1053 124 64 aliquem
1516 1053 113 64 finem.
1595 1053 90 64 ergo
1651 1053 90 64 quia
1707 1053 113 64 quando
1775 1053 79 64 agens

1126 1094 83 54 non
1173 1094 165 54 praestitit
1303 1094 94 54 sibi
1362 1094 106 54 finem
1433 1094 153 54 dirigitur
1551 1094 59 54 a
1575 1094 153 54 superiori
1693 1094 130 54 agente.
1787 1094 83 54 sed

1120 1144 93 62 deus
1179 1144 82 62 non
1225 1144 163 62 dirigitur.
1353 1144 93 62 ergo
1412 1144 117 62 libere
1493 1144 152 62 pastituit
1610 1144 93 62 sibi
1668 1144 117 62 finem.
1750 1144 58 62 â‹
1761 1144 82 62 Istem

1126 1183 142 54 agens
1221 1183 190 54 naturale
1363 1183 253 54 determinatur
1569 1183 95 54 ad
1616 1183 142 54 vnum.
1711 1183 126 54 deus
1774 1183 79 54 aut

1123 1227 118 57 potest
1206 1227 71 57 in
1242 1227 118 57 plura.
1324 1227 95 57 ergo
1384 1227 83 57 etc
1431 1227 59 57 â‹
1454 1227 95 57 Iste
1514 1227 142 57 effectus
1620 1227 178 57 praexistunt
1762 1227 71 57 in
1786 1227 59 57 deo

1116 1274 267 55 intellectualiter.
1346 1274 102 55 ergo
1409 1274 102 55 agit
1473 1274 89 55 per
1524 1274 191 55 intellectum
1677 1274 76 55 et
1702 1274 153 55 voluntatem

1121 1321 107 48 ergo
1188 1321 147 48 libere.
1295 1321 67 48 â‹
1321 1321 107 48 Iste
1388 1321 120 48 actio
1468 1321 94 48 dei
1522 1321 94 48 est
1575 1321 174 48 immanens.
1709 1321 94 48 sed
1749 1321 94 48 actio

1124 1359 145 62 imanens
1229 1359 92 62 non
1282 1359 92 62 est
1335 1359 106 62 nisi
1401 1359 198 62 intellectus
1560 1359 79 62 et
1599 1359 198 62 voluntatis.
1758 1359 66 62 â‹
1771 1359 79 62 Con-

1113 1407 102 56 tra.
1177 1407 153 56 quaestio
1292 1407 89 56 non
1343 1407 140 56 quaerit
1445 1407 115 56 vtrum
1521 1407 102 56 deus
1585 1407 102 56 agat
1649 1407 89 56 per
1687 1407 166 56 intellectum

1126 1450 70 44 et
1161 1450 176 44 voluntatem.
1302 1450 82 44 sed
1349 1450 105 44 vtrum
1419 1450 129 44 libere.
1513 1450 82 44 sed
1559 1450 82 44 hoc
1606 1450 82 44 non
1653 1450 82 44 est
1700 1450 94 44 idem
1747 1450 105 44 quaere-

1109 1497 118 52 re.
1177 1497 118 52 Nam
1244 1497 118 52 per
1311 1497 168 52 eundem
1429 1497 202 52 doctorem
1581 1497 202 52 voluntas
1715 1497 135 52 diuina

1119 1536 71 62 et
1155 1536 118 62 nostra
1237 1536 95 62 vult
1296 1536 177 62 naturaliter
1438 1536 106 62 deum:
1509 1536 71 62 et
1545 1536 154 62 similiter
1663 1536 118 62 quando
1734 1536 106 62 aliquid

1113 1580 199 56 iudicatur
1266 1580 92 56 ab
1312 1580 214 56 intellectu
1480 1580 184 56 voluntas
1618 1580 122 56 vult
1694 1580 138 56 illud
1771 1580 76 56 nec

1120 1625 162 51 cessario.
1244 1625 100 51 ergo
1307 1625 87 51 non
1357 1625 87 51 est
1406 1625 100 51 idem
1469 1625 150 51 quaerere
1581 1625 100 51 vnum
1643 1625 75 51 et
1681 1625 112 51 aliud
1756 1625 62 51 â‹
1768 1625 75 51 Item

1116 1674 177 55 philosophus
1258 1674 106 55 tenet
1328 1674 94 55 quod
1387 1674 141 55 producit
1493 1674 83 55 per
1541 1674 177 55 intellectum
1682 1674 71 55 et
1706 1674 141 55 voluntatem

1123 1719 68 57 et
1157 1719 102 57 tamen
1224 1719 170 57 neccessario
1360 1719 68 57 et
1394 1719 79 57 non
1439 1719 124 57 libere.
1530 1719 57 57 â‹
1552 1719 68 57 Ad
1586 1719 147 57 rationes.
1699 1719 68 57 ad
1733 1719 113 57 primam
1801 1719 34 57 d

1121 1758 78 50 co
1160 1758 104 50 quod
1225 1758 78 50 in
1264 1758 169 50 argumento
1393 1758 91 50 est
1445 1758 156 50 fallacia
1562 1758 220 50 consequentis.
1730 1758 104 50 praest

1110 1803 83 58 tuit
1162 1803 83 58 sibi
1214 1803 104 58 sinem.
1286 1803 83 58 ergo
1339 1803 62 58 et
1370 1803 114 58 libere:
1453 1803 83 58 quia
1505 1803 104 58 potest
1578 1803 166 58 praestituere
1703 1803 135 58 neccessario

1111 1847 73 48 â‹
1141 1847 87 48 Ad
1184 1847 174 48 secundum
1315 1847 116 48 dico
1387 1847 116 48 quod
1460 1847 87 48 in
1503 1847 131 48 nobis
1590 1847 145 48 natura
1692 1847 102 48 non
1735 1847 102 48 magis

1112 1890 215 59 determinatur
1286 1890 81 59 ad
1327 1890 121 59 vnum:
1408 1890 108 59 quam
1475 1890 175 59 voluntas:
1609 1890 108 59 immo
1677 1890 135 59 minus.
1757 1890 81 59 quia

1111 1930 151 57 natura
1216 1930 105 57 per
1277 1930 121 57 idem
1352 1930 211 57 principium
1518 1930 151 57 omnino
1608 1930 241 57 indeterminatum

1121 1977 164 54 producit
1244 1977 136 54 plura.
1340 1977 164 54 voluntas
1462 1977 95 54 ant
1517 1977 191 54 frequentur
1667 1977 95 54 non
1721 1977 109 54 agit
1776 1977 68 54 di-

1116 2030 146 51 uersa:
1218 2030 116 51 nisi
1291 2030 102 51 per
1349 2030 175 51 diuersas
1480 2030 218 51 volitiones:
1655 2030 102 51 per
1713 2030 116 51 quas
1771 2030 73 51 de-

1115 2066 181 49 terminatur
1257 2066 142 49 maxime:
1361 2066 91 49 cum
1413 2066 142 49 volitio
1516 2066 91 49 sit
1568 2066 91 49 ita
1620 2066 104 49 bene
1685 2066 117 49 causa
1749 2066 91 49 effe-

1111 2110 123 53 ctus:
1193 2110 123 53 sicut
1275 2110 178 53 voluntas.
1412 2110 68 53 â‹
1439 2110 82 53 Ad
1480 2110 164 53 tertium.
1603 2110 96 53 est
1658 2110 96 53 ibi
1698 2110 137 53 fallacia

1102 2159 287 59 consequentis.
1338 2159 135 59 Agit
1422 2159 118 59 per
1490 2159 253 59 voluntatem.
1692 2159 135 59 ergo
1760 2159 84 59 li-

1110 2194 134 64 bere.
1200 2194 179 64 voluntas
1334 2194 105 64 est
1394 2194 224 64 principium.
1573 2194 120 64 ergo
1648 2194 179 64 liberum:
1767 2194 75 64 si-

1116 2244 94 61 cut
1169 2244 134 61 patet.
1263 2244 67 61 â‹
1290 2244 81 61 Ad
1331 2244 134 61 aliud.
1425 2244 94 61 aut
1479 2244 148 61 accipit
1586 2244 161 61 actionem
1707 2244 94 61 pro
1747 2244 81 61 prin

1114 2292 125 54 cipio
1198 2292 181 54 elicitiuo
1337 2292 181 54 actionis.
1477 2292 98 54 aut
1532 2292 98 54 pro
1588 2292 181 54 respectu.
1727 2292 98 54 aut
1769 2292 70 54 pro

1101 2332 162 49 effectu
1219 2332 251 49 productionis.
1426 2332 89 49 Si
1470 2332 133 49 prio.
1559 2332 103 49 ita
1618 2332 118 49 bene
1691 2332 133 49 actio
1765 2332 74 49 est

1107 2377 174 52 creature
1238 2377 102 52 non
1296 2377 262 52 intellectualis
1514 2377 189 52 immanens:
1660 2377 131 52 sicut
1732 2377 102 52 actio

1112 2419 93 63 dei
1165 2419 198 63 intellectus
1323 2419 93 63 aut
1376 2419 198 63 voluntatis.
1535 2419 106 63 quia
1601 2419 93 63 ita
1654 2419 106 63 bene
1720 2419 93 63 est
1760 2419 79 63 prin

1108 2469 139 57 cipium
1206 2469 195 57 elicitiuum
1359 2469 223 57 generationis
1540 2469 125 57 ignis
1624 2469 84 57 in
1666 2469 125 57 igne:
1735 2469 98 57 sicut

1099 2512 213 53 principium
1266 2512 213 53 elicitiuum
1433 2512 182 53 actionis
1570 2512 152 53 diuine
1676 2512 91 53 in
1722 2512 122 53 deo.
1782 2512 61 53 Si

1106 2560 148 39 secundo
1213 2560 121 39 modo.
1294 2560 94 39 ita
1347 2560 121 39 etiam
1428 2560 94 39 est
1482 2560 121 39 actio
1562 2560 161 39 creature
1683 2560 94 39 non
1724 2560 107 39 intel-

1115 2597 174 48 lectualis
1248 2597 174 48 immanens:
1382 2597 120 48 sicut
1462 2597 107 48 dei.
1529 2597 107 48 quia
1596 2597 94 48 ita
1650 2597 187 48 terminatur
1783 2597 54 48 il

1105 2641 84 53 le
1147 2641 183 53 respectus
1288 2641 84 53 ad
1330 2641 141 53 aliud:
1429 2641 84 53 et
1471 2641 99 53 est
1527 2641 84 53 in
1570 2641 155 53 agente.
1682 2641 84 53 si
1710 2641 127 53 ponatur
