2289 3128
467 220 127 75 talis
552 220 198 75 respectus:
707 220 85 75 et
750 220 99 75 per
806 220 198 75 consequens
962 220 141 75 potest
1046 220 156 75 equaliter

476 273 156 66 quantum
589 273 85 66 ad
631 273 127 66 talem
716 273 184 66 respectum
858 273 99 66 vna
914 273 127 66 actio
999 273 113 66 dici
1056 273 141 66 immanens

468 321 89 70 vel
519 321 166 70 transiens
647 321 115 70 sicut
724 321 115 70 alia.
801 321 115 70 patet
877 321 102 70 enim
941 321 102 70 haec
1005 321 77 70 de
1043 321 115 70 sole.
1107 321 77 70 Alio

463 362 95 67 modo
523 362 143 67 scilicet
630 362 119 67 tertio
713 362 95 67 modo
773 362 107 67 patet
844 362 95 67 quod
904 362 143 67 effectus
1011 362 83 67 dei
1047 362 143 67 producitur

470 411 129 69 extra
556 411 100 69 se:
613 411 129 69 sicut
699 411 172 69 creatura
828 411 100 69 non
886 411 273 69 intellectualis.
1101 411 86 69 vnde

456 446 100 71 non
513 446 157 71 apparet
627 446 128 71 ratio
712 446 114 71 quod
783 446 100 71 vna
840 446 142 71 debeat
940 446 114 71 dici
1011 446 171 71 immanens
1125 446 57 71 et

460 500 112 65 alia
530 500 182 65 transiens
670 500 112 65 nisi
740 500 112 65 quia
810 500 168 65 effectus
937 500 84 65 ab
979 500 98 65 vno
1035 500 140 65 agente
1119 500 70 65 est

459 538 186 74 subiectiue
605 538 80 74 in
645 538 120 74 illo:
725 538 80 74 et
765 538 160 74 effectus
884 538 80 74 ab
924 538 106 74 alio
991 538 93 74 non
1044 538 93 74 est
1084 538 93 74 subie

446 578 127 77 ctiue
530 578 85 77 in
573 578 155 77 agente:
686 578 99 77 sed
742 578 141 77 extra.
841 578 85 77 et
883 578 99 77 hoc
939 578 141 77 posito
1038 578 127 77 actio
1109 578 70 77 dei

448 633 97 72 qua
504 633 167 72 producit
629 633 180 72 creaturam
767 633 153 72 dicetur
878 633 125 72 magis
962 633 180 72 transiens
1087 633 83 72 quam

451 667 169 71 immanens
578 667 70 71 ⁋
606 667 113 71 Ideo
676 667 141 71 aliter
775 667 141 71 probat
873 667 99 71 Io.
930 667 127 71 istam
1000 667 169 71 conclusio-

451 710 96 78 nem:
511 710 96 78 quia
571 710 84 78 cum
619 710 72 78 ca
656 710 132 78 secunda
752 710 96 78 agat
812 710 193 78 contingenter
968 710 72 78 et
1005 710 84 78 non
1053 710 96 78 nisi
1101 710 72 78 vir-

439 759 110 77 tute
508 759 124 77 prime
591 759 138 77 cause.
687 759 165 77 sequitur
811 759 110 77 quod
880 759 124 77 prima
962 759 124 77 causa
1045 759 110 77 agit
1100 759 69 77 con

440 805 171 68 tingenter
571 805 79 68 et
611 805 145 68 libere.
716 805 66 68 ⁋
742 805 92 68 Sed
795 805 131 68 potest
887 805 105 68 dici
953 805 105 68 quod
1018 805 79 68 ex
1045 805 118 68 contin-

441 850 124 63 gentia
528 850 112 63 cause
602 850 137 63 secunde
701 850 87 63 non
751 850 124 63 potest
838 850 112 63 argui
913 850 199 63 contingentia
1074 850 75 63 in
1099 850 62 63 pri

439 899 88 66 ma:
490 899 100 66 quia
552 899 88 66 aut
602 899 138 66 ponitur
703 899 100 66 quod
765 899 113 66 causa
840 899 113 66 prima
915 899 163 66 immediate
1028 899 138 66 concurrit

428 939 89 61 ad
473 939 222 61 producendum
650 939 178 61 effectum
783 939 104 61 cum
842 939 133 61 causa
931 939 163 61 secunda
1050 939 104 61 aut
1094 939 74 61 me-

429 987 110 65 diate.
506 987 66 65 si
539 987 99 65 primo
605 987 88 65 modo
660 987 99 65 patet
726 987 132 65 secundum
825 987 77 65 eum
869 987 88 65 quod
924 987 77 65 non
968 987 143 65 sequitur.
1078 987 88 65 quia
1122 987 44 65 vo

438 1025 146 72 luntas
541 1025 88 72 et
584 1025 175 72 obiectum
716 1025 102 72 non
774 1025 204 72 concurrunt
935 1025 88 72 vt
978 1025 131 72 cause
1051 1025 117 72 partia

420 1065 103 78 les
479 1065 88 78 ad
523 1065 192 78 causandum
671 1065 133 78 actum
759 1065 177 78 volendi:
892 1065 88 78 et
936 1065 133 78 tamen
1010 1065 147 78 obiectum

421 1108 149 79 causat
525 1108 223 79 naturaliter
703 1108 89 79 et
748 1108 178 79 voluntas
882 1108 253 79 contingenter:
1075 1108 89 79 ergo

424 1160 125 64 eodem
507 1160 111 64 modo
577 1160 83 64 de
618 1160 97 64 deo
674 1160 83 64 et
716 1160 181 64 voluntate
855 1160 153 64 creata.
966 1160 83 64 Si
1007 1160 153 64 secundo
1104 1160 56 64 mo

422 1199 77 60 do
461 1199 115 60 adhuc
537 1199 89 60 non
588 1199 153 60 sequitur
703 1199 77 60 si
741 1199 115 60 causa
818 1199 140 60 secunda
920 1199 89 60 vel
971 1199 166 60 immediata
1085 1199 77 60 con-

422 1245 171 80 tingenter
553 1245 118 80 agit.
632 1245 105 80 ergo
698 1245 79 80 et
737 1245 118 80 causa
816 1245 158 80 mediata.
934 1245 171 80 Exemplum.
1065 1245 79 80 si
1091 1245 79 80 sol-

413 1290 129 70 esset
499 1290 129 70 causa
585 1290 201 70 voluntatis
743 1290 101 70 mee
801 1290 115 70 tunc
873 1290 129 70 esset
959 1290 129 70 causa
1031 1290 129 70 mediata

428 1335 173 71 volitionis
564 1335 74 71 et
601 1335 111 71 tamen
675 1335 149 71 voluntas
787 1335 149 71 causaret
898 1335 124 71 libere
985 1335 74 71 et
1022 1335 87 71 sol
1059 1335 99 71 neces-

415 1369 134 83 sario.
508 1369 107 83 Ideo
575 1369 107 83 quod
642 1369 107 83 deus
709 1369 94 83 sit
763 1369 121 83 causa
843 1369 134 83 libera
937 1369 161 83 respectu
1044 1369 107 83 omnium

419 1423 152 72 tenendum
533 1423 88 72 est
584 1423 139 72 tanquam
685 1423 164 72 creditum:
811 1423 101 72 quia
874 1423 88 72 non
925 1423 126 72 potest
1000 1423 152 72 demonstra-

403 1470 78 66 ri
442 1470 91 66 per
494 1470 143 66 aliquam
598 1470 156 66 rationem
715 1470 78 66 ad
754 1470 104 66 quam
820 1470 91 66 non
872 1470 195 66 responderet
1028 1470 104 66 vnus
1080 1470 65 66 in-

412 1504 145 67 fidelis.
521 1504 169 67 persuaderi
653 1504 109 67 tamen
726 1504 121 67 potest
810 1504 97 67 sic.
871 1504 109 67 omnis
943 1504 109 67 causa
1015 1504 84 67 non
1052 1504 84 67 impe-

407 1547 153 74 dibilis
519 1547 181 74 equaliter
658 1547 195 74 respiciens
811 1547 125 74 omnia
895 1547 112 74 siue
965 1547 181 74 infinita:
1090 1547 56 74 si

406 1590 111 77 agat
476 1590 153 77 aliquid
587 1590 125 77 eorum
671 1590 84 77 in
712 1590 97 77 vno
768 1590 181 77 instanti:
907 1590 84 77 et
949 1590 97 77 non
1005 1590 125 77 aliud
1074 1590 70 77 est

403 1638 114 74 causa
480 1638 178 74 contingens
619 1638 76 74 et
657 1638 89 74 non
708 1638 140 74 libera:
810 1638 102 74 quia
873 1638 76 74 ex
911 1638 89 74 quo
962 1638 89 74 non
1000 1638 140 74 impeditur

410 1683 84 74 et
452 1683 183 74 equaliter
593 1683 169 74 respicit
720 1683 127 74 omnia
804 1683 113 74 eque
875 1683 141 74 primo:
973 1683 99 74 non
1015 1683 127 74 videtur

408 1727 117 70 ratio
486 1727 117 70 quare
564 1727 104 70 plus
629 1727 156 70 producit
746 1727 104 70 vnum
812 1727 104 70 quam
877 1727 117 70 aliud
955 1727 104 70 nisi
1007 1727 117 70 propter

407 1762 105 91 suam
473 1762 197 91 libertatem:
630 1762 92 91 sed
683 1762 105 91 deus
749 1762 92 91 est
801 1762 171 91 huiusmodi
933 1762 118 91 causa
999 1762 131 91 respectu

398 1808 132 72 omnium
490 1808 198 72 productorum
648 1808 79 72 ab
688 1808 79 72 eo
727 1808 79 72 ab
767 1808 145 72 eterno.
872 1808 105 72 ergo
938 1808 92 72 etc
990 1808 66 72 ⁋
1017 1808 79 72 Ad
1043 1808 79 72 alia

396 1858 207 70 questionem
559 1858 119 70 sunt
633 1858 104 70 duo
692 1858 193 70 facienda.
841 1858 133 70 primo
929 1858 178 70 videndum
1048 1858 74 70 est

402 1902 79 71 an
441 1902 106 71 deus
508 1902 93 71 sit
560 1902 119 71 causa
640 1902 172 71 immediata
772 1902 132 71 omnium
851 1902 265 71 immediationecasae.

392 1938 149 82 Secundo
501 1938 122 82 vtrum
582 1938 108 82 deus
650 1938 203 82 simpliciter
812 1938 122 82 creet
894 1938 122 82 omnia
975 1938 108 82 quae
1029 1938 95 82 produ

396 1979 121 84 cit.
471 1979 76 84 ⁋
502 1979 136 84 Circa
592 1979 151 84 primum
698 1979 106 84 est
759 1979 227 84 difficultas
940 1979 106 84 vna
1000 1979 106 84 quo
1046 1979 60 84 de

388 2029 105 74 cum
448 2029 105 74 sit
508 2029 120 74 vnus
583 2029 150 74 numero
688 2029 195 74 producere
839 2029 150 74 possit
944 2029 150 74 multa.
1034 2029 75 74 vi-

389 2075 104 70 detur
458 2075 92 70 enim
515 2075 92 70 esse
573 2075 115 70 opinio
653 2075 196 70 philosophorum
814 2075 92 70 quod
872 2075 69 70 ab
906 2075 81 70 vno
952 2075 115 70 potest
1021 2075 92 70 tantum

388 2119 97 77 vnum
448 2119 145 77 produci:
557 2119 97 77 quod
618 2119 157 77 probatur.
738 2119 97 77 nam.
799 2119 109 77 viii.
871 2119 169 77 phisicorum
1004 2119 73 77 et
1040 2119 73 77 ii
1065 2119 48 77 de

393 2162 195 69 generatione
549 2162 143 69 dicitur
653 2162 104 69 quod
718 2162 78 69 ab
757 2162 91 69 vno
808 2162 156 69 procedit
925 2162 117 69 vnum:
1003 2162 78 69 et
1029 2162 78 69 idem

374 2216 149 57 manens
478 2216 119 57 idem
552 2216 119 57 etc.
627 2216 104 57 Et.
686 2216 119 57 xii.
760 2216 238 57 methaphisice
953 2216 134 57 dicit
1028 2216 74 57 com

381 2253 178 71 mentator.
518 2253 82 71 si
559 2253 123 71 agens
641 2253 96 71 sit
696 2253 109 71 vnum
764 2253 82 71 et
805 2253 150 71 materia
915 2253 109 71 vna:
969 2253 137 71 effectus

382 2298 109 71 erit
451 2298 123 71 vnus.
533 2298 82 71 et
574 2298 137 71 ibidem
669 2298 82 71 ab
710 2298 96 71 vno
765 2298 137 71 motore
860 2298 123 71 solum
942 2298 96 71 est
997 2298 109 71 vnus
1051 2298 55 71 mo

375 2335 83 71 tus
423 2335 59 71 ⁋
446 2335 95 71 Item
506 2335 131 71 secundo
601 2335 71 71 de
637 2335 107 71 anima
708 2335 119 71 probat
791 2335 178 71 philosophus
922 2335 178 71 distinctionem

380 2385 194 60 potentiarum
535 2385 91 60 per
587 2385 220 60 distinctionem
768 2385 194 60 operationum
924 2385 104 60 quae
988 2385 104 60 sunt
1040 2385 65 60 ef-

376 2429 133 62 fectus.
473 2429 133 62 Contra.
570 2429 97 62 ista
631 2429 121 62 opinio
716 2429 85 62 est
764 2429 158 62 heretica:
886 2429 97 62 quia
946 2429 146 62 secundum
1043 2429 61 62 fi-

373 2468 108 76 dem
434 2468 123 76 deus
511 2468 185 76 producit
650 2468 139 76 multa
742 2468 215 76 immediate:
911 2468 108 76 nec
957 2468 139 76 consona

362 2511 156 79 naturali
479 2511 156 79 rationi:
596 2511 104 79 quia
661 2511 117 79 eadem
740 2511 156 79 voluntas
857 2511 117 79 omnis
922 2511 169 79 indistincta

375 2559 91 81 est
427 2559 181 81 principium
569 2559 181 81 volitionis
712 2559 78 81 et
750 2559 181 81 nolitionis
893 2559 129 81 amoris
983 2559 78 81 et
1009 2559 91 81 odii.

355 2597 107 99 Item
422 2597 121 99 istud
502 2597 121 99 patet
583 2597 80 99 de
623 2597 121 99 causa
703 2597 174 99 naturali:
837 2597 107 99 quia
904 2597 94 99 sol
958 2597 134 99 potest
1038 2597 54 99 na

1289 255 172 80 turaliter
1421 255 172 80 producere
1554 255 133 80 multos
1647 255 172 80 effectus.
1779 255 80 80 et
1819 255 119 80 tamen
1899 255 119 80 solin
1965 255 53 80 se

1287 304 92 68 non
1340 304 224 68 distinguitur.
1524 304 66 68 ⁋
1551 304 92 68 Ite
1604 304 79 68 si
1643 304 92 68 sit
1696 304 119 68 tanta
1775 304 185 68 distinctio
1921 304 79 68 in
1947 304 66 68 cau

1276 342 78 85 sa
1315 342 130 85 quanta
1406 342 91 85 est
1458 342 78 85 in
1497 342 143 85 effectu
1601 342 143 85 accipio
1705 342 104 85 duos
1770 342 156 85 effectus
1887 342 104 85 isti
1939 342 65 85 per

1289 393 81 70 te
1330 393 190 70 reducuntur
1479 393 81 70 ad
1520 393 108 70 duas
1587 393 149 70 causas:
1696 393 81 70 et
1736 393 108 70 ille
1804 393 122 70 cause
1885 393 81 70 ad
1912 393 95 70 alias

1286 431 115 72 duas:
1363 431 77 72 et
1402 431 90 72 sic
1453 431 115 72 esset
1530 431 167 72 processus
1658 431 77 72 in
1696 431 179 72 infinitum:
1837 431 90 72 vel
1889 431 103 72 erit
1940 431 64 72 sta

1275 478 101 71 tus
1332 478 87 71 ad
1376 478 116 71 duas
1448 478 145 71 primas
1550 478 159 71 causas:
1665 478 145 71 quorum
1767 478 174 71 vtrumque
1897 478 101 71 est
1941 478 72 71 fal

1272 518 104 80 sum:
1337 518 91 80 vel
1389 518 117 80 esset
1468 518 130 80 status
1559 518 78 80 ad
1598 518 104 80 vnam
1663 518 130 80 causam
1754 518 130 80 primam
1846 518 130 80 omnium
1924 518 78 80 etc.

1271 564 66 75 ⁋
1297 564 79 75 Ad
1337 564 132 75 primum
1429 564 171 75 oppositum
1560 564 105 75 dico
1626 564 105 75 quod
1692 564 184 75 auctoritas
1837 564 184 75 philosophi
1968 564 53 75 et

1264 610 214 75 cometatoris
1435 610 86 75 et
1478 610 128 75 omnes
1563 610 200 75 consimiles
1721 610 243 75 intelliguntur
1920 610 86 75 de
1949 610 57 75 na

1270 655 158 73 turalibus
1391 655 122 73 causis
1476 655 97 73 quae
1537 655 122 73 semper
1622 655 109 73 eodem
1695 655 134 73 tempore
1792 655 158 73 producunt
1902 655 97 73 eosdem

1263 703 189 71 effectus:
1409 703 116 71 nisi
1482 703 102 71 sit
1540 703 160 71 aliquod
1657 703 248 71 impedimentum.
1846 703 160 71 Exemplum.

1266 740 83 76 sol
1313 740 118 76 semper
1396 740 71 76 in
1432 740 142 76 autumnon
1538 740 142 76 producit
1644 740 118 76 eosdem
1727 740 154 76 effectus.
1845 740 71 76 et
1869 740 130 76 similiter

1262 792 120 64 aliis
1342 792 187 64 temporibus
1489 792 93 64 per
1542 792 254 64 approximationem
1756 792 80 64 et
1796 792 187 64 remotionem
1929 792 67 64 ni-

1252 830 86 72 si
1295 830 157 72 aliquid
1409 830 186 72 impediat.
1552 830 71 72 ⁋
1580 830 129 72 Aliam
1666 830 214 72 auctoritas.
1838 830 86 72 si
1866 830 129 72 materia

1257 877 84 77 est
1305 877 96 77 vna:
1365 877 72 77 et
1401 877 108 77 agens
1473 877 84 77 est
1521 877 108 77 vnum:
1593 877 72 77 et
1629 877 144 77 similes:
1737 877 132 77 possunt
1833 877 156 77 intelligi
1941 877 48 77 de

1256 914 155 86 offectibus
1378 914 233 86 incompossibilibus
1577 914 133 86 scilicet
1677 914 89 86 quod
1732 914 78 86 vbi
1777 914 78 86 est
1821 914 89 86 vnum
1876 914 111 86 agens:
1943 914 44 86 et

1250 963 93 79 vna
1303 963 159 79 materia:
1422 963 159 79 effectus
1541 963 93 79 est
1594 963 119 79 vnus:
1673 963 106 79 quia
1740 963 199 79 impossibile
1898 963 93 79 est
1938 963 53 79 in

1252 1007 133 75 eadem
1341 1007 163 75 materia
1459 1007 118 75 esse
1533 1007 118 75 duos
1607 1007 178 75 effectus
1726 1007 251 75 incompossibiles

1245 1049 122 82 simul
1327 1049 122 82 licet
1408 1049 189 82 successiue
1556 1049 162 82 possint.
1678 1049 81 82 et
1719 1049 95 82 hoc
1773 1049 122 82 habet
1840 1049 149 82 intelligi

1244 1090 154 73 secundum
1359 1090 205 73 comentatorem
1526 1090 77 73 in
1564 1090 243 73 artificialibus:
1769 1090 102 73 quia
1821 1090 166 73 impossibile

1254 1132 86 77 est
1303 1132 147 77 secundum
1413 1132 98 77 eum:
1474 1132 98 77 quod
1536 1132 135 77 artifex
1634 1132 74 77 in
1670 1132 110 77 eodem
1744 1132 110 77 ligno
1817 1132 135 77 inducat
1903 1132 86 77 simul

1237 1178 142 78 formam
1336 1178 114 78 arce
1407 1178 85 78 et
1450 1178 142 78 lecti:
1549 1178 128 78 licet
1634 1178 199 78 successiue
1790 1178 156 78 possit.
1904 1178 71 78 ⁋
1932 1178 85 78 Ad

1241 1222 135 86 aliud.
1336 1222 162 86 potentia
1458 1222 189 86 duplicitur
1606 1222 189 86 accipitur.
1755 1222 95 86 Uno
1809 1222 108 86 modo
1877 1222 95 86 pro
1917 1222 68 86 eo-

1245 1266 104 82 quod
1310 1266 78 82 se
1349 1266 117 82 tenet
1426 1266 65 82 a
1452 1266 117 82 parte
1530 1266 129 82 anime.
1621 1266 78 82 et
1659 1266 91 82 sic
1711 1266 78 82 ex
1750 1266 194 82 diuersitate
1892 1266 91 82 opera

1244 1317 133 70 tionum
1337 1317 93 70 non
1390 1317 159 70 arguitur
1509 1317 186 70 diuersitas
1655 1317 212 70 potentiarum.
1828 1317 93 70 Nam
1881 1317 93 70 sic
1921 1317 53 70 im

1244 1361 174 72 tellectus
1377 1361 94 72 est
1431 1361 94 72 vna
1484 1361 174 72 potentia:
1618 1361 80 72 et
1658 1361 120 72 habet
1738 1361 160 72 diuersas
1845 1361 120 72 operati

1233 1408 107 69 ones
1300 1408 134 69 specie
1393 1408 201 69 distinctas:
1554 1408 121 69 sicut
1635 1408 121 69 actus
1715 1408 174 69 simplicis
1836 1408 134 69 intelli-

1235 1444 135 75 gentie
1329 1444 122 75 actum
1410 1444 203 75 componendi:
1572 1444 189 75 diuidendi:
1721 1444 81 75 et
1761 1444 216 75 discurrendi.
1923 1444 54 75 et

1232 1498 121 74 eadem
1312 1498 161 74 voluntas
1433 1498 121 74 habet
1514 1498 188 74 volitionem
1661 1498 81 74 et
1702 1498 188 74 nolitionem
1836 1498 121 74 tanquam

1226 1537 202 77 operationes
1387 1537 134 77 specie
1481 1537 202 77 distinctas.
1642 1537 108 77 Alio
1710 1537 108 77 modo
1777 1537 175 77 accipitur
1898 1537 67 77 po-

1234 1581 108 79 tentia
1310 1581 76 79 pro
1353 1581 87 79 illo
1408 1581 87 79 quod
1462 1581 163 79 neccessario
1592 1581 130 79 exigitur
1689 1581 65 79 ad
1722 1581 76 79 hoc
1765 1581 87 79 quod
1819 1581 130 79 potentia
1906 1581 65 79 pri-

1226 1625 79 78 mo
1265 1625 105 78 modo
1331 1625 144 78 eliciat
1435 1625 209 78 operationem:
1606 1625 79 78 et
1645 1625 92 78 sic
1697 1625 92 78 est
1750 1625 144 78 aliquod
1841 1625 118 78 organum

1224 1668 193 74 corporale.
1376 1668 83 74 et
1417 1668 97 74 sic
1472 1668 83 74 ex
1514 1668 207 74 diuersitate
1679 1668 207 74 operationum
1831 1668 138 74 arguitur

1221 1711 206 81 diuersitas
1383 1711 235 81 potentiarum.
1574 1711 176 81 Exemplum
1706 1711 88 81 de
1750 1711 147 81 auditu
1853 1711 88 81 et
1883 1711 73 81 vi-

1229 1754 77 84 su
1268 1754 77 84 et
1306 1754 167 84 auditione
1435 1754 77 84 et
1474 1754 155 84 visione.
1590 1754 77 84 Si
1628 1754 103 84 enim
1693 1754 142 84 aliquis
1796 1754 129 84 habeat
1873 1754 90 84 orga-

1216 1795 97 76 num
1272 1795 167 76 auditus:
1397 1795 83 76 et
1439 1795 97 76 non
1494 1795 153 76 organum
1605 1795 139 76 visus.
1703 1795 111 76 tunc
1772 1795 97 76 sic
1828 1795 125 76 habet
1897 1795 56 76 po

1222 1844 116 75 tentiam
1307 1844 95 75 vnam:
1371 1844 63 75 et
1402 1844 74 75 non
1445 1844 106 75 aliam.
1519 1844 63 75 et
1550 1844 74 75 per
1593 1844 74 75 hoc
1635 1844 106 75 patet:
1709 1844 85 75 quod
1762 1844 106 75 potest
1836 1844 106 75 habere
1900 1844 63 75 vnam

1207 1894 200 62 operationem
1367 1894 80 62 et
1407 1894 94 62 non
1461 1894 134 62 aliam.
1554 1894 94 62 Sed
1608 1894 80 62 si
1648 1894 134 62 aliqua
1741 1894 160 62 potentia
1848 1894 107 62 posset

1224 1930 122 79 habere
1309 1930 122 79 plures
1394 1930 183 79 operationes
1540 1930 122 79 specie
1626 1930 170 79 distinctas
1759 1930 85 79 non
1796 1930 146 79 conexisten

1217 1980 82 68 te
1258 1980 109 68 tali
1326 1980 136 68 organo
1422 1980 123 68 sicut
1503 1980 163 68 voluntas
1626 1980 123 68 talem
1708 1980 204 68 volitionem.
1857 1980 82 68 tunc

1209 2018 80 77 ex
1249 2018 200 77 pluralitate
1408 2018 200 77 operationum
1568 2018 93 77 non
1621 2018 133 77 potest
1715 2018 120 77 argui
1781 2018 160 77 pluralitas

1207 2060 103 80 seu
1266 2060 206 80 diuersitas
1428 2060 236 80 potentiarum.
1620 2060 74 80 ⁋
1649 2060 103 80 Sed
1708 2060 103 80 hoc
1767 2060 118 80 sunt
1826 2060 103 80 dubia

1220 2107 154 77 Primum
1328 2107 139 77 quomo
1420 2107 139 77 malum
1513 2107 124 77 est:
1590 2107 93 77 et
1637 2107 108 77 non
1698 2107 77 77 a
1729 2107 124 77 deo.
1806 2107 124 77 Quia
1868 2107 62 77 vi

1204 2150 120 73 detur
1284 2150 107 73 quod
1351 2150 93 73 sit
1404 2150 120 73 eadem
1484 2150 134 73 causa.
1578 2150 160 73 reducere
1698 2150 107 73 mala
1764 2150 80 73 ad
1804 2150 134 73 primum
1885 2150 53 73 ma

1200 2190 119 72 lum:
1275 2190 134 72 sicut
1364 2190 119 72 bona
1438 2190 89 72 ad
1483 2190 149 72 primum
1587 2190 149 72 bonum.
1691 2190 89 72 Et
1736 2190 104 72 sic
1795 2190 134 72 erunt
1870 2190 74 72 due

1198 2234 136 88 cause
1289 2234 151 88 prime.
1395 2234 106 88 vna
1455 2234 136 88 bona.
1546 2234 121 88 alia
1622 2234 136 88 mala:
1713 2234 136 88 sicut
1789 2234 151 88 dixerunt

1193 2284 222 82 manichei.
1364 2284 85 82 ⁋
1398 2284 119 82 Sed
1466 2284 154 82 istud
1568 2284 171 82 dubium
1688 2284 137 82 bene
1756 2284 205 82 procederet

1201 2324 81 82 si
1242 2324 122 82 malum
1323 2324 122 82 esset
1404 2324 95 82 res
1458 2324 203 82 factibilis:
1620 2324 108 82 quod
1688 2324 135 82 falsum
1782 2324 108 82 est:
1850 2324 108 82 quia
1904 2324 54 82 ma

1200 2369 91 89 lum
1252 2369 118 89 nihil
1331 2369 118 89 aliud
1409 2369 91 89 est
1461 2369 104 89 quam
1526 2369 131 89 facere
1618 2369 144 89 aliquid
1722 2369 78 89 ad
1761 2369 118 89 cuius
1827 2369 91 89 oppo-

1193 2417 117 79 situm
1271 2417 169 79 faciendum
1400 2417 143 79 aliquis
1504 2417 182 79 obligatur.
1647 2417 104 79 quae
1712 2417 169 79 obligatio
1841 2417 91 79 non
1880 2417 52 79 ca

1198 2460 90 84 dit
1250 2460 77 84 in
1288 2460 116 84 deum:
1366 2460 103 84 quia
1430 2460 103 84 ille
1495 2460 77 84 ad
1534 2460 116 84 nihil
1611 2460 168 84 faciendum
1740 2460 181 84 obligatur.
1869 2460 65 84 nec

1197 2511 206 68 presupponitur
1366 2511 133 68 malicia
1463 2511 73 68 in
1499 2511 121 68 causa:
1584 2511 97 68 quae
1645 2511 85 68 sit
1693 2511 109 68 causa
1766 2511 133 68 malicie
1850 2511 73 68 effe

1196 2556 135 68 ctus.
1286 2556 105 68 sed
1346 2556 165 68 malicia
1466 2556 180 68 effectus
1602 2556 105 68 est
1662 2556 135 68 causa
1752 2556 165 68 malicie
1857 2556 60 68 in

1191 2601 158 77 causa.
1302 2601 79 77 ⁋
1333 2601 111 77 Sed
1397 2601 142 77 adhuc
1492 2601 111 77 est
1555 2601 158 77 dubium
1665 2601 142 77 quomo
1760 2601 126 77 deus
1824 2601 126 77 potest

1189 2644 166 81 aliquid
1310 2644 91 81 de
1355 2644 121 81 nouo
1431 2644 151 81 creare
1537 2644 121 81 sine
1612 2644 212 81 mutatione:
1779 2644 121 81 quia
1839 2644 106 81 quod.
