2300 3097
291 255 176 68 obiectum
423 255 103 68 est
482 255 132 68 causa
570 255 190 68 partialis
716 255 117 68 sine
789 255 146 68 aliqua
877 255 132 68 intelle

288 316 123 54 ctione
374 316 74 54 et
411 316 160 54 volitione
534 316 148 54 praeuia.
645 316 99 54 Item
707 316 111 54 agere
781 316 111 54 extra
855 316 74 54 se
892 316 99 54 (cum
941 316 62 54 sit

297 367 214 48 perfectionis)
474 367 126 48 potest
562 367 151 48 competem
675 367 126 48 angelo
764 367 101 48 sine
827 367 164 48 accidente
940 367 63 48 me-

288 407 104 54 dio.
353 407 65 54 ⁋
379 407 91 54 Ite
431 407 117 54 illud
509 407 104 54 quod
574 407 117 54 dicit
652 407 104 54 quod
717 407 195 54 abstractius
873 407 65 54 a
886 407 117 54 materia

283 461 79 43 est
328 461 169 43 perfectius:
463 461 124 43 videtur
553 461 124 43 falsum.
643 461 90 43 Quia
700 461 101 43 celum
767 461 135 43 secundum
869 461 79 43 eum
914 461 79 43 est
948 461 56 43 ma-

282 495 85 56 gis
331 495 171 56 abstractum
465 495 61 56 a
489 495 134 56 materia
587 495 98 56 quam
648 495 110 56 anima
721 495 207 56 intellectiua:
891 495 73 56 et
916 495 85 56 tamen

287 543 75 49 non
330 543 75 49 est
373 543 161 49 perfectius.
502 543 86 49 quia
556 543 75 49 non
599 543 97 49 viuum
664 543 75 49 non
707 543 75 49 est
750 543 151 49 perfectius
868 543 86 49 viuo
911 543 86 49 secunu

285 590 97 48 eum.
346 590 61 48 ⁋
370 590 85 48 Ite
419 590 97 48 quod
480 590 110 48 dicit
553 590 146 48 accidens
662 590 85 48 non
711 590 97 48 esse
772 590 170 48 principium
893 590 110 48 substam

278 633 69 50 tie
318 633 79 50 quia
367 633 69 50 est
406 633 167 50 imperfectius:
544 633 69 50 non
583 633 108 50 videtur
662 633 98 50 verum.
731 633 79 50 quia
780 633 118 50 secundum
869 633 69 50 eum
909 633 89 50 causa
958 633 49 50 par

277 675 124 56 tialis
363 675 124 56 potest
450 675 99 56 esse
512 675 198 56 imperfectior
673 675 149 56 effectu.
784 675 111 56 patet
859 675 74 56 de
884 675 111 56 obiecto

284 715 109 50 quod
352 715 95 50 est
407 715 217 50 imperfectius
583 715 109 50 actu
651 715 217 50 intelligendi
828 715 109 50 puta
882 715 122 50 albedo.

278 759 82 49 Et
319 759 82 49 in
360 759 205 49 generatione
524 759 136 49 vermis
619 759 95 49 per
674 759 259 49 putrefactionem:
892 759 95 49 vbi
933 759 68 49 cau

280 805 82 45 se
321 805 123 45 multe
404 805 219 45 concurrentes
582 805 110 45 sunt
650 805 96 45 non
705 805 164 45 animate:
828 805 82 45 et
855 805 151 45 productum

283 848 79 54 est
328 848 147 54 animatum.
441 848 79 54 Cum
486 848 113 54 igitur
566 848 102 54 causa
634 848 158 54 imperfecta
758 848 113 54 potest
837 848 158 54 concurrere
950 848 57 54 cum

282 896 104 51 causa
352 896 138 51 perfecta
455 896 69 51 ad
490 896 173 51 producendum
628 896 138 51 effectum
732 896 196 51 perfectiorem:
882 896 115 51 sequitur

287 938 103 56 quod
352 938 155 56 creatura
468 938 129 56 potest
558 938 90 56 cum
610 938 90 56 deo
661 938 181 56 concurrere
803 938 77 56 ad
829 938 168 56 producendum

277 984 101 57 aliam
344 984 123 57 causam.
434 984 67 57 Et
467 984 78 57 sic
512 984 78 57 non
557 984 112 57 probat
635 984 90 57 quin
691 984 179 57 imperfectius
837 984 112 57 potest
904 984 90 57 creare

279 1030 172 50 perfectius
414 1030 196 50 partialiter:
573 1030 111 50 licet
647 1030 86 50 non
696 1030 172 50 totaliter.
831 1030 74 50 Et
868 1030 86 50 hoc
905 1030 86 50 pater

287 1067 77 51 in
326 1067 193 51 generatione
480 1067 154 51 vniuoca:
596 1067 103 51 quia
660 1067 116 51 multi
737 1067 116 51 parui
814 1067 116 51 ignes
878 1067 116 51 possunt

272 1123 156 43 generare
389 1123 208 43 perfectiorem
558 1123 117 43 ignem
636 1123 130 43 aliquo
727 1123 156 43 illorum.
844 1123 91 43 Ite
883 1123 117 43 qualita

272 1159 100 47 tes
329 1159 129 47 prime
415 1159 171 47 videntur
543 1159 114 47 esse
614 1159 200 47 principium
772 1159 200 47 producendi
914 1159 86 47 sub-

277 1198 141 58 stantiam:
386 1198 87 58 quia
440 1198 120 58 videmus
527 1198 76 58 per
570 1198 174 58 experientiam
712 1198 87 58 quod
766 1198 152 58 substantia
886 1198 76 58 cum
918 1198 87 58 aliqua

274 1242 106 55 bus
334 1242 241 55 accidentibus
530 1242 181 55 producit
666 1242 241 55 substantiam.
862 1242 136 55 Patet
938 1242 60 55 de

278 1287 112 61 igne
348 1287 182 61 generante
488 1287 140 61 ignem.
586 1287 84 61 et
628 1287 98 61 cum
684 1287 168 61 accidens
810 1287 168 61 producat
922 1287 84 61 sub-

278 1332 183 47 stantiam:
419 1332 197 47 accidentia
573 1332 112 47 sunt
644 1332 127 47 cause
728 1332 183 47 partiales
854 1332 141 47 respectu

274 1379 186 62 substantie.
423 1379 199 62 Confirmatur:
584 1379 99 62 quia
646 1379 149 62 effectus
758 1379 149 62 dependet
857 1379 137 62 sufficien

269 1423 92 55 ter
321 1423 66 55 a
348 1423 105 55 suis
413 1423 131 55 causis
505 1423 237 55 essentialibus.
703 1423 92 55 cum
755 1423 105 55 ergo
821 1423 118 55 ignis
900 1423 92 55 non
939 1423 66 55 po-

276 1463 106 59 test
342 1463 199 59 naturaliter
501 1463 159 59 generare
620 1463 119 59 ignem
700 1463 106 59 sine
766 1463 225 59 qualitatibus:
939 1463 66 59 igi

274 1511 103 58 tur
333 1511 206 58 qualitates
495 1511 118 58 sunt
568 1511 132 58 cause
657 1511 191 58 partiales
804 1511 177 58 respectu
921 1511 74 58 sub

279 1553 153 52 stantie.
394 1553 77 52 Si
433 1553 115 52 dicas
509 1553 102 52 quod
573 1553 115 52 agunt
650 1553 77 52 in
688 1553 141 52 virtute
790 1553 192 52 substantie:
931 1553 64 52 hoc

279 1602 114 45 nihil
355 1602 101 45 est:
419 1602 101 45 quia
482 1602 89 45 ita
533 1602 165 45 immediate
659 1602 139 45 possunt
760 1602 177 45 concurrere
900 1602 76 45 ad
925 1602 76 45 cau-

278 1638 112 49 sandum
356 1638 167 49 substantiam
490 1638 100 49 sicut
557 1638 179 49 ssubstantia:
702 1638 67 49 et
735 1638 156 49 econuerso.
858 1638 89 49 Item
903 1638 89 49 contra

266 1682 95 60 hoc
321 1682 109 60 quod
389 1682 123 60 dicit
471 1682 109 60 quod
539 1682 163 60 terminus
661 1682 163 60 formalis
784 1682 95 60 non
839 1682 136 60 potest
920 1682 82 60 esse

270 1726 186 65 absolutior
416 1726 186 65 principio:
563 1726 107 65 quia
629 1726 93 65 tam
683 1726 147 65 materia
789 1726 107 65 quam
856 1726 120 65 forma
922 1726 67 65 ma-

276 1773 153 52 terialis
391 1773 216 52 substantialis
569 1773 76 52 et
607 1773 204 52 accidentalis
773 1773 127 52 potest
862 1773 102 52 esse
913 1773 89 52 causa

266 1821 199 52 partialis
419 1821 184 52 respectu
557 1821 230 52 cognitionis
741 1821 199 52 intuitiue
878 1821 123 52 angeli

272 1865 98 48 vel
328 1865 182 48 alterius:
468 1865 84 48 et
510 1865 112 48 illa
580 1865 168 48 cognitio
705 1865 98 48 est
761 1865 196 48 absolutior
915 1865 84 48 et
943 1865 56 48 ab

270 1904 158 52 stractior
391 1904 61 52 a
416 1904 134 52 materia
513 1904 97 52 quam
573 1904 134 52 aliquod
670 1904 146 52 aliorum.
780 1904 97 52 ergo
840 1904 97 52 etc.
901 1904 73 52 Et
925 1904 61 52 sic

271 1948 110 47 illud
344 1948 86 47 est
393 1948 123 47 falsum
479 1948 98 47 quod
541 1948 172 47 principium
676 1948 86 47 non
725 1948 86 47 est
774 1948 172 47 absolutius
909 1948 86 47 tam
946 1948 49 47 in

265 1993 167 55 producendo
396 1993 95 55 quam
456 1993 72 55 in
492 1993 143 55 essendo.
599 1993 95 55 Item
658 1993 179 55 conlusiohoc
801 1993 95 55 quod
861 1993 107 55 ponit
921 1993 72 55 quod

267 2038 160 49 creatura
387 2038 93 49 non
440 2038 133 49 potest
533 2038 147 49 causare
640 2038 80 49 et
680 2038 186 49 conseruare
826 2038 133 49 formam
906 2038 80 49 sine

272 2082 153 53 materia
383 2082 84 53 ad
425 2082 111 53 quam
495 2082 209 53 inclinatur:
662 2082 111 53 quia
731 2082 167 53 creatura
843 2082 153 53 concurrit

268 2126 87 50 ad
311 2126 231 50 conseruandum
498 2126 173 50 accidens
628 2126 87 50 in
672 2126 216 50 eucharistia
845 2126 115 50 sine
902 2126 87 50 sub-

275 2168 112 45 iecto.
353 2168 90 45 ergo
409 2168 123 45 videtur
499 2168 90 45 quod
555 2168 78 45 non
600 2168 78 45 sit
645 2168 112 45 aliqua
723 2168 101 45 ratio
790 2168 101 45 quare
858 2168 78 45 non
891 2168 101 45 concur-

264 2213 105 53 rat
324 2213 105 53 cum
384 2213 105 53 deo
444 2213 90 53 ad
489 2213 195 53 causandum
640 2213 135 53 illud
730 2213 90 53 de
775 2213 120 53 nouo
850 2213 120 53 sine
910 2213 75 53 sub

269 2255 120 51 iecto.
353 2255 96 51 ergo
413 2255 108 51 eodem
484 2255 96 51 modo
544 2255 72 51 do
580 2255 120 51 potest
664 2255 96 51 esse
724 2255 72 51 de
760 2255 108 51 forma
819 2255 168 51 substantiali

279 2294 104 62 Nec
339 2294 208 62 inclinatio
502 2294 178 62 opposita
636 2294 89 62 ad
681 2294 178 62 materiam
815 2294 164 62 aliquid
919 2294 74 62 fa-

273 2342 108 59 cit:
340 2342 108 59 quia
407 2342 121 59 agens
488 2342 161 59 naturale
609 2342 135 59 potest
703 2342 188 59 conseruare
851 2342 121 59 graue
918 2342 81 59 sur-

271 2388 85 56 sum
319 2388 157 56 conclusio
440 2388 85 56 uam
488 2388 218 56 inclinationem.
670 2388 97 56 Item
730 2388 85 56 non
778 2388 121 56 probat
863 2388 97 56 quod
911 2388 85 56 forma

263 2429 95 50 sit
318 2429 190 50 necessario
467 2429 177 50 posterior
603 2429 163 50 materia.
725 2429 109 50 Quia
793 2429 122 50 licet
874 2429 95 50 sit
915 2429 68 50 ita

270 2475 76 60 de
308 2475 127 60 facto:
397 2475 114 60 tamen
473 2475 101 60 deus
536 2475 127 60 potest
625 2475 127 60 facere
713 2475 127 60 formam
802 2475 89 60 per
853 2475 76 60 se
891 2475 101 60 sine
941 2475 51 60 ma

269 2522 132 47 teria.
361 2522 79 47 Et
401 2522 92 47 hoc
453 2522 158 47 priusque
572 2522 158 47 informet
691 2522 171 47 materiam:
823 2522 105 47 ergo
875 2522 119 47 concur-

265 2562 137 60 rente
356 2562 137 60 causa
447 2562 182 60 naturali
584 2562 228 60 partialiter
766 2562 106 60 cum
827 2562 106 60 deo
872 2562 122 60 potest

269 2602 130 68 fieri
355 2602 130 68 forma
442 2602 101 68 per
500 2602 101 68 se.
558 2602 116 68 Ideo
631 2602 116 68 dico
703 2602 116 68 quod
776 2602 116 68 ista
834 2602 159 68 conclusio

254 2652 103 60 non
313 2652 148 60 potest
417 2652 236 60 demonstrari:
609 2652 133 60 tamen
697 2652 192 60 persuadeo
845 2652 103 60 eam
890 2652 103 60 licet

1104 267 94 80 non
1157 267 135 80 possit
1252 267 202 80 demonstrari
1413 267 135 80 contra
1507 267 215 80 philosophum.
1682 267 121 80 Primo
1750 267 67 80 pro

1093 332 86 51 bo
1136 332 115 51 quod
1208 332 172 51 creatura
1337 332 101 51 non
1394 332 144 51 potest
1495 332 115 51 esse
1567 332 129 51 causa
1653 332 158 51 totalis
1753 332 72 51 na-

1105 377 164 47 turalis
1224 377 178 47 creature
1358 377 119 47 sic.
1432 377 119 47 Quia
1507 377 208 47 principium
1670 377 149 47 totale
1760 377 59 47 na

1102 417 150 56 turale
1207 417 194 56 equaliter
1356 417 90 56 se
1401 417 150 56 habens
1506 417 90 56 ad
1551 417 135 56 plura
1641 417 165 56 eiusdem
1745 417 75 56 ra-

1100 463 136 52 tionis
1196 463 95 52 vel
1250 463 163 52 producit
1372 463 122 52 omnia
1454 463 95 52 vel
1508 463 136 52 nihil:
1603 463 95 52 sed
1658 463 82 52 si
1685 463 136 52 creatura

1099 500 144 59 potest
1199 500 144 59 creare
1300 500 158 59 aliquod
1416 500 202 59 indiuiduum
1574 500 158 59 eiusdem
1675 500 144 59 rationis

1097 555 97 52 qua
1153 555 152 52 ratione
1263 555 111 52 vnum
1332 555 83 52 et
1374 555 180 52 infinita.
1512 555 111 52 quia
1582 555 83 52 ex
1623 555 97 52 quo
1679 555 97 52 est
1720 555 97 52 agens

1094 593 171 48 naturale
1222 593 185 48 equaliter
1364 593 171 48 respicit
1492 593 142 48 omnia.
1592 593 114 48 ergo
1663 593 157 48 crearem
1763 593 57 48 de

1093 638 125 47 facto
1177 638 167 47 infinita
1302 638 195 47 indiuidua:
1455 638 97 47 hoc
1510 638 139 47 falsum
1607 638 111 47 est.
1677 638 111 47 ergo
1733 638 83 47 etc.

1107 684 67 51 ⁋
1133 684 148 51 Secundo
1241 684 121 51 probo
1322 684 108 51 quod
1389 684 94 51 non
1443 684 135 51 potest
1537 684 108 51 esse
1605 684 121 51 causa
1672 684 148 51 naturalis

1094 726 188 57 partialis
1238 726 188 57 creature:
1383 726 116 57 quia
1455 726 116 57 tunc
1528 726 101 57 per
1585 726 145 57 eandem
1672 726 145 57 rationem

1100 773 108 48 quae
1168 773 122 48 prius
1249 773 135 48 posset
1344 773 108 48 esse
1411 773 122 48 causa
1493 773 176 48 naturalis
1628 773 176 48 partialis
1749 773 68 48 re-

1091 813 137 59 spectu
1187 813 219 59 infinitorum:
1365 813 110 59 quod
1434 813 96 59 est
1488 813 219 59 incoueniens.
1666 813 110 59 Quod
1721 813 96 59 patet

1106 862 92 54 qui
1159 862 92 54 non
1211 862 92 54 est
1264 862 185 54 verisimile
1410 862 106 54 quod
1476 862 145 54 creatio
1581 862 145 54 crature
1687 862 132 54 semper
1766 862 53 54 su

1103 911 184 48 spendatur
1244 911 85 48 ab
1286 911 155 48 actione
1399 911 113 48 sua.
1470 911 113 48 ergo
1541 911 85 48 si
1583 911 99 48 non
1625 911 198 48 suspendatur:

1091 950 143 52 potest
1191 950 143 52 saltem
1291 950 215 52 partialiter
1464 950 186 52 producere
1607 950 186 52 infinita:
1736 950 86 52 quod

1090 998 140 45 falsum
1188 998 112 45 est.
1258 998 140 45 Tertio
1356 998 126 45 probo
1440 998 112 45 quod
1509 998 98 45 non
1565 998 140 45 potest
1663 998 112 45 esse
1719 998 98 45 causa

1090 1033 130 53 libere
1181 1033 143 53 creans:
1284 1033 104 53 quia
1349 1033 91 53 non
1401 1033 130 53 potest
1492 1033 104 53 esse
1557 1033 130 53 libera
1647 1033 104 53 nisi
1712 1033 91 53 per
1751 1033 65 53 vel

1092 1082 89 45 le:
1143 1082 89 45 sed
1194 1082 153 45 voluntas
1309 1082 128 45 potest
1398 1082 115 45 velle
1475 1082 166 45 infinita:
1602 1082 102 45 ergo
1666 1082 77 45 si
1704 1082 115 45 esset
1768 1082 51 45 li

1093 1122 112 54 bera
1163 1122 140 54 posset
1261 1122 181 54 producere
1400 1122 181 54 infinita:
1540 1122 112 54 quod
1610 1122 140 54 falsum
1707 1122 98 54 est
1749 1122 70 54 si-

1091 1171 99 46 cut
1148 1171 142 46 prius.
1247 1171 85 46 Si
1289 1171 128 46 dicas
1374 1171 113 46 quod
1445 1171 99 46 non
1502 1171 142 46 potest
1601 1171 128 46 velle
1672 1171 142 46 infinita

1090 1215 217 48 singularia:
1263 1215 145 48 saltem
1364 1215 145 48 potest
1466 1215 130 48 velle
1552 1215 159 48 aliquod
1653 1215 174 48 vniuersale

1106 1256 90 48 quod
1162 1256 134 48 respicit
1263 1256 134 48 infinita
1364 1256 78 48 vel
1408 1256 123 48 nullum.
1498 1256 146 48 Similiter
1610 1256 101 48 licet
1677 1256 78 48 per
1722 1256 90 48 vnam
1767 1256 56 48 vo-

1091 1296 153 49 litione
1202 1296 97 49 non
1258 1296 139 49 possit
1355 1296 125 49 velle
1438 1296 180 49 infinita:
1576 1296 125 49 tamen
1660 1296 97 49 per
1701 1296 125 49 infini-

1092 1344 94 56 tas
1145 1344 187 56 volitiones
1292 1344 134 56 potest
1386 1344 120 56 velle
1466 1344 161 56 infinita
1587 1344 201 56 successiue:
1734 1344 80 56 ergo

1089 1394 146 47 potest
1192 1394 175 47 infinita
1323 1394 190 47 totaliter
1469 1394 102 47 vel
1527 1394 219 47 partialiter
1687 1394 117 47 creare

1100 1433 114 57 quod
1171 1433 100 57 est
1228 1433 242 57 inconueniens.
1427 1433 71 57 ⁋
1455 1433 100 57 Sed
1512 1433 142 57 contra
1612 1433 114 57 ista
1669 1433 142 57 arguitur

1089 1477 117 46 quia
1163 1477 176 46 creatura
1295 1477 147 46 potest
1397 1477 191 46 producere
1544 1477 161 46 calorem
1661 1477 132 46 isine
1735 1477 73 46 sub

1085 1519 144 54 iecto:
1185 1519 86 54 et
1228 1519 86 54 si
1271 1519 115 54 deus
1343 1519 201 54 produceret
1501 1519 158 54 calorem
1616 1519 115 54 sine
1673 1519 144 54 subiecto

1100 1565 123 51 etiam
1182 1565 136 51 posset
1278 1565 191 51 conseruare
1428 1565 150 51 calorem
1537 1565 109 51 sine
1605 1565 177 51 subiecto.
1728 1565 82 51 quia

1086 1612 196 53 equaliter
1236 1612 196 53 differunt
1387 1612 75 53 a
1417 1612 196 53 subiecto:
1567 1612 120 53 ergo
1643 1612 120 53 iste
1703 1612 105 53 calor

1086 1654 174 55 causatur
1217 1654 102 55 per
1275 1654 261 55 calefactionem:
1493 1654 116 55 quia
1565 1654 174 55 vtrunque
1681 1654 131 55 produci

1091 1700 98 45 tur
1147 1700 70 45 a
1175 1700 167 45 creatura
1300 1700 112 45 sine
1370 1700 181 45 subiecto.
1509 1700 70 45 ⁋
1537 1700 84 45 Si
1579 1700 125 45 dicat
1663 1700 112 45 quod
1718 1700 98 45 cale-

1078 1734 145 55 factio
1180 1734 131 55 dicit
1267 1734 189 55 respectum
1412 1734 87 55 ad
1456 1734 189 55 subiectum
1601 1734 87 55 et
1644 1734 160 55 passum:
1746 1734 58 55 et

1085 1785 114 48 ille
1156 1785 185 48 respectus
1298 1785 100 48 non
1355 1785 142 48 potest
1455 1785 114 48 esse
1526 1785 100 48 nec
1583 1785 199 48 denominare
1726 1785 85 48 nis-

1088 1828 100 52 sit
1145 1828 85 52 in
1187 1828 171 52 subiecto
1316 1828 128 52 sicut
1401 1828 142 52 calor.
1501 1828 71 52 ⁋
1529 1828 157 52 Contra.
1643 1828 114 52 deus
1700 1828 114 52 potest

1081 1875 161 51 calorem
1198 1875 146 51 facere
1300 1875 102 51 cum
1359 1875 175 51 respectu
1490 1875 88 51 ad
1534 1875 146 51 causam
1621 1875 190 51 productiuam

1087 1915 110 61 sine
1156 1915 165 61 respectu
1280 1915 83 61 ad
1322 1915 179 61 subiectum
1459 1915 96 61 vel
1515 1915 152 61 passum:
1625 1915 83 61 et
1666 1915 124 61 ille.
1735 1915 69 61 re-

1075 1956 149 63 spectus
1184 1956 163 63 sufficit
1306 1956 81 63 ad
1346 1956 95 63 hoc
1401 1956 108 63 quod
1468 1956 95 63 sit
1523 1956 203 63 calefactio.
1685 1956 68 63 ⁋
1712 1956 81 63 Si
1739 1956 68 63 di-

1084 2008 105 45 cas
1144 2008 120 45 quod
1219 2008 195 45 respectus
1369 2008 105 45 non
1429 2008 150 45 tantum
1535 2008 180 45 dependet
1670 2008 75 45 a
1685 2008 120 45 funda-

1081 2050 139 50 mento
1173 2050 92 50 et
1219 2050 185 50 termino:
1358 2050 108 50 sed
1420 2050 139 50 etiam
1512 2050 77 50 a
1543 2050 200 50 subiecto.
1682 2050 123 50 Contra

1084 2093 74 52 si
1121 2093 148 52 secundum
1232 2093 123 52 potest
1318 2093 99 52 esse
1380 2093 99 52 sine
1441 2093 123 52 primo:
1527 2093 74 52 et
1564 2093 136 52 tertium
1663 2093 136 52 potest.
1749 2093 62 52 sed

1082 2134 235 57 fundamentum
1270 2134 204 57 respectus
1427 2134 157 57 potest
1537 2134 125 57 esse
1615 2134 125 57 sine
1678 2134 125 57 subie-

1086 2183 116 42 cto.
1159 2183 116 42 ergo
1232 2183 87 42 et
1276 2183 189 42 respectus
1421 2183 146 42 potest
1523 2183 131 42 esse.
1610 2183 73 42 ⁋
1639 2183 116 42 Item
1698 2183 116 42 respe-

1076 2220 137 51 ctus
1162 2220 206 51 dependet
1316 2220 103 51 ad
1368 2220 223 51 subiectum
1539 2220 206 51 mediante
1677 2220 137 51 funda-

1070 2274 172 47 mento:
1190 2274 138 47 ergo
1276 2274 223 47 remanente
1448 2274 241 47 fundamento
1637 2274 103 47 et
1671 2274 138 47 termi-

1080 2311 109 54 non
1143 2311 202 54 remanebit
1298 2311 218 54 respectus.
1469 2311 78 54 ⁋
1500 2311 109 54 Ite
1563 2311 156 54 quando
1656 2311 140 54 aliquid

1077 2353 147 62 habet
1175 2353 131 62 duas
1257 2353 262 62 dependentias
1470 2353 164 62 quarum
1585 2353 115 62 vna
1650 2353 115 62 est
1699 2353 115 62 prior

1088 2405 130 45 alia:
1174 2405 101 45 vna
1232 2405 144 45 potest
1333 2405 116 45 esse
1405 2405 116 45 sine
1478 2405 130 45 alia:
1564 2405 87 45 et
1608 2405 116 45 tunc
1680 2405 130 45 forma
1752 2405 58 45 po

1085 2449 112 53 test
1155 2449 112 53 esse
1225 2449 98 53 cum
1281 2449 126 53 prima
1365 2449 210 53 dependentia
1533 2449 112 53 sine
1603 2449 168 53 secunda:
1729 2449 98 53 sed

1084 2489 137 58 calor
1175 2489 183 58 dependet
1312 2489 91 58 ad
1358 2489 137 58 agens
1449 2489 91 58 et
1495 2489 91 58 ad
1540 2489 213 58 subiectum:
1708 2489 91 58 et
1738 2489 76 58 de-

1083 2529 190 56 pendentia
1230 2529 88 56 ad
1274 2529 132 56 agens
1362 2529 103 56 est
1420 2529 132 56 prior
1508 2529 117 56 quod
1581 2529 220 56 dependentia
1742 2529 59 56 ad

1088 2574 186 55 subiectum:
1234 2574 106 55 ergo
1300 2574 133 55 potest
1393 2574 120 55 fieri
1473 2574 93 55 cum
1526 2574 199 55 dependentia
1685 2574 80 55 ad
1712 2574 93 55 agens

1071 2619 98 50 sine
1132 2619 184 50 dependentia
1280 2619 74 50 ad
1316 2619 172 50 subiectum:
1452 2619 98 50 quia
1513 2619 111 50 prius
1587 2619 123 50 potest
1673 2619 111 50 fieri
1734 2619 74 50 sine

1072 2668 205 58 posteriori.
1237 2668 68 58 ⁋
1264 2668 110 58 Iste
1332 2668 110 58 quod
1401 2668 137 58 potest
1497 2668 192 58 conseruare
1647 2668 151 58 aliquid
1757 2668 110 58 sine
