2307 3094
279 253 134 62 latur.
372 253 120 62 sicut
453 253 107 62 enim
519 253 107 62 ante
586 253 214 62 productionem
760 253 94 62 sui
814 253 107 62 fuit
881 253 120 62 purum
947 253 54 62 ni

279 305 92 52 hil
331 305 118 52 sicut
410 305 105 52 post
476 305 105 52 erit
541 305 118 52 purum
620 305 131 52 nihil:
712 305 79 52 et
751 305 105 52 ideo
816 305 170 52 verissime
934 305 66 52 an-

274 347 166 48 nihilatur:
405 347 83 48 sed
452 347 107 48 tamen
523 347 166 48 accipiendo
654 347 166 48 annihilare
784 347 71 48 vt
820 347 166 48 communiter
939 347 59 48 ho-

269 393 127 47 mines
353 393 183 47 accipiunt
494 393 183 47 opponitur
634 393 197 47 creationi.
789 393 84 47 et
831 393 98 47 sic
873 393 127 47 creatu-

279 435 76 57 ra
317 435 89 57 non
368 435 127 57 potest
457 435 190 57 annihilare:
609 435 102 57 quia
673 435 114 57 sicut
749 435 114 57 solum
825 435 114 57 illud
889 435 114 57 dicitur

280 484 139 49 creare
378 484 112 49 quod
447 484 167 49 producit
573 484 153 49 aliquid
684 484 84 49 ex
726 484 139 49 nihilo
824 484 139 49 nullam
907 484 98 49 mate-

275 527 101 50 riam
338 527 240 50 praesupponendo.
540 527 76 50 et
578 527 101 50 quia
641 527 151 50 creatura
755 527 76 50 in
793 527 101 50 omni
856 527 139 50 actione
944 527 63 50 sua

275 570 190 47 necessario
425 570 218 47 praesupponit
602 570 177 47 materiam:
738 570 109 47 ideo
806 570 95 47 non
860 570 136 47 potest
942 570 68 47 an-

270 613 177 61 nihilare
403 613 103 61 aut
462 613 162 61 creare.
580 613 74 61 â‹
609 613 88 61 Ad
653 613 206 61 argumentum
815 613 88 61 in
845 613 162 61 oppositum

282 658 76 50 de
320 658 176 50 distantia.
459 658 101 50 dico
522 658 101 50 quod
585 658 113 50 nihil
660 658 164 50 concludit
786 658 101 50 nisi
849 658 101 50 vnum
899 658 101 50 falsum

274 698 142 59 scilicet
381 698 95 59 quod
440 698 142 59 creatura
546 698 106 59 nihil
617 698 118 59 potest
700 698 118 59 agere:
782 698 95 59 quia
842 698 106 59 tanta
912 698 83 59 est
948 698 59 59 di-

272 744 152 55 stantia
383 744 124 55 inter
465 744 166 55 terminum
590 744 69 55 a
617 744 97 55 quo
673 744 83 55 et
714 744 83 55 ad
755 744 110 55 quem
825 744 138 55 quando
907 744 97 55 forma

271 795 191 53 producitur
421 795 82 53 ab
462 795 136 53 agente
558 795 177 53 naturali:
694 795 123 53 sicut
776 795 82 53 si
803 795 191 53 produceretur

273 838 80 44 et
313 838 173 44 crearetur
446 838 173 44 immediate
579 838 67 44 a
605 838 106 44 deo:
672 838 106 44 quia
738 838 173 44 vtrobique
858 838 133 44 terminus

269 884 68 53 a
297 884 95 53 quo
351 884 95 53 est
406 884 123 53 purum
487 884 136 53 nihil:
583 884 109 53 quia
651 884 163 53 terminus
773 884 68 53 a
801 884 95 53 quo
855 884 95 53 non
896 884 109 53 potest

272 924 125 46 esse
351 924 172 46 materia
476 924 110 46 nec
538 924 141 46 forma
632 924 188 46 opposita
773 924 141 46 forme
851 924 141 46 introdu

275 969 143 48 cende:
375 969 100 48 nec
432 969 143 48 aliqua
532 969 114 48 pars
603 969 128 48 forme
688 969 200 48 generande:
845 969 100 48 sed
888 969 100 48 solum

272 1014 109 51 modo
341 1014 150 51 negatio
450 1014 136 51 illius
545 1014 123 51 forme
627 1014 109 51 quae
695 1014 123 51 purum
777 1014 123 51 nihil
859 1014 95 51 est
900 1014 95 51 sicut

271 1053 122 55 prius
353 1053 135 55 dictum
447 1053 108 55 est.
515 1053 108 55 ergo
583 1053 108 55 etc.
651 1053 81 55 Si
691 1053 122 55 dicas
772 1053 108 55 quod
840 1053 162 55 terminus
948 1053 41 55 a

276 1102 91 51 quo
328 1102 91 51 est
380 1102 143 51 aliquod
483 1102 181 51 compositum
626 1102 78 51 ex
665 1102 143 51 materia
769 1102 78 51 et
808 1102 91 51 non
859 1102 104 51 esse
911 1102 78 51 illi

267 1142 95 44 us
315 1142 159 44 forme.
426 1142 159 44 Contra
537 1142 206 44 distantia
696 1142 111 44 est
759 1142 222 44 accipienda
918 1142 79 44 pe-

264 1187 93 55 nes
317 1187 120 55 illam
397 1187 160 55 rationem
517 1187 133 55 quorum
610 1187 93 55 est
663 1187 186 55 oppositio.
810 1187 93 55 hoc
863 1187 120 55 autem
929 1187 67 55 non

273 1234 93 59 est
326 1234 146 59 ratione
432 1234 159 59 materie:
551 1234 93 59 sed
604 1234 119 59 solum
683 1234 146 59 ratione
789 1234 185 59 negationis
922 1234 79 59 for-

252 1274 152 75 me.
339 1274 174 75 ergo
448 1274 174 75 etc.
556 1274 261 75 Questio.
730 1274 152 75 viii.

398 1325 228 94 Ie
474 1325 531 94 dubitationem

426 1413 92 58 de
472 1413 215 58 eternitate
641 1413 139 58 mundi
733 1413 139 58 vtrum
826 1413 154 58 potuit
918 1413 77 58 fu-

428 1453 109 61 isse
497 1453 82 61 ab
538 1453 109 61 etno
606 1453 96 61 per
660 1453 177 61 potentiam
797 1453 164 61 diuinam.
906 1453 82 61 dico

265 1501 95 48 quod
324 1501 130 48 vtraque
419 1501 95 48 pars
478 1501 118 48 potest
561 1501 118 48 teneri
644 1501 71 48 et
679 1501 118 48 neutra
762 1501 118 48 potest
833 1501 166 48 sufficienter

253 1541 191 52 reprobari:
403 1541 109 52 quia
472 1541 123 52 tamen
554 1541 96 52 non
608 1541 150 52 videtur
717 1541 177 52 includere
840 1541 164 52 manifestam

254 1586 247 55 contradictionem
462 1586 130 55 mundum
553 1586 130 55 fuisse
644 1586 78 55 ab
683 1586 143 55 eterno:
787 1586 117 55 licet
852 1586 143 55 gaufredus

259 1633 126 51 dicat
343 1633 197 51 oppositum.
498 1633 112 51 ideo
568 1633 126 51 primo
652 1633 112 51 pono
722 1633 168 51 rationes
835 1633 154 51 probantes

260 1671 104 51 quod
325 1671 91 51 non
377 1671 131 51 potuit
469 1671 131 51 fuisse
560 1671 78 51 ab
599 1671 131 51 eterno
691 1671 104 51 quae
756 1671 117 51 magis
834 1671 117 51 inter
900 1671 91 51 illas

261 1716 162 55 videntur
382 1716 202 55 concludere.
544 1716 67 55 â‹
571 1716 121 55 Prima
652 1716 94 55 est
706 1716 108 55 quod
773 1716 162 55 infinita
881 1716 108 55 essent

253 1759 112 53 actu
323 1759 225 53 pertransita:
506 1759 112 53 quia
576 1759 168 53 infinite
702 1759 140 53 essent
786 1759 197 53 reuolutiones

262 1804 95 51 actu
322 1804 83 51 per
369 1804 155 51 transite:
489 1804 95 51 quia
548 1804 167 51 quaecunque
679 1804 95 51 data
739 1804 95 51 fuit
798 1804 95 51 alia
858 1804 119 51 prior:
929 1804 60 51 cum

266 1852 102 46 ergo
330 1852 115 46 omnes
407 1852 115 46 tales
484 1852 205 46 reuolutiones
650 1852 102 46 sint
714 1852 179 46 actualiter
842 1852 141 46 praeteri-

258 1891 86 60 te:
307 1891 148 60 sequitur
418 1891 98 60 quod
479 1891 148 60 infinita
590 1891 98 60 sunt
652 1891 98 60 actu
713 1891 185 60 praeterita.
861 1891 62 60 â‹
873 1891 111 60 Secunda

255 1936 93 53 qui
308 1936 107 53 tunc
375 1936 160 53 infinita
495 1936 134 53 essent
588 1936 120 53 actu:
669 1936 107 53 quia
735 1936 80 53 si
775 1936 134 53 essent
855 1936 134 53 infinite

249 1979 214 61 reuolutiones
422 1979 200 61 pertransite
582 1979 134 61 posito
676 1979 107 61 quod
743 1979 80 61 in
783 1979 160 61 qualibet
890 1979 93 61 reuo-

260 2025 150 54 lutione
369 2025 109 54 deus
437 2025 163 54 creasset
560 2025 109 54 vnum
628 2025 163 54 hominem:
751 2025 109 54 quia
819 2025 95 54 non
873 2025 95 54 est
914 2025 68 54 da-

250 2061 67 59 re
283 2061 111 59 primum
361 2061 122 59 hominem
450 2061 133 59 secundum
549 2061 189 59 commentatorem
705 2061 67 59 et
738 2061 177 59 philosophum.
882 2061 78 59 vel
915 2061 67 59 cre-

254 2116 115 57 asset
331 2116 154 57 qualibet
446 2116 90 57 die
497 2116 102 57 vnam
561 2116 128 57 animam
651 2116 230 57 intellectiuam:
843 2116 90 57 cum
882 2116 102 57 igitur

253 2158 82 43 ad
294 2158 218 43 corruptionem
471 2158 150 43 hominis
580 2158 95 43 non
634 2158 163 43 sequatur
756 2158 177 43 corruptio
879 2158 95 43 anime

260 2201 137 51 sequitur
362 2201 91 51 quod
419 2201 137 51 infinite
522 2201 114 51 essent
602 2201 103 51 anime
671 2201 91 51 actu
728 2201 160 51 existentes
853 2201 69 51 et
888 2201 80 51 sic
922 2201 57 51 ali

255 2243 97 49 quid
316 2243 109 49 esset
388 2243 170 49 actualiter
522 2243 158 49 infinitum
643 2243 73 49 in
680 2243 194 49 perfectione:
837 2243 97 49 quia
886 2243 97 49 vniuer

251 2291 119 54 sitas
330 2291 158 54 animarum
449 2291 106 54 quod
515 2291 145 54 videtur
621 2291 224 54 inconueniens.
805 2291 66 54 â‹
832 2291 132 54 Tertia
911 2291 66 54 est

256 2333 81 56 qui
303 2333 138 56 infinita
406 2333 115 56 essent
487 2333 127 56 excessa
579 2333 173 56 actualiter:
718 2333 92 56 quia
775 2333 138 56 secundum
879 2333 69 56 te
902 2333 81 56 infi-

251 2378 107 50 nite
317 2378 213 50 reuolutiones
490 2378 107 50 sunt
557 2378 200 50 praeterite:
717 2378 93 50 sed
770 2378 133 50 plures
863 2378 107 50 sunt
916 2378 67 50 re-

250 2422 163 56 uolutiones
379 2422 163 56 actualiter
507 2422 93 56 lune
565 2422 93 56 quam
624 2422 117 56 solis:
706 2422 93 56 ergo
764 2422 140 56 sequitur
869 2422 93 56 quod
916 2422 58 56 plu

248 2461 89 59 res
299 2461 114 59 erunt
375 2461 203 59 reuolutiones
540 2461 76 59 in
578 2461 165 59 infinitum
705 2461 178 59 actualiter
844 2461 101 59 lune
895 2461 76 59 quam

249 2510 124 54 solis:
335 2510 87 54 sed
385 2510 99 54 quod
447 2510 161 54 exceditur
570 2510 87 54 non
620 2510 87 54 est
670 2510 161 54 infinitum
793 2510 74 54 ex
830 2510 87 54 quo
880 2510 87 54 est
917 2510 62 54 ex-

248 2550 154 58 cessum.
360 2550 112 58 Item
430 2550 126 58 capio
514 2550 224 58 reuolutionem
697 2550 182 58 hodiernam
837 2550 84 58 et
865 2550 112 58 quaero

247 2599 89 54 an
292 2599 149 54 aliqua
396 2599 193 54 reuolutio
545 2599 149 54 distet
649 2599 74 54 a
679 2599 223 54 reuolutione
842 2599 134 54 hodier-

244 2644 74 64 na
281 2644 74 64 in
317 2644 160 64 infinitum
440 2644 86 64 aut
489 2644 111 64 nulla
563 2644 86 64 per
612 2644 246 64 contradictionem.
821 2644 74 64 Si
858 2644 111 64 nulla
920 2644 61 64 igi

1091 257 92 66 tur
1144 257 211 66 reuolutiones
1315 257 172 66 aggregate
1447 257 92 66 non
1500 257 119 66 erunt
1579 257 172 66 infinite.
1711 257 106 66 quia
1764 257 53 66 si

1104 324 93 55 cut
1157 324 79 55 in
1196 324 172 55 continuis
1329 324 225 55 permanentibus
1514 324 145 55 finitum
1620 324 145 55 additum
1712 324 106 55 finito

1102 360 83 55 non
1149 360 106 55 facit
1220 360 94 55 nisi
1279 360 142 55 finitum:
1385 360 71 55 et
1421 360 106 55 nullo
1491 360 94 55 modo
1550 360 165 55 infinitum.
1680 360 83 55 sic
1727 360 71 55 in
1751 360 59 55 su-

1104 407 176 60 cessiuis
1236 407 191 60 continuis
1383 407 191 60 reuolutio
1530 407 147 60 finita
1632 407 147 60 addita
1720 407 103 60 reuo-

1107 451 133 54 lutioni
1204 451 121 54 finite
1288 451 85 54 non
1337 451 109 54 facit
1409 451 97 54 nisi
1470 451 133 54 finitum
1567 451 73 54 et
1603 451 133 54 numquam
1688 451 133 54 infinitum

1092 492 94 55 sed
1145 492 81 55 si
1186 492 134 55 aliqua
1280 492 175 55 reuolutio
1414 492 134 55 distat
1508 492 67 55 a
1535 492 202 55 reuolutione
1683 492 134 55 hodierna

1103 538 85 54 in
1145 538 185 54 ifinitum.
1287 538 142 54 Quero.
1387 538 114 54 tunc
1458 538 85 54 de
1501 538 213 54 reuolutione
1657 538 156 54 immediate

1099 582 143 57 sequente
1207 582 108 57 illam
1278 582 191 57 reuolutionem
1434 582 84 57 sic
1481 582 155 57 distantem
1601 582 72 57 in
1637 582 167 57 infinitum:
1756 582 60 57 aut

1088 630 112 49 illa
1158 630 139 49 distat
1255 630 70 49 a
1283 630 209 49 reuolutione
1451 630 167 49 hodierna
1576 630 84 49 in
1618 630 181 49 infinitum
1743 630 70 49 aut

1098 673 92 56 non.
1156 673 69 56 si
1191 673 92 56 non:
1248 673 92 56 ergo
1306 673 81 56 nec
1352 673 162 56 praecedens
1479 673 138 56 distabit
1583 673 69 56 in
1618 673 150 56 infinitum
1733 673 58 56 a
1745 673 69 56 reuo

1092 712 161 58 lutione
1209 712 190 58 hodierna.
1355 712 88 58 Ex
1399 712 102 58 quo
1458 712 132 58 inter
1545 712 132 58 illas
1618 712 205 58 reuolutiones

1095 760 86 55 non
1144 760 86 55 est
1193 760 99 55 nisi
1255 760 160 55 distantia
1379 760 136 55 finita.
1477 760 74 55 si
1514 760 123 55 distet
1601 760 74 55 in
1638 760 160 55 infinitum
1761 760 62 55 a
1774 760 49 55 re

1094 807 182 50 uolutione
1234 807 168 50 hodierna
1360 807 126 50 eadem
1444 807 154 50 ratione
1556 807 112 50 alia
1626 807 182 50 immediate
1752 807 70 50 se-

1099 848 110 59 quens
1172 848 122 59 illam:
1258 848 147 59 distabit
1368 848 73 59 in
1405 848 171 59 infinitum:
1539 848 73 59 et
1576 848 98 59 alia
1637 848 98 59 post
1699 848 122 59 illam.
1772 848 49 59 et

1098 890 92 58 sic
1151 890 185 58 procedendo
1296 890 119 58 vsque
1375 890 79 58 ad
1414 890 211 58 reuolutionem
1586 890 185 58 hesternam.
1731 890 79 58 et
1757 890 66 58 per

1088 940 178 44 consequens
1228 940 166 44 reuolutio
1356 940 153 44 hesterna
1470 940 153 44 distaret
1585 940 76 44 in
1623 940 166 44 infinitum
1750 940 64 44 a
1763 940 51 44 re

1098 988 170 51 uolutione
1229 988 157 51 hodierna
1346 988 105 51 quod
1412 988 92 51 est
1464 988 170 51 manifeste
1595 988 144 51 falsum:
1699 988 105 51 quia
1752 988 65 51 ita

1087 1024 106 50 est
1147 1024 151 50 ponere
1253 1024 166 50 ordinem
1374 1024 91 50 in
1420 1024 272 50 accidentaliter
1631 1024 182 50 ordinatis:

1090 1060 135 65 sicut
1180 1060 90 65 in
1225 1060 255 65 essentialiter
1435 1060 210 65 ordinatis.
1599 1060 75 65 â‹
1629 1060 180 65 Preterea
1749 1060 60 65 si

1087 1111 111 62 sic.
1157 1111 194 62 sequeretur
1309 1111 111 62 quod
1379 1111 111 62 pars
1448 1111 194 62 integralis
1601 1111 125 62 esset
1684 1111 125 62 maior
1754 1111 69 62 to-

1089 1157 90 61 to:
1141 1157 128 61 probo.
1230 1157 90 61 sit
1282 1157 64 61 A
1307 1157 116 61 totum
1384 1157 128 61 tempus
1474 1157 193 61 praeteritum
1628 1157 180 61 terminatum
1757 1157 51 61 ad

1085 1198 193 57 principium
1237 1198 124 57 huius
1319 1198 124 57 diei.
1402 1198 83 57 et
1443 1198 69 57 S
1470 1198 124 57 totum
1553 1198 151 57 futurum
1649 1198 165 57 terminatum

1095 1250 76 52 ad
1133 1250 177 52 principium
1272 1250 113 52 huius
1348 1250 113 52 diei.
1423 1250 76 52 et
1461 1250 63 52 E
1486 1250 113 52 totum
1562 1250 189 52 praeteritum
1701 1250 113 52 termina

1088 1291 90 54 tum
1140 1291 77 54 ad
1178 1291 116 54 finem
1255 1291 116 54 huius
1333 1291 116 54 dici.
1410 1291 77 54 et
1449 1291 129 54 Dtotum
1539 1291 129 54 tempus
1629 1291 142 54 futurum
1719 1291 90 54 termi

1091 1334 129 58 natum
1177 1334 86 58 ad
1220 1334 129 58 finem
1306 1334 129 58 huius
1392 1334 129 58 diei.
1478 1334 115 58 Tunc
1550 1334 129 58 arguo
1636 1334 115 58 sic.
1708 1334 72 58 A
1736 1334 86 58 et
1765 1334 43 58 a

1085 1373 90 59 sunt
1141 1373 135 59 equalia:
1242 1373 90 59 quia
1299 1373 101 59 totum
1366 1373 113 59 tempus
1445 1373 169 59 praeteritum
1580 1373 146 59 terinatum
1692 1373 68 59 ad
1715 1373 90 59 princi

1083 1420 98 54 pium
1144 1420 110 54 huius
1218 1420 98 54 diei
1279 1420 74 54 et
1316 1420 74 54 ad
1353 1420 123 54 finem:
1439 1420 74 54 et
1476 1420 110 54 totum
1549 1420 123 54 tempus
1635 1420 135 54 futurum
1721 1420 86 54 teria

1096 1467 87 56 tum
1145 1467 74 56 ad
1182 1467 173 56 principium
1319 1467 111 56 huius
1393 1467 99 56 diei
1455 1467 99 56 sunt
1517 1467 149 56 equalia.
1628 1467 99 56 ergo
1690 1467 62 56 A
1715 1467 87 56 est
1752 1467 62 56 ma-

1087 1506 82 58 ius
1134 1506 70 58 C.
1169 1506 164 58 antecedens
1298 1506 82 58 est
1344 1506 105 58 verum
1415 1506 82 58 per
1461 1506 140 58 positum:
1567 1506 94 58 quia
1625 1506 82 58 tam
1672 1506 105 58 Aquam
1742 1506 58 58 B
1754 1506 58 58 est

1085 1554 104 54 tempus
1157 1554 146 54 infinitum.
1272 1554 177 54 consequentiam
1418 1554 104 54 probo:
1490 1554 83 54 quia
1542 1554 73 54 est
1584 1554 104 54 equale
1657 1554 62 54 Se
1688 1554 73 54 per
1719 1554 94 54 yvpothe

1083 1592 106 57 sim:
1149 1592 79 57 et
1189 1592 66 57 S
1215 1592 93 57 est
1268 1592 119 57 maius
1347 1592 119 57 Dquia
1427 1592 119 57 totum
1506 1592 132 57 tempus
1598 1592 145 57 futurum
1691 1592 119 57 termina

1077 1643 85 53 tum
1125 1643 73 53 ad
1162 1643 169 53 principium
1294 1643 109 53 huius
1367 1643 97 53 diei
1427 1643 85 53 est
1476 1643 109 53 maius
1548 1643 97 53 quam
1609 1643 109 53 totum
1681 1643 121 53 tempus
1754 1643 60 53 fu-

1074 1685 110 58 turum
1147 1685 147 58 teriatum
1257 1685 73 58 ad
1294 1685 110 58 finem
1367 1685 110 58 huius
1441 1685 110 58 diei.
1514 1685 98 58 ergo
1575 1685 98 58 quod
1637 1685 86 58 est
1686 1685 135 58 equale:
1771 1685 37 58 S

1093 1730 86 55 est
1142 1730 111 55 maius
1216 1730 74 55 D:
1253 1730 99 55 quia
1315 1730 74 55 si
1352 1730 99 55 vnum
1414 1730 124 55 equale
1500 1730 86 55 sit
1550 1730 111 55 maius
1624 1730 111 55 alio:
1685 1730 124 55 reliquum

1076 1772 107 61 erit
1143 1772 121 61 maius
1223 1772 134 61 eodem.
1317 1772 121 61 vltra
1411 1772 94 61 est
1464 1772 134 61 equale
1558 1772 121 61 Equia
1639 1772 121 61 totum
1706 1772 107 61 tempus

1077 1813 174 63 praeteritum
1217 1813 151 63 terinatum
1333 1813 70 63 ad
1367 1813 104 63 finem
1437 1813 104 63 huius
1506 1813 104 63 diei:
1576 1813 70 63 et
1611 1813 104 63 totum
1680 1813 116 63 tempus
1750 1813 58 63 fu-

1087 1863 111 43 turum
1161 1863 161 43 terinatum
1285 1863 74 43 ad
1322 1863 111 43 finem
1396 1863 111 43 huius
1470 1863 99 43 diei
1532 1863 99 43 sunt
1594 1863 148 43 equalia:
1705 1863 99 43 quia
1755 1863 49 43 am

1086 1901 80 50 bo
1126 1901 107 50 sunt
1193 1901 174 50 infinita.
1327 1901 80 50 et
1367 1901 80 50 si
1408 1901 67 50 A
1434 1901 94 50 est
1488 1901 121 50 maius
1569 1901 94 50 Dvt
1622 1901 161 50 probatum
1730 1901 80 50 est:

1079 1948 157 56 sequitur
1197 1948 118 56 etiam
1275 1948 105 56 quod
1340 1948 65 56 A
1367 1948 92 56 est
1419 1948 118 56 maius
1497 1948 118 56 Equia
1576 1948 118 56 maius
1654 1948 92 56 suo
1693 1948 105 56 equali

1077 1993 87 48 sed
1126 1993 62 48 A
1151 1993 87 48 est
1201 1993 100 48 pars
1263 1993 112 48 Equia
1338 1993 112 48 totum
1413 1993 125 48 tempus
1500 1993 174 48 prateritum
1637 1993 162 48 terinatum
1749 1993 50 48 ad

1077 2034 162 59 principium
1204 2034 104 59 huius
1274 2034 92 59 dici
1332 2034 81 59 est
1378 2034 92 59 pars
1435 2034 115 59 totius
1516 2034 139 59 temporis
1620 2034 162 59 praeteriti
1736 2034 69 59 ter-

1077 2083 121 54 minati
1162 2083 73 54 ad
1198 2083 109 54 finem
1270 2083 109 54 huius
1343 2083 109 54 diei.
1415 2083 97 54 ergo
1476 2083 145 54 sequitur
1584 2083 97 54 quod
1645 2083 97 54 pars
1693 2083 121 54 integra-

1071 2118 102 66 lis
1130 2118 102 66 est
1188 2118 131 66 maior
1275 2118 102 66 suo
1333 2118 131 66 toto:
1420 2118 116 66 quod
1493 2118 160 66 videtur
1595 2118 203 66 inconueniens

1069 2162 71 57 â‹
1097 2162 113 57 Item
1168 2162 113 57 sunt
1239 2162 99 57 tot
1295 2162 227 57 reuolutiones
1479 2162 113 57 post
1550 2162 198 57 reuolutiom
1692 2162 113 57 hodier

1079 2218 67 54 na
1112 2218 89 54 quot
1168 2218 100 54 ante:
1235 2218 112 54 maxime
1313 2218 134 54 secundum
1414 2218 167 54 intentionem
1548 2218 156 54 philosophi
1670 2218 78 54 sed
1704 2218 89 54 imposs

1071 2250 107 53 bile
1138 2250 94 53 est
1191 2250 120 53 omnes
1271 2250 214 53 reuolutiones
1445 2250 147 53 futuras
1552 2250 107 53 esse
1606 2250 187 53 pertransitas

1072 2300 68 56 et
1106 2300 79 56 hoc
1151 2300 102 56 totum
1218 2300 79 56 est
1264 2300 90 56 quia
1320 2300 90 56 sunt
1376 2300 147 56 infinite:
1489 2300 90 56 ergo
1546 2300 113 56 eoipso
1625 2300 90 56 quod
1681 2300 90 56 sunt
1726 2300 79 56 omnes

1068 2343 187 61 actualiter
1214 2343 200 61 pertransite
1374 2343 107 61 sunt
1441 2343 187 61 actualiter
1588 2343 173 61 infinite.
1721 2343 67 61 â‹
1734 2343 67 61 Pre

1076 2386 111 62 terea
1150 2386 99 62 quod
1211 2386 148 62 includit
1322 2386 234 62 contradictionem
1519 2386 123 62 mundum
1605 2386 123 62 fuisse
1691 2386 74 62 ab
1716 2386 74 62 eter

1065 2429 98 62 no:
1121 2429 181 62 probatur.
1260 2429 112 62 Quia
1330 2429 125 62 illud
1414 2429 112 62 quod
1483 2429 98 62 non
1539 2429 98 62 est
1595 2429 84 62 ex
1637 2429 84 62 se
1678 2429 84 62 ex
1706 2429 84 62 natu

1076 2479 84 53 ra
1118 2479 98 53 sua
1174 2479 98 53 est
1231 2479 155 53 nonens:
1343 2479 98 53 ita
1399 2479 112 53 quod
1470 2479 98 53 nec
1526 2479 98 53 ens
1582 2479 197 53 formaliter
1723 2479 70 53 nec

1064 2525 176 53 effectiue.
1203 2525 88 53 non
1253 2525 113 53 solum
1328 2525 176 53 producitur
1467 2525 75 53 ab
1504 2525 101 53 alio
1567 2525 138 53 quantum
1668 2525 75 53 ad
1705 2525 101 53 suum
1756 2525 50 53 fa

1069 2568 88 46 ctum
1124 2568 99 46 esse:
1190 2568 99 46 sicut
1256 2568 110 46 radius
1333 2568 99 46 habet
1399 2568 88 46 esse
1455 2568 55 46 a
1477 2568 88 46 sole
1532 2568 66 46 si
1565 2568 77 46 sol
1609 2568 77 46 eet
1653 2568 132 46 eternus:
1741 2568 55 46 sed

1065 2607 176 54 producitur
1204 2607 76 54 ab
1242 2607 101 54 alio
1305 2607 139 54 quantum
1406 2607 76 54 ad
1443 2607 101 54 suum
1506 2607 126 54 fieri:
1594 2607 101 54 quia
1657 2607 88 54 sic
1695 2607 101 54 nullus

1057 2654 166 66 transitus
1185 2654 64 66 a
1211 2654 230 66 contradictorio
1402 2654 77 66 in
1441 2654 243 66 contradictorium
1645 2654 141 66 potest.
1734 2654 77 66 fien
