2310 3088
288 247 58 75 â‹
312 247 69 75 Ad
346 247 104 75 aliud
415 247 92 75 dico
473 247 92 75 quod
531 247 173 75 philosophus
669 247 127 75 accipit
761 247 173 75 quantitatem
900 247 104 75 large
957 247 58 75 pro

293 315 110 50 omni
362 315 83 50 eo
404 315 110 50 quod
473 315 97 50 est
528 315 193 50 diuisibile
680 315 83 50 in
721 315 138 50 plures
818 315 138 50 partes
901 315 124 50 eiusdem

296 362 172 43 rationis:
428 362 93 43 sed
481 362 119 43 illud
561 362 93 43 sic
614 362 186 43 diuisibile
760 362 146 43 dicitur
853 362 159 43 dupliciter

290 397 94 47 aut
343 397 108 47 quia
411 397 121 47 illud
491 397 188 47 diuisibile
639 397 175 47 diuiditur
774 397 81 47 in
814 397 135 47 partes
895 397 121 47 eiusdem

292 446 141 51 rationis
398 446 165 51 distinctas
528 446 94 51 loco
586 446 71 51 et
622 446 106 51 situ:
692 446 71 51 et
728 446 82 51 sic
775 446 129 51 quantum
869 446 82 51 non
904 446 118 51 competit

294 486 121 46 tantum
379 486 182 46 quantitati:
524 486 85 46 sed
573 486 97 46 omni
633 486 158 46 existenti
754 486 85 46 sub
803 486 170 46 quantitate
924 486 97 46 exten-

291 531 118 48 siue
365 531 118 48 siue
439 531 104 48 sit
498 531 133 48 forma
587 531 118 48 siue
661 531 178 48 materia.
794 531 89 48 Et
839 531 104 48 sic
883 531 133 48 materia

293 575 141 52 dicitur
396 575 180 52 quantitas:
537 575 77 52 et
576 575 116 52 forma
653 575 90 52 tam
704 575 218 52 substantialis
884 575 103 52 quam
935 575 90 52 acci-

288 622 176 60 dentalis
420 622 161 60 extensa
538 622 88 60 in
582 622 176 60 matetia.
714 622 117 60 Quia
787 622 117 60 alia
861 622 117 60 pars
919 622 103 60 forme

289 662 230 56 substantialis
479 662 81 56 et
519 662 216 56 accidentalis
695 662 81 56 et
736 662 149 56 materia
844 662 149 56 extensa
938 662 68 56 per

297 717 184 48 quantitatem
444 717 135 48 existit
543 717 184 48 simpliciter
690 717 86 48 sub
739 717 98 48 alia
801 717 111 48 parte
875 717 135 48 materie
961 717 49 48 et

285 753 198 54 quantitatis.
446 753 111 54 Patet
520 753 149 54 exemplum
631 753 74 54 de
668 753 99 54 igne
730 753 74 54 et
767 753 186 54 generaliter
916 753 74 54 de
941 753 74 54 omni

287 797 119 44 forma
366 797 79 44 et
406 797 146 44 materia
512 797 146 44 extensa
618 797 93 44 per
671 797 212 44 quantitatem:
843 797 106 44 quia
909 797 79 44 ad
936 797 79 44 sen-

284 839 90 57 sum
336 839 129 57 patet:
426 839 103 57 quia
490 839 90 57 vna
542 839 103 57 pars
606 839 116 57 forme
684 839 77 57 et
722 839 142 57 materie
826 839 77 57 et
851 839 168 57 quantitatis

291 889 119 56 potest
374 889 155 56 anihilari
494 889 95 56 alia
553 889 107 56 parte
625 889 143 56 manente.
732 889 95 56 ergo
792 889 143 56 sequitur
899 889 95 56 quod
946 889 60 56 tam

281 935 125 39 forma
364 935 235 39 substantialis
558 935 111 39 quam
627 935 221 39 accidentalis
807 935 152 39 extensa
918 935 83 39 in
946 935 55 39 ma

285 976 111 48 teria
359 976 99 48 quam
420 976 111 48 etiam
495 976 136 48 materia
593 976 136 48 extensa
692 976 86 48 per
741 976 185 48 quantitatem
890 976 111 48 habet
951 976 62 48 par

285 1023 85 44 tes
333 1023 134 44 eiusdem
431 1023 146 44 rationis
540 1023 170 44 distinctas
673 1023 109 44 loco.
746 1023 73 44 et
783 1023 158 44 situetiam
904 1023 73 44 si
928 1023 73 44 deus

282 1060 190 55 separaret
429 1060 219 55 quantitatem
604 1060 73 55 a
633 1060 117 55 tali
706 1060 205 55 composito.
852 1060 161 55 nihilomi-

280 1105 112 62 nesns
354 1105 137 62 materia
454 1105 75 62 et
492 1105 112 62 forma
567 1105 87 62 tam
617 1105 212 62 substantialis
791 1105 100 62 quam
841 1105 175 62 accidentalis

282 1147 131 49 haberet
377 1147 119 49 partes
460 1147 131 49 eiusdem
555 1147 154 49 rationis:
674 1147 71 49 et
710 1147 107 49 esset
781 1147 178 49 diuisibilis
924 1147 71 49 in
948 1147 59 49 eas

275 1195 134 49 tamque
368 1195 80 49 in
409 1195 134 49 partes
503 1195 188 49 distinctas
650 1195 107 49 loco
717 1195 80 49 et
757 1195 107 49 situ
824 1195 94 49 ita
878 1195 107 49 bene
932 1195 80 49 sine

285 1240 175 56 quantitate
422 1240 113 56 sicut
497 1240 88 56 sub
547 1240 188 56 quantitate.
697 1240 75 56 et
735 1240 75 56 ex
772 1240 88 56 hoc
822 1240 150 56 sequitur
922 1240 75 56 quod

284 1281 142 56 materia
387 1281 155 56 separata
504 1281 65 56 a
529 1281 181 56 quantitate
671 1281 116 56 habet
749 1281 129 56 partem
839 1281 116 56 extra
904 1281 103 56 parten

277 1325 64 46 et
309 1325 75 46 non
352 1325 107 46 tantum
427 1325 107 46 partem
501 1325 75 46 sub
544 1325 96 46 parte
608 1325 96 46 sicut
672 1325 149 46 communiter
789 1325 117 46 dicitur
874 1325 85 46 quod
928 1325 64 46 si
949 1325 64 46 ille

275 1371 132 54 partes
367 1371 105 54 sint
433 1371 171 54 distincte
564 1371 105 54 loco
630 1371 79 54 et
670 1371 105 54 situ
736 1371 92 54 vna
788 1371 92 54 est
841 1371 118 54 extra
907 1371 105 54 aliam:

282 1415 75 55 et
319 1415 112 55 eodem
394 1415 100 55 modo
456 1415 87 55 est
505 1415 75 55 de
543 1415 112 55 forma
617 1415 87 55 tam
667 1415 199 55 substantiali
829 1415 100 55 quam
879 1415 124 55 acciden-

283 1458 111 45 tali
352 1458 152 45 extensa
463 1458 83 45 in
505 1458 166 45 materia.
630 1458 83 45 Si
671 1458 125 45 dicas
754 1458 111 45 quod
824 1458 111 45 tunc
879 1458 125 45 materia

275 1503 199 50 circumscripta
439 1503 164 50 quantitate
568 1503 105 50 habet
638 1503 187 50 extensionem:
790 1503 94 50 quia
848 1503 105 50 habet
906 1503 94 50 partem

275 1550 79 46 ex
314 1550 145 46 partem.
420 1550 105 46 Dico
485 1550 105 46 alio
551 1550 105 46 modo
617 1550 132 46 potest
709 1550 105 46 esse
775 1550 145 46 aliquid
867 1550 145 46 diuisibi-

276 1586 86 62 le:
325 1586 98 62 quia
386 1586 122 62 potest
471 1586 122 62 diuidi
557 1586 73 62 in
594 1586 122 62 partes
679 1586 134 62 eiusdem
777 1586 147 62 rationis
875 1586 134 62 indistin-

278 1634 111 43 ctas
347 1634 111 43 loco
417 1634 83 43 et
458 1634 125 43 situ.
541 1634 83 43 et
583 1634 97 43 sic
638 1634 152 43 habitus
749 1634 194 43 existentes
887 1634 111 43 subie-

285 1676 121 51 ctiue
365 1676 81 51 in
406 1676 188 51 intellectu
554 1676 81 51 et
594 1676 175 51 voluntate
729 1676 148 51 possunt
836 1676 108 51 dici
890 1676 108 51 quanti

288 1728 99 46 quia
350 1728 137 46 possunt
449 1728 124 46 diuidi
536 1728 74 46 in
573 1728 124 46 partes
660 1728 137 46 eiusdem
759 1728 149 46 rationis
858 1728 137 46 indistin-

279 1762 92 59 ctas
337 1762 104 59 tamen
406 1762 92 59 loco
464 1762 69 59 et
498 1762 92 59 situ
556 1762 69 59 et
591 1762 104 59 etiam
660 1762 150 59 subiecto.
775 1762 92 59 Tunc
833 1762 69 59 ad
856 1762 138 59 philosophu

276 1810 96 60 dico
336 1810 96 60 quod
396 1810 132 60 accipit
493 1810 132 60 quantum
589 1810 108 60 large
661 1810 84 60 pro
709 1810 96 60 omni
769 1810 72 60 eo
805 1810 96 60 quod
866 1810 84 60 est
902 1810 108 60 diuisi-

275 1850 101 49 bile
338 1850 76 49 in
376 1850 126 49 partes
464 1850 139 49 eiusdem
565 1850 151 49 rationis
679 1850 101 49 siue
742 1850 101 49 sint
805 1850 164 49 distincte
918 1850 76 49 loco

275 1900 78 46 et
314 1900 104 46 situ
379 1900 104 46 siue
444 1900 104 46 non:
508 1900 104 46 siue
573 1900 130 46 partes
664 1900 143 46 maneant
768 1900 104 46 siue
832 1900 104 46 non:
897 1900 78 46 et
923 1900 78 46 isto

274 1941 90 52 modo
330 1941 101 52 motus
398 1941 124 52 dicitur
488 1941 124 52 quantus
578 1941 124 52 ratione
668 1941 135 52 termini:
770 1941 68 52 et
803 1941 90 52 isto
860 1941 90 52 modo
905 1941 90 52 dicier

275 1984 126 51 motus
359 1984 154 51 localis
471 1984 154 51 quantus
583 1984 154 51 propter
696 1984 154 51 diuersa
808 1984 98 51 vbi
850 1984 154 51 acquisita

272 2032 91 53 per
324 2032 117 53 illum
402 2032 130 53 motum.
493 2032 78 53 Si
532 2032 104 53 enim
597 2032 117 53 motus
676 2032 143 53 localis
780 2032 143 53 diceret
871 2032 117 53 aliquio

273 2072 173 49 absolutum
406 2072 186 49 distinctum
552 2072 80 49 ab
592 2072 93 49 vbi
645 2072 186 49 acquisitum
791 2072 93 49 per
844 2072 133 49 motum:
924 2072 80 49 tunc

276 2118 118 44 motus
354 2118 118 44 esset
433 2118 183 44 perfectior
577 2118 144 44 termino
681 2118 131 44 motus:
773 2118 105 44 quod
838 2118 131 44 falsum
917 2118 78 44 est.

273 2161 67 46 â‹
299 2161 81 46 Ad
340 2161 121 46 aliud
421 2161 108 46 dico
488 2161 108 46 quod
555 2161 135 46 passio
650 2161 94 46 vno
704 2161 108 46 modo
771 2161 175 46 accipitur
906 2161 94 46 per
946 2161 54 46 ac

273 2207 140 51 cidente
375 2207 127 51 aliquo
464 2207 166 51 existente
592 2207 76 51 in
630 2207 127 51 genere
719 2207 191 51 accidentis.
872 2207 76 51 et
910 2207 89 51 sic
948 2207 51 51 ve

264 2249 163 47 locitas
383 2249 89 47 et
427 2249 178 47 tarditas
561 2249 104 47 non
620 2249 119 47 sunt
694 2249 193 47 passiones
843 2249 104 47 vel
887 2249 104 47 acci-

279 2293 124 59 dentia
366 2293 124 59 motus.
452 2293 99 59 Alio
515 2293 99 59 modo
577 2293 161 59 accipitur
701 2293 87 59 pro
751 2293 75 59 eo
788 2293 99 59 quod
838 2293 161 59 contigentur

270 2336 78 48 et
309 2336 91 48 per
361 2336 156 48 accidens
479 2336 156 48 probatur
596 2336 78 48 de
635 2336 143 48 aliquo.
739 2336 78 48 et
778 2336 91 48 sic
831 2336 169 48 velocitas
948 2336 52 48 et

266 2384 155 53 tarditas
382 2384 103 53 sunt
447 2384 181 53 accidentia
588 2384 129 53 motui:
679 2384 103 53 quia
743 2384 193 53 contigenter
885 2384 116 53 praedi-

282 2427 116 54 cantur
364 2427 70 54 de
398 2427 104 54 motu:
468 2427 93 54 quia
526 2427 151 54 aliquando
642 2427 185 54 praedicantur
792 2427 70 54 de
827 2427 93 54 motu
874 2427 127 54 aliquando

275 2471 112 48 non.
345 2471 98 48 Sed
401 2471 84 48 ad
443 2471 182 48 saluandum
583 2471 210 48 velocitatem
751 2471 84 48 et
793 2471 196 48 tarditatem
933 2471 56 48 in

275 2518 109 53 motu
344 2518 205 53 aduertendum
508 2518 96 53 est
562 2518 109 53 quod
631 2518 96 53 non
686 2518 96 53 est
740 2518 109 53 dare
809 2518 137 53 primam
891 2518 109 53 partem

275 2558 121 64 forme
355 2558 175 64 acquisite
490 2558 94 64 per
543 2558 107 64 motu
610 2558 94 64 nec
664 2558 161 64 secundam
785 2558 94 64 nec
839 2558 148 64 tertiam
933 2558 67 64 di-

268 2604 162 55 stincte
386 2604 103 55 nec
445 2604 177 55 vltimam.
578 2604 89 55 Et
622 2604 89 55 si
667 2604 148 55 aliqua
770 2604 118 55 pars
844 2604 133 55 forme
917 2604 74 55 sit

263 2650 179 56 acquisita
401 2650 96 56 per
456 2650 124 56 motum
539 2650 96 56 non
594 2650 96 56 est
649 2650 110 56 dare
718 2650 138 56 primam
814 2650 138 56 partem
897 2650 96 56 aliam

1121 260 169 72 immediate
1251 260 169 72 sequentem
1380 260 117 72 istam
1458 260 130 72 partem
1549 260 91 72 iam
1601 260 181 72 acquisitam
1730 260 117 72 propter

1115 318 108 54 duo.
1182 318 94 54 tum
1236 318 108 54 quia
1303 318 108 54 tunc
1370 318 121 54 motus
1451 318 215 54 componeretur
1626 318 81 54 ex
1653 318 188 54 indiuisibili

1120 359 109 55 bus:
1189 359 109 55 quia
1257 359 109 55 illa
1325 359 109 55 pars
1393 359 178 55 immediate
1530 359 178 55 acquisita
1667 359 123 55 esset
1735 359 109 55 indiui

1122 400 141 62 sibilis
1224 400 115 62 eadem
1301 400 141 62 ratione
1403 400 77 62 et
1442 400 115 62 alia.
1518 400 77 62 et
1557 400 89 62 sic
1608 400 102 62 omns
1672 400 128 62 partes
1749 400 89 62 motus

1109 454 131 51 essent
1201 454 237 51 indiuisibiles:
1398 454 79 51 et
1438 454 105 51 tunc
1503 454 118 51 motus
1582 454 210 51 componeretur
1753 454 79 51 ex
1779 454 53 51 in

1112 495 237 54 diuisibilibus.
1310 495 92 54 Tum
1362 495 105 54 quia
1428 495 79 54 si
1468 495 119 54 esset
1547 495 105 54 dare
1613 495 132 54 primam
1705 495 132 54 partem
1784 495 53 54 ad

1115 533 169 67 quaerendam
1248 533 96 67 post
1308 533 108 67 istam
1380 533 169 67 acquisitam
1513 533 169 67 sequeretur
1645 533 96 67 quod
1705 533 108 67 illud
1766 533 60 67 mo-

1113 578 101 66 bile
1177 578 89 66 cui
1227 578 203 66 acquireretur
1392 578 101 66 ista
1456 578 114 66 forma
1532 578 89 66 non
1582 578 178 66 moueretur.
1709 578 127 66 probatur

1116 628 194 59 consequentia
1274 628 73 59 in
1310 628 97 59 motu
1371 628 122 59 locali
1456 628 85 59 vbi
1505 628 85 59 est
1553 628 109 59 magis
1626 628 182 59 manifestum:
1760 628 73 59 quia

1106 674 130 49 quando
1197 674 104 49 vnum
1262 674 130 49 corpus
1353 674 143 49 existit
1457 674 78 49 in
1496 674 117 49 eodem
1574 674 91 49 vbi
1626 674 78 49 de
1665 674 117 49 facto
1743 674 91 49 non
1782 674 52 49 po

1104 721 132 50 nendo
1192 721 190 50 miraculum
1338 721 102 50 per
1397 721 190 50 potentiam
1543 721 161 50 diuinam
1660 721 102 50 dum
1718 721 102 50 duo
1762 721 73 50 com

1103 760 210 62 tradictoria
1271 760 196 62 extrinseca
1425 760 182 62 succedant
1564 760 112 62 sibi
1634 760 182 62 continue:
1760 760 70 62 ita

1103 806 103 49 quod
1168 806 103 49 vnum
1232 806 90 49 vbi
1283 806 167 49 coexistit
1412 806 129 49 duobus
1502 806 245 49 contradictoriis
1695 806 142 49 succeden-

1110 850 116 49 tibus
1187 850 103 49 tunc
1252 850 129 49 corpus
1342 850 154 49 existens
1458 850 77 49 in
1496 850 103 49 tali
1561 850 90 49 vbi
1612 850 90 49 non
1664 850 142 49 mouetur
1767 850 90 49 sed

1104 895 142 60 quiescit
1211 895 107 60 sicut
1282 895 107 60 patet
1353 895 83 60 per
1401 895 166 60 praedicta:
1531 895 83 60 sed
1579 895 71 60 si
1614 895 107 60 esset
1686 895 95 60 dare
1733 895 95 60 primum

1112 937 95 50 vbi
1167 937 204 50 acquirendum
1330 937 109 50 post
1398 937 95 50 vbi
1453 937 95 50 iam
1507 937 191 50 acquisitum
1657 937 95 50 hoc
1698 937 136 50 sequere-

1104 979 97 63 tur
1159 979 110 63 etc.
1228 979 180 63 Assumptum
1367 979 180 63 probatur:
1505 979 110 63 quia
1574 979 97 63 dum
1629 979 69 63 a
1657 979 138 63 mobile
1739 979 97 63 acqui

1099 1026 95 63 rit
1154 1026 136 63 primum
1249 1026 95 63 vbi
1303 1026 109 63 post
1371 1026 136 63 primum
1466 1026 95 63 iam
1520 1026 190 63 acquisitum
1669 1026 136 63 posito
1751 1026 81 63 quod

1101 1064 97 67 be
1149 1064 161 67 mobile
1262 1064 193 67 moueatur
1407 1064 209 67 velocius:
1567 1064 129 67 tunc
1648 1064 161 67 mobile
1744 1064 97 67 quod

1111 1115 167 53 velocius
1236 1115 153 53 mouetur
1347 1115 83 53 in
1389 1115 139 53 equali
1486 1115 153 53 tempore
1598 1115 167 53 acquirit
1723 1115 111 53 plus
1778 1115 56 53 de

1105 1153 121 60 spacio
1190 1153 73 60 et
1226 1153 85 60 per
1275 1153 170 60 consequens
1408 1153 109 60 plura
1481 1153 85 60 vbi
1529 1153 97 60 quam
1590 1153 121 60 mobile
1674 1153 97 60 quod
1723 1153 109 60 tardius

1108 1203 168 51 mouetur:
1234 1203 112 51 ergo
1303 1203 84 51 in
1345 1203 154 51 tempore
1457 1203 98 51 quo
1513 1203 70 51 a
1541 1203 140 51 mobile
1639 1203 154 51 tardius
1736 1203 98 51 exti-

1105 1240 106 64 tit
1166 1240 106 64 sub
1226 1240 198 64 negatione
1379 1240 106 64 vbi
1439 1240 198 64 immediate
1592 1240 213 64 acquirendi
1744 1240 91 64 post

1103 1291 98 56 vbi
1159 1291 98 56 iam
1215 1291 209 56 acquisitum.
1382 1291 84 56 be
1424 1291 140 56 mobile
1522 1291 154 56 existit
1634 1291 98 56 sub
1675 1291 154 56 negatione

1102 1333 100 53 vbi
1159 1333 86 53 et
1202 1333 100 53 sub
1259 1333 229 53 affirmatione
1445 1333 157 53 eiusdem
1559 1333 100 53 vbi
1617 1333 215 53 acquirendi.
1774 1333 57 53 et

1092 1376 156 55 similiter
1212 1376 72 55 in
1248 1376 96 55 illo
1308 1376 132 55 tempore
1404 1376 72 55 in
1440 1376 84 55 quo
1488 1376 60 55 a
1512 1376 132 55 existit
1608 1376 84 55 sub
1656 1376 108 55 primo
1728 1376 84 55 vbi
1764 1376 60 55 ac-

1096 1419 170 59 quirendo
1223 1419 85 59 be
1266 1419 156 59 existit
1379 1419 85 59 et
1421 1419 170 59 acquirit
1549 1419 198 59 negationem
1705 1419 85 59 et
1733 1419 99 59 affir

1093 1466 168 58 mationem
1219 1466 168 58 alterius
1345 1466 112 58 vbi.
1415 1466 126 58 istud
1499 1466 140 58 patet:
1597 1466 112 58 quia
1667 1466 84 58 si
1709 1466 84 58 in
1737 1466 84 58 tem-

1100 1506 116 56 pore
1172 1506 101 56 quo
1230 1506 72 56 a
1258 1506 144 56 mobile
1360 1506 159 56 existit
1475 1506 101 56 sub
1533 1506 231 56 affirmatione
1721 1506 87 56 et
1750 1506 72 56 ne-

1101 1558 160 55 gatione
1218 1558 131 55 primi
1306 1558 102 55 vbi
1364 1558 219 55 acquirendi:
1539 1558 88 55 be
1583 1558 146 55 mobile
1670 1558 146 55 velocius

1098 1601 188 53 acquirit
1239 1601 141 53 plura
1333 1601 125 53 vbi:
1412 1601 125 53 quia
1490 1601 188 53 acquirit
1631 1601 125 53 plus
1710 1601 94 53 de
1741 1601 94 53 spa-

1099 1637 117 61 cio:
1172 1637 117 61 ergo
1245 1637 88 61 in
1289 1637 161 61 tempore
1406 1637 88 61 in
1450 1637 102 61 quo
1508 1637 73 61 a
1537 1637 175 61 acquirit
1668 1637 117 61 vnum
1741 1637 102 61 vbi
1785 1637 44 61 b

1094 1682 196 59 acquirit
1241 1682 114 59 duo
1306 1682 114 59 vbi
1372 1682 98 59 ad
1421 1682 163 59 minus:
1535 1682 131 59 quia
1617 1682 196 59 pauciora
1748 1682 65 59 no

1098 1730 146 48 potest
1201 1730 190 48 acquirere
1346 1730 88 48 si
1390 1730 88 48 in
1434 1730 117 48 illo
1507 1730 161 48 tempore
1624 1730 175 48 acquirit
1740 1730 88 48 plu-

1098 1776 70 57 ra
1133 1776 93 57 quam
1191 1776 58 57 a
1215 1776 93 57 quod
1273 1776 140 57 acquirit
1378 1776 116 57 tantum
1459 1776 105 57 vnum:
1529 1776 81 57 sed
1576 1776 70 57 si
1610 1776 93 57 sint
1669 1776 81 57 duo
1715 1776 81 57 vbi
1750 1776 70 57 sunt

1088 1818 119 61 due
1156 1818 288 61 affirmationes
1393 1818 203 61 habentes
1546 1818 136 61 duas
1614 1818 203 61 negationes

1099 1863 123 46 ergo
1175 1863 107 46 nil
1237 1863 169 46 oportet
1359 1863 153 46 ponere
1467 1863 107 46 pro
1528 1863 123 46 illo
1604 1863 169 46 tempore
1727 1863 107 46 quo
1773 1863 46 46 a

1097 1908 156 50 mobile
1206 1908 171 50 extitit
1331 1908 109 50 sub
1393 1908 109 50 vbi
1456 1908 218 50 acquirendo
1627 1908 187 50 transitb
1752 1908 62 50 mo

1089 1947 123 56 bile
1165 1947 107 56 per
1227 1947 123 56 duas
1303 1947 260 56 affirmationes
1518 1947 92 56 et
1564 1947 230 56 negationes:
1732 1947 92 56 puta

1096 1994 92 51 per
1148 1994 183 51 negationes
1292 1994 131 51 duorum
1384 1994 92 51 vbi
1436 1994 78 51 et
1475 1994 105 51 ipsa
1540 1994 105 51 vbi:
1606 1994 78 51 et
1645 1994 92 51 sic
1697 1994 118 51 illud
1763 1994 65 51 vbi

1088 2042 87 50 in
1132 2042 102 50 quo
1190 2042 160 50 existit
1306 2042 73 50 a
1335 2042 189 50 coexistit
1480 2042 145 50 multis
1567 2042 247 50 contradictoriis

1084 2076 253 57 succedentibus
1293 2076 194 57 continue:
1442 2076 104 57 vel
1501 2076 164 57 oportet
1620 2076 119 57 quod
1695 2076 89 57 in
1725 2076 89 57 illo

1094 2130 151 45 tempore
1204 2130 96 45 quo
1259 2130 69 45 a
1287 2130 151 45 existit
1396 2130 96 45 sub
1451 2130 179 45 negatione
1589 2130 137 45 illius
1685 2130 124 45 primi
1753 2130 69 45 vbi

1091 2172 195 53 acquirendi
1245 2172 84 53 be
1286 2172 154 53 existit
1398 2172 98 53 sub
1454 2172 181 53 negatione
1594 2172 84 53 et
1622 2172 195 53 affirmatione

1092 2217 161 53 alterius
1213 2217 94 53 vbi
1266 2217 215 53 acquisitilin
1441 2217 108 53 illo
1509 2217 148 53 tempore
1616 2217 94 53 per
1670 2217 121 53 motum
1737 2217 81 53 suum

1090 2253 185 54 velociorem.
1238 2253 74 54 et
1275 2253 74 54 si
1312 2253 86 54 sic
1361 2253 197 54 intelligitur
1521 2253 123 54 semper
1608 2253 148 54 sequitur
1719 2253 99 54 quod
1768 2253 37 54 a

1091 2306 95 52 non
1146 2306 176 52 mouebitur
1281 2306 108 52 data
1349 2306 176 52 vpothesi:
1484 2306 108 52 quia
1552 2306 135 52 semper
1647 2306 108 52 vnum
1714 2306 95 52 vbi
1755 2306 54 52 in

1094 2350 91 48 quo
1146 2350 143 48 existit
1250 2350 65 48 a
1276 2350 169 48 coexistit
1405 2350 130 48 duobus
1496 2350 246 48 contradictoriis
1703 2350 104 48 sibi
1755 2350 65 48 suc

1083 2391 187 57 cedentibus:
1232 2391 100 57 quia
1295 2391 162 57 negationi
1420 2391 75 57 et
1457 2391 200 57 affirmationi
1619 2391 125 57 illius
1707 2391 87 57 vbi
1744 2391 75 57 quod

1085 2438 151 46 acquirit
1198 2438 63 46 b
1223 2438 88 46 per
1274 2438 113 46 motum
1349 2438 113 46 suum.
1424 2438 100 46 quia
1487 2438 113 46 sicut
1562 2438 151 46 arguitur
1675 2438 75 46 in
1713 2438 100 46 motu
1763 2438 50 46 lo

1087 2480 129 57 cali:
1173 2480 101 57 ita
1230 2480 101 57 est
1288 2480 86 57 in
1331 2480 115 57 motu
1403 2480 230 57 alterationis
1590 2480 86 57 et
1619 2480 201 57 augmentatio.

1078 2524 117 54 nis:
1151 2524 117 54 ergo
1225 2524 219 54 impossibile
1400 2524 102 54 est
1459 2524 88 54 in
1502 2524 146 54 aliquo
1605 2524 132 54 motum
1692 2524 117 54 dare
1751 2524 73 54 pri

1081 2569 98 51 mam
1137 2569 139 51 partem
1234 2569 125 51 forme
1318 2569 195 51 acquirende
1471 2569 112 51 post
1541 2569 139 51 formam
1639 2569 98 51 iam
1681 2569 139 51 acquisi-

1090 2616 95 46 tam:
1150 2616 95 46 immo
1209 2616 167 46 quaecunque
1340 2616 95 46 pars
1400 2616 167 46 acquiritur
1531 2616 83 46 per
1579 2616 107 46 motum
1650 2616 83 46 est
1686 2616 131 46 diuisibi-

1089 2655 90 64 lis
1141 2655 77 64 in
1179 2655 180 64 infinitum:
1320 2655 90 64 ita
1372 2655 103 64 quod
1436 2655 103 64 ante
1500 2655 116 64 istam
1577 2655 128 64 partem
1667 2655 116 64 datam
1731 2655 77 64 fuit
