2265 3045
414 252 160 76 frigus:
531 252 87 76 et
575 252 102 76 per
633 252 131 76 alium
720 252 189 76 inducitur
866 252 131 76 calor
953 252 87 76 in
997 252 131 76 primo
1070 252 87 76 motu

416 307 99 66 est
472 307 127 66 prima
557 307 113 66 pars
628 307 226 66 frigiditatis
812 307 170 66 terminus
939 307 71 66 a
967 307 113 66 quo:
1038 307 85 66 et
1066 307 85 66 eius

424 354 157 60 negatio
538 354 171 60 terminus
666 354 86 60 ad
709 354 128 60 quem.
795 354 86 60 Et
837 354 143 60 postea
937 354 114 60 alia
1008 354 114 60 pars
1065 354 86 60 ter-

430 397 129 56 minus
516 397 72 56 a
545 397 115 56 quo.
616 397 86 56 et
660 397 115 56 eius
731 397 158 56 negatio
846 397 172 56 terminus
976 397 86 56 ad
1019 397 129 56 quem.
1091 397 57 56 et

431 440 100 58 sic
488 440 114 58 quot
559 440 114 58 sunt
631 440 143 58 partes
731 440 100 58 tot
788 440 114 58 sunt
860 440 200 58 negationes
1003 440 143 58 opposite

421 490 119 57 illis
500 490 172 57 partibus.
632 490 79 57 et
672 490 106 57 tunc
738 490 119 57 illud
817 490 132 57 mobile
909 490 92 57 est
962 490 119 57 parti
1041 490 79 57 in
1068 490 79 57 ter-

426 528 115 64 mino
497 528 72 64 a
526 528 115 64 quo:
598 528 86 64 et
641 528 144 64 partim
742 528 86 64 in
785 528 158 64 termino
900 528 86 64 ad
943 528 129 64 quem.
1029 528 101 64 hoc
1072 528 72 64 est

430 572 126 65 parti
514 572 98 65 est
570 572 98 65 sub
626 572 238 65 affirmatione:
821 572 84 65 et
863 572 140 65 partim
961 572 98 65 sub
1003 572 154 65 negatione

431 622 79 53 et
470 622 131 53 semper
562 622 171 53 continue:
694 622 79 53 et
733 622 184 53 successiue
878 622 92 53 est
930 622 92 53 sub
970 622 184 53 affirmatione

426 666 130 53 forme
512 666 86 53 et
555 666 115 53 eius
627 666 202 53 negatione.
786 666 86 53 In
829 666 158 53 secundo
944 666 115 53 motu
1016 666 101 53 est
1060 666 86 53 nega

430 708 97 60 tio
486 708 153 60 caloris
597 708 167 60 terminus
722 708 69 60 a
749 708 111 60 quo:
819 708 83 60 et
860 708 111 60 eius
930 708 194 60 affirmatio
1069 708 83 60 ter-

430 753 129 55 minus
515 753 86 55 ad
558 753 129 55 quem.
644 753 86 55 et
687 753 86 55 in
730 753 129 55 primo
815 753 100 55 vna
873 753 157 55 negatio
987 753 143 55 partis
1073 753 71 55 ca-

427 794 129 62 loris
513 794 101 62 est
570 794 172 62 terminus
699 794 72 62 a
728 794 115 62 quo.
800 794 86 62 et
843 794 115 62 eius
915 794 201 62 affirmatio
1058 794 101 62 termi

420 845 108 57 nus
481 845 92 57 ad
527 845 92 57 ad
574 845 139 57 quem.
666 845 92 57 Et
712 845 154 57 postea
820 845 123 57 alia
897 845 169 57 negatio
1020 845 92 57 et
1051 845 108 57 eorum

423 888 259 54 affirmationes
636 888 168 54 termini
758 888 91 54 ad
804 888 137 54 quos.
895 888 91 54 et
941 888 107 54 sic
986 888 168 54 deinceps.

433 929 77 63 et
472 929 102 63 tunc
536 929 115 63 illud
612 929 102 63 quod
676 929 141 63 mouetur
778 929 102 63 tali
842 929 102 63 motu
906 929 128 63 partim
996 929 90 63 est
1047 929 77 63 in
1073 929 90 63 termi

436 972 89 61 non
487 972 63 61 a
512 972 89 61 quo
563 972 101 61 etc.
626 972 76 61 et
664 972 126 61 partim
752 972 89 61 est
803 972 89 61 sub
854 972 164 61 negatione
980 972 126 61 forme:
1069 972 76 61 et
1094 972 63 61 per

430 1014 97 58 tim
486 1014 97 58 sub
541 1014 237 58 affirmatione.
736 1014 84 58 et
778 1014 97 58 sic
834 1014 223 58 intelligitur
1015 1014 111 58 etc.
1084 1014 70 58 â‹
1098 1014 56 58 Ad

424 1061 120 62 aliud
504 1061 107 62 dico
570 1061 107 62 quod
637 1061 200 62 differentia
797 1061 93 62 est
850 1061 120 62 inter
930 1061 120 62 motum
1010 1061 80 62 et
1036 1061 120 62 mutatio

421 1103 115 67 nem.
492 1103 115 67 quia
564 1103 129 67 motus
650 1103 101 67 est
708 1103 86 67 de
751 1103 187 67 affirmato
895 1103 86 67 in
938 1103 215 67 affirmatum.
1096 1103 57 67 mu

439 1149 132 54 catio
527 1149 118 54 vero
601 1149 73 54 a
630 1149 147 54 negato
733 1149 88 54 in
777 1149 220 54 affirmatum:
953 1149 103 54 vel
997 1149 162 54 econuerso

444 1191 95 59 Nam
499 1191 149 59 aliquod
607 1191 190 59 affirmatum
756 1191 203 59 corrumpitur
919 1191 81 59 in
960 1191 163 59 aduentum
1068 1191 95 59 alte-

433 1231 121 64 rius
509 1231 257 64 affirmationis
720 1231 91 64 in
766 1231 121 64 motu
841 1231 287 64 augmentationis.
1068 1231 91 64 quia

430 1280 97 64 ibi
486 1280 125 64 omnes
569 1280 236 64 affirmationes
763 1280 125 64 simul
847 1280 153 64 manent.
958 1280 97 64 sed
1013 1280 111 64 quia
1069 1280 97 64 forma

424 1333 284 52 estindiuisibilis:
668 1333 108 52 quia
736 1333 190 52 acquiritur
885 1333 95 52 per
939 1333 135 52 motum.
1034 1333 81 52 Et
1061 1333 95 52 primo

432 1369 97 60 vna
487 1369 111 60 pars
557 1369 207 60 acquiritur:
723 1369 97 60 cum
778 1369 97 60 qua
833 1369 194 60 conexistit
985 1369 152 60 negatio
1082 1369 83 60 alte

439 1416 97 54 rius
499 1416 133 54 partis:
596 1416 73 54 et
633 1416 97 54 post
693 1416 170 54 acquiritur
827 1416 97 54 alia
887 1416 109 54 pars.
960 1416 73 54 et
996 1416 85 54 sic
1033 1416 121 54 deinceps

428 1454 95 71 sed
483 1454 109 71 quod
551 1454 123 71 prior
633 1454 109 71 pars
701 1454 205 71 corrupatur.
865 1454 95 71 hoc
919 1454 150 71 accidit
1015 1454 150 71 totaliter

428 1502 121 65 motui
508 1502 121 65 tamen
588 1502 147 65 necesse
696 1502 94 65 est
749 1502 107 65 quod
816 1502 147 65 negatio
924 1502 188 65 coexistens
1058 1502 107 65 priori

437 1552 118 58 parti
515 1552 183 58 expellatur
659 1552 78 58 in
698 1552 157 58 aduentum
816 1552 131 58 partis
908 1552 209 58 posterioris.
1077 1552 92 58 sed
1117 1552 52 58 in

433 1589 165 60 mutatione
560 1589 89 60 per
611 1589 101 60 quam
674 1589 178 60 acquiritur
814 1589 114 60 forma
890 1589 216 60 indiuisibilis
1055 1589 101 60 potest

437 1631 104 64 esse
502 1631 156 64 negatio:
619 1631 104 64 quae
684 1631 91 64 est
736 1631 156 64 terminus
852 1631 65 64 a
878 1631 91 64 quo
930 1631 91 64 vel
982 1631 78 64 ad
1021 1631 117 64 quem:
1086 1631 78 64 quae

436 1674 99 63 non
493 1674 198 63 conexistat
648 1674 142 63 alicui
748 1674 128 63 forme
833 1674 184 63 positiue.
975 1674 128 63 patet
1060 1674 85 63 de
1088 1674 85 63 illu

430 1720 171 60 minatione
561 1720 131 60 medii:
653 1720 79 60 et
693 1720 131 60 multis
785 1720 131 60 aliis.
877 1720 105 60 ideo
943 1720 131 60 potest
1035 1720 105 60 esse
1100 1720 66 60 a
1113 1720 53 60 ne

433 1763 104 63 gato
498 1763 78 63 ad
537 1763 194 63 affirmatum.
692 1763 78 63 et
731 1763 129 63 quando
821 1763 117 63 dicis
899 1763 104 63 quod
964 1763 117 63 omnis
1042 1763 117 63 motus
1106 1763 65 63 est

442 1812 72 52 de
478 1812 156 52 contrario
598 1812 72 52 in
634 1812 180 52 contrarium.
778 1812 96 52 Dico
838 1812 96 52 quod
898 1812 132 52 conrium
994 1812 156 52 accipitur
1102 1812 60 52 ibi

437 1856 117 56 large
515 1856 91 56 pro
567 1856 131 56 medio:
659 1856 78 56 et
698 1856 131 56 medium
789 1856 209 56 contrariatur
959 1856 170 56 extremis.
1077 1856 91 56 sicut

444 1894 104 60 minus
514 1894 150 60 perfectum
629 1894 104 60 magis
698 1894 150 60 perfecto.
813 1894 81 60 sed
859 1894 127 60 propter
951 1894 81 60 hoc
997 1894 81 60 non
1043 1894 81 60 est
1078 1894 92 60 aliqua

446 1937 166 56 oppositio
574 1937 115 56 inter
650 1937 128 56 partes
740 1937 115 56 forme
816 1937 179 56 acquisite:
957 1937 102 56 quia
1021 1937 102 56 sunt
1072 1937 89 56 eiusd

439 1983 162 60 speciei.
560 1983 94 60 sed
614 1983 108 60 bene
681 1983 94 60 est
735 1983 175 60 oppositio
870 1983 121 60 inter
950 1983 189 60 negationes
1085 1983 81 60 con-

447 2025 176 60 existentes
585 2025 125 60 priori
673 2025 113 60 parti
749 2025 75 60 et
786 2025 100 60 suas
849 2025 226 60 affirmationes.
1037 2025 75 60 et
1062 2025 113 60 quantum

445 2085 85 39 ad
487 2085 113 39 illa
558 2085 141 39 potest
657 2085 113 39 esse
727 2085 127 39 motus
812 2085 85 39 ab
854 2085 169 39 opposito
981 2085 85 39 in
1010 2085 155 39 oppositum

450 2114 87 60 Quod
505 2114 76 60 hoc
548 2114 76 60 sit
592 2114 109 60 verum.
668 2114 98 60 patet
733 2114 76 60 per
777 2114 174 60 philosophum.
918 2114 65 60 v.
951 2114 163 60 phisicorum.
1082 2114 65 60 et
1104 2114 65 60 con-

437 2159 183 59 mentatorem
581 2159 105 59 quae
646 2159 118 59 dicit
725 2159 105 59 quod
790 2159 118 59 motus
868 2159 78 59 ab
908 2159 183 59 egritudine
1051 2159 78 59 in
1077 2159 92 59 sani-

446 2209 118 48 tatem
525 2209 92 48 est
577 2209 105 48 vnus
643 2209 118 48 motus
722 2209 158 48 secundum
840 2209 144 48 numerum
945 2209 79 48 et
984 2209 184 48 subiectum.
1115 2209 53 48 et

455 2255 142 54 eodem
550 2255 126 54 modo
629 2255 142 54 motus
723 2255 95 54 ab
770 2255 189 54 albedine
912 2255 95 54 in
959 2255 221 54 nigredinem
1117 2255 63 54 et

447 2298 135 54 motus
537 2298 240 54 corruptionis
732 2298 150 54 ipsius
836 2298 195 54 albedinis
986 2298 120 54 sunt
1061 2298 120 54 vnus
1121 2298 60 54 mo

447 2336 105 53 tus.
512 2336 79 53 et
552 2336 118 53 tamen
630 2336 118 53 motus
709 2336 92 53 quo
761 2336 131 53 albedo
853 2336 196 53 acquiritur:
1010 2336 79 53 et
1049 2336 118 53 motus
1115 2336 65 53 quo

456 2391 198 45 corrumpitur
614 2391 106 45 sunt
681 2391 172 45 oppositi:
813 2391 119 45 sicut
892 2391 119 45 motus
971 2391 212 45 acquisitiuus
1130 2391 53 45 et

455 2420 235 56 deparditiuus
646 2420 161 56 eiusdem
763 2420 132 56 forme
851 2420 117 56 sunt
925 2420 117 56 vnus
998 2420 147 56 motus.
1086 2420 88 56 Quod

459 2469 105 52 autem
529 2469 82 52 hoc
576 2469 82 52 sit
623 2469 117 52 verum.
704 2469 105 52 patet
774 2469 82 52 per
821 2469 152 52 praedicta
938 2469 93 52 quia
996 2469 105 52 motus
1066 2469 105 52 nihil
1124 2469 47 52 in

459 2513 146 58 cludit
561 2513 218 58 intrinsece:
736 2513 116 58 nisi
809 2513 247 58 affirmationes
1012 2513 87 58 et
1041 2513 146 58 negatio-

456 2553 91 60 nes
508 2553 156 60 alicuius
625 2553 117 60 forme
703 2553 182 60 acquirende
847 2553 91 60 per
899 2553 130 60 motum.
990 2553 169 60 vbicumque
1107 2553 65 60 est

463 2595 116 57 cedem
541 2595 103 57 sunt
605 2595 220 57 affirmationes
786 2595 129 57 numero
877 2595 78 57 et
916 2595 181 57 negationes
1045 2595 142 57 similiter

462 2648 86 57 est
511 2648 98 57 idem
572 2648 110 57 motus
646 2648 135 57 numero.
744 2648 86 57 sed
793 2648 74 57 in
830 2648 98 57 motu
891 2648 184 57 acquisitiuo
1039 2648 74 57 et
1063 2648 123 57 depardi

1236 235 109 74 tiuo
1305 235 150 74 eiusdem
1414 235 109 74 sunt
1482 235 137 74 esedem
1578 235 232 74 affirmationes
1770 235 82 74 et
1797 235 164 74 negationes

1240 295 107 65 ergo
1307 295 107 65 etc.
1374 295 175 65 Assumptum
1508 295 121 65 patet
1589 295 81 65 de
1629 295 161 65 albedine
1750 295 81 65 et
1790 295 175 65 nigredine
1911 295 54 65 il

1238 336 81 65 le
1278 336 121 65 eedem
1359 336 189 65 negationes
1507 336 108 65 quae
1575 336 108 65 sunt
1642 336 148 65 termini
1750 336 67 65 a
1777 336 135 65 quibus
1872 336 81 65 in
1899 336 67 65 mo-

1233 382 108 60 tum
1294 382 231 60 acquisitiuo
1479 382 200 60 albedinis
1633 382 123 60 sunt
1710 382 170 60 termini
1834 382 92 60 ad
1865 382 92 60 quos

1240 422 81 69 in
1280 422 108 69 motu
1347 422 202 69 deparditiuo
1509 422 162 69 eiusdem.
1630 422 81 69 et
1671 422 108 69 ille
1738 422 121 69 eedem
1805 422 162 69 affirmati-

1242 469 112 63 ones
1312 469 112 63 quae
1382 469 112 63 sunt
1452 469 154 63 termini
1564 469 84 63 ad
1607 469 112 63 quos
1677 469 84 63 in
1719 469 112 63 motu
1775 469 182 63 acquisitiuo

1242 513 187 66 albedinis
1385 513 115 66 sunt
1457 513 158 66 termini
1572 513 72 66 a
1601 513 144 66 quibus
1701 513 86 66 in
1744 513 115 66 motu
1802 513 158 66 deparditi

1241 556 76 64 uo
1279 556 152 64 eiusdem.
1393 556 101 64 ergo
1457 556 114 64 motus
1533 556 203 64 acquisitiuus
1697 556 165 64 albedinis
1824 556 76 64 et
1849 556 114 64 depardi

1241 604 128 61 tiuus
1326 604 157 61 eiusdem
1440 604 114 61 sunt
1511 604 114 61 vnus
1583 604 128 61 motus
1668 604 157 61 numero.
1782 604 128 61 etiam
1867 604 85 61 si
1896 604 71 61 al-

1247 644 105 63 bedo
1313 644 118 63 prius
1392 644 171 63 acquisita
1523 644 132 63 maneat
1615 644 92 63 per
1668 644 132 63 magnum
1760 644 132 63 tempus
1839 644 118 63 anteque

1238 690 175 62 depardatur.
1378 690 58 62 â‹
1401 690 93 62 Quod
1460 690 105 62 autem
1529 690 93 62 isti
1588 690 105 62 motus
1657 690 93 62 sint
1716 690 140 62 oppositi
1820 690 116 62 patet:
1890 690 70 62 quod

1235 741 132 57 motus
1323 741 234 57 specificatur
1513 741 73 57 a
1542 741 161 57 termino
1659 741 88 57 ad
1703 741 117 57 que:
1776 741 102 57 sed
1820 741 146 57 terminus

1247 782 72 56 ad
1283 782 84 56 que
1331 782 108 56 vnius
1403 782 108 56 motus
1476 782 144 56 scilicet
1584 782 181 56 acquisitiui
1728 782 84 56 est
1776 782 181 56 affirmatio:
1909 782 60 56 ter

1255 821 118 62 minus
1333 821 118 62 autem
1412 821 78 62 ad
1451 821 105 62 quem
1516 821 118 62 motus
1595 821 196 62 deparditiui
1752 821 92 62 est
1804 821 157 62 negatio:
1909 821 65 62 sed

1250 876 102 53 ista
1314 876 191 53 opponuntur.
1466 876 102 53 ergo
1530 876 102 53 etc.
1594 876 102 53 Unde
1657 876 140 53 negatio
1759 876 102 53 quae
1822 876 76 53 in
1861 876 102 53 motu
1911 876 64 53 ac-

1255 914 172 69 quisitiuo
1387 914 106 69 fuit
1453 914 132 69 primus
1546 914 159 69 terminus
1665 914 66 69 a
1692 914 93 69 quo
1745 914 93 69 est
1798 914 146 69 vltimus
1891 914 79 69 ter-

1250 951 114 70 minus
1326 951 76 70 ad
1364 951 89 70 que
1415 951 76 70 in
1453 951 101 70 motu
1517 951 203 70 deperditiuo.
1681 951 76 70 et
1719 951 101 70 ideo
1783 951 139 70 quantum
1884 951 76 70 ad
1910 951 63 70 hoc

1257 1000 182 62 distinguntur
1405 1000 91 62 isti
1462 1000 114 62 motus:
1542 1000 68 62 et
1576 1000 103 62 etiam
1644 1000 125 62 quantum
1736 1000 68 62 ad
1770 1000 125 62 tempus:
1861 1000 91 62 quia
1907 1000 68 62 sunt

1253 1038 67 71 in
1286 1038 135 71 diuersis
1387 1038 168 71 temporibus.
1522 1038 67 71 et
1556 1038 67 71 si
1589 1038 90 71 iste
1645 1038 79 71 due
1690 1038 191 71 conraditiones
1836 1038 146 71 requirantur

1257 1087 84 65 ad
1299 1087 168 65 vnitatem
1425 1087 182 65 numeralem
1565 1087 140 65 motus:
1663 1087 112 65 tunc
1733 1087 126 65 forte
1817 1087 112 65 isti
1873 1087 98 65 motus

1252 1131 88 63 non
1303 1131 101 63 sunt
1366 1131 101 63 vnus
1429 1131 139 63 numero:
1530 1131 88 63 sed
1581 1131 189 63 generaliter
1732 1131 114 63 motus
1795 1131 177 63 acquisitiuus

1250 1180 115 59 vnius
1327 1180 115 59 forme
1404 1180 77 59 et
1442 1180 205 59 deparditiuus
1609 1180 154 59 alterius
1724 1180 103 59 sunt
1789 1180 167 59 distincti
1904 1180 64 59 rea

1253 1218 117 68 liter
1331 1218 91 68 per
1383 1218 130 68 causam
1473 1218 169 68 oppositam
1603 1218 117 68 cause
1681 1218 91 68 iam
1733 1218 130 68 dicte.
1823 1218 65 68 â‹
1849 1218 78 68 Ad
1888 1218 117 68 aliud

1257 1262 88 65 dico
1312 1262 88 65 quod
1367 1262 88 65 omne
1422 1262 99 65 illud
1487 1262 88 65 quod
1542 1262 77 65 est
1586 1262 66 65 in
1619 1262 110 65 genere
1696 1262 77 65 per
1740 1262 165 65 reductionem
1871 1262 77 65 est
1904 1262 77 65 essen

1259 1308 101 59 tiale
1326 1308 112 59 alicui
1404 1308 89 59 quod
1460 1308 78 59 est
1505 1308 78 59 per
1549 1308 67 59 se
1583 1308 67 59 in
1616 1308 112 59 genere
1694 1308 101 59 patet
1761 1308 67 59 de
1795 1308 101 59 anima
1851 1308 145 59 intellecti-

1253 1349 82 65 ua
1294 1349 82 65 de
1336 1349 137 65 puncto
1432 1349 82 65 in
1473 1349 124 65 linea
1555 1349 82 65 de
1597 1349 151 65 vnitate
1706 1349 82 65 in
1748 1349 137 65 numero
1844 1349 110 65 quae
1899 1349 82 65 sunt

1257 1394 187 64 essentialia
1406 1394 112 64 linee
1481 1394 75 64 et
1519 1394 137 64 numero.
1619 1394 87 64 sed
1669 1394 175 64 negationes
1806 1394 100 64 quia
1869 1394 87 64 non
1906 1394 75 64 sunt

1251 1436 181 69 essentiales
1396 1436 121 69 alicui
1481 1436 157 69 existenti
1601 1436 85 69 per
1650 1436 73 69 se
1686 1436 73 69 in
1722 1436 133 69 genere:
1819 1436 97 69 quia
1879 1436 109 69 nulli
1940 1436 48 69 po

1264 1483 113 66 sitiuo.
1346 1483 82 66 ideo
1397 1483 72 66 non
1438 1483 82 66 sunt
1489 1483 61 66 in
1520 1483 102 66 genere
1592 1483 72 66 per
1633 1483 164 66 reductionem:
1766 1483 61 66 et
1797 1483 72 66 per
1838 1483 143 66 consequens
1940 1483 41 66 mo

1253 1530 90 68 tus
1304 1530 141 68 quantum
1407 1530 77 68 ad
1445 1530 115 68 tales
1522 1530 179 68 negationes
1663 1530 90 68 non
1714 1530 102 68 sunt
1778 1530 64 68 i
1804 1530 128 68 genere
1894 1530 90 68 per
1932 1530 64 68 re-

1262 1569 174 65 ductionem:
1398 1569 87 65 sed
1448 1569 87 65 pro
1498 1569 112 65 tanto
1572 1569 149 65 dicuntur
1684 1569 99 65 esse
1746 1569 75 65 in
1783 1569 124 65 genere
1870 1569 87 65 per
1907 1569 75 65 redu

1262 1616 146 63 ctionem:
1371 1616 97 63 quia
1432 1616 97 63 sunt
1493 1616 170 63 negationes
1626 1616 158 63 aliquorum
1748 1616 97 63 quae
1809 1616 97 63 sunt
1869 1616 85 63 per
1918 1616 73 63 se
1942 1616 49 63 in

1257 1663 134 67 genere.
1354 1663 61 67 â‹
1379 1663 73 67 Ad
1415 1663 110 67 aliud
1488 1663 97 67 dico
1549 1663 97 67 quod
1610 1663 97 67 luod
1671 1663 110 67 album
1744 1663 122 67 potest
1829 1663 122 67 habere
1903 1663 97 67 suppo-

1260 1706 136 63 sitionem
1362 1706 170 63 personalem:
1498 1706 68 63 et
1532 1706 91 63 tunc
1589 1706 80 63 est
1635 1706 80 63 per
1680 1706 68 63 se
1714 1706 68 63 in
1748 1706 114 63 genere
1828 1706 159 63 substantie
1942 1706 45 63 si

1261 1744 105 72 cut
1321 1744 120 72 suum
1396 1744 194 72 subiectum
1545 1744 105 72 pro
1605 1744 105 72 quo
1665 1744 180 72 supponit
1800 1744 105 72 aut
1844 1744 150 72 supposi-

1259 1793 132 62 tionem
1351 1793 198 62 materialem:
1509 1793 79 62 et
1549 1793 105 62 tunc
1615 1793 158 62 supponit
1733 1793 92 62 pro
1786 1793 119 62 voce:
1865 1793 79 62 et
1905 1793 92 62 est
1944 1793 53 62 in

1267 1837 103 64 eodem
1335 1837 114 64 genere
1415 1837 68 64 in
1449 1837 80 64 quo
1494 1837 80 64 est
1540 1837 91 64 vox.
1597 1837 68 64 et
1631 1837 80 64 sic
1677 1837 80 64 est
1722 1837 80 64 per
1768 1837 68 64 se
1802 1837 68 64 in
1836 1837 114 64 genere
1904 1837 103 64 qualita

1261 1882 95 66 tis
1316 1882 122 66 sicut
1397 1882 109 66 suum
1465 1882 231 66 signifieatum.
1655 1882 95 66 aut
1709 1882 176 66 simplice:
1845 1882 81 66 et
1885 1882 95 66 sic
1926 1882 68 66 est

1272 1932 108 58 tantum
1348 1932 76 58 ens
1391 1932 130 58 rationis
1489 1932 65 58 et
1521 1932 76 58 non
1565 1932 98 58 habet
1630 1932 87 58 esse
1684 1932 65 58 in
1716 1932 108 58 genere
1792 1932 76 58 nec
1836 1932 76 58 per
1879 1932 65 58 se
1911 1932 76 58 nec
1944 1932 54 58 per

1267 1970 221 56 reductionem.
1447 1970 83 56 et
1488 1970 97 56 sic
1544 1970 97 56 est
1599 1970 138 56 quadam
1696 1970 180 56 conceptus
1820 1970 180 56 significans

1271 2014 102 60 vnum
1335 2014 102 60 quod
1398 2014 89 60 est
1449 2014 89 60 per
1500 2014 76 60 se
1538 2014 76 60 in
1576 2014 127 60 genere
1665 2014 178 60 substantie
1805 2014 102 60 puta
1856 2014 140 60 subiectum

1269 2057 207 57 albedinis.
1432 2057 74 57 â‹
1461 2057 89 57 Ad
1506 2057 133 57 aliud
1594 2057 118 57 dico
1668 2057 118 57 quod
1742 2057 207 57 accipiendo
1890 2057 103 57 motum

1265 2099 141 72 quantum
1368 2099 77 72 ad
1406 2099 128 72 totale
1496 2099 205 72 significatum
1663 2099 90 72 sic
1714 2099 90 72 nec
1765 2099 90 72 est
1817 2099 77 72 in
1855 2099 90 72 vno
1893 2099 103 72 genere

1265 2146 88 65 nec
1316 2146 76 65 in
1354 2146 164 65 pluribus:
1479 2146 101 65 quia
1542 2146 76 65 vt
1580 2146 88 65 sic
1630 2146 176 65 componitur
1769 2146 76 65 ex
1807 2146 201 65 affirmatione
1958 2146 50 65 et

1272 2201 152 50 negatione
1389 2201 94 50 quae
1448 2201 82 50 non
1495 2201 129 50 faciunt
1589 2201 129 50 aliquod
1683 2201 94 50 vnum
1741 2201 94 50 quod
1800 2201 82 50 est
1847 2201 82 50 per
1894 2201 70 50 se
1929 2201 70 50 in
1952 2201 47 50 ge

1265 2240 120 53 nere:
1345 2240 94 53 sed
1398 2240 187 53 accipiendo
1545 2240 120 53 motum
1626 2240 94 53 pro
1679 2240 107 53 illo
1746 2240 107 53 quod
1813 2240 94 53 est
1853 2240 147 53 positiuum

1268 2273 86 64 sic
1317 2273 86 64 est
1366 2273 73 64 in
1402 2273 122 64 tribus
1488 2273 171 64 generibus:
1623 2273 98 64 quia
1684 2273 86 64 sic
1733 2273 86 64 non
1782 2273 135 64 differt
1880 2273 61 64 a
1892 2273 98 64 terino

1261 2326 90 59 ad
1306 2326 135 59 quem:
1396 2326 120 59 nunc
1470 2326 120 59 autm
1545 2326 165 59 termini
1665 2326 90 59 ad
1710 2326 120 59 quos
1785 2326 105 59 est
1844 2326 135 59 motus
1919 2326 90 59 sunt

1273 2365 74 59 in
1310 2365 123 59 tribus
1396 2365 160 59 generibus
1519 2365 148 59 secundum
1630 2365 148 59 communem
1740 2365 172 59 opinionem.
1876 2365 98 59 ergo
1925 2365 74 59 etc.

1268 2414 128 61 potest
1358 2414 115 61 tamen
1435 2414 141 61 negatio
1537 2414 77 61 in
1576 2414 103 61 motu
1640 2414 103 61 dici
1704 2414 103 61 esse
1768 2414 77 61 in
1807 2414 128 61 genere
1896 2414 90 61 per
1935 2414 64 61 re-

1272 2463 166 51 ductionem:
1403 2463 95 51 quia
1462 2463 83 51 est
1509 2463 130 51 negatio
1604 2463 119 51 illius
1687 2463 95 51 quod
1746 2463 83 51 est
1794 2463 83 51 per
1841 2463 71 51 se
1877 2463 71 51 in
1900 2463 107 51 genere.

1278 2506 65 59 â‹
1304 2506 78 59 Ad
1343 2506 118 59 aliud
1422 2506 105 59 dico
1487 2506 105 59 quod
1552 2506 92 59 nec
1605 2506 118 59 genus
1683 2506 92 59 nec
1736 2506 196 59 differentia
1892 2506 105 59 sunt
1945 2506 52 59 in

1270 2548 110 59 genere
1347 2548 121 59 proprie
1435 2548 77 59 per
1479 2548 66 59 se
1512 2548 77 59 nec
1556 2548 77 59 per
1600 2548 176 59 reductionem:
1742 2548 88 59 quia
1797 2548 88 59 sunt
1852 2548 110 59 tantum
1918 2548 88 59 conce-

1287 2590 94 62 ptus:
1349 2590 73 62 sed
1391 2590 84 62 ideo
1444 2590 115 62 dicitur
1528 2590 94 62 genus
1590 2590 84 62 esse
1643 2590 73 62 per
1685 2590 63 62 se
1716 2590 63 62 in
1748 2590 115 62 genere:
1831 2590 84 62 quia
1873 2590 126 62 significat

1273 2637 124 59 totum
1356 2637 124 59 illud
1439 2637 111 59 quod
1508 2637 194 59 significat
1660 2637 152 59 species
1771 2637 111 59 quae
1840 2637 152 59 ponitur
1937 2637 69 59 sub
