2261 3039
412 209 124 71 tatis
495 209 165 71 alterius
619 209 138 71 motus.
715 209 110 71 ergo
784 209 124 71 talis
866 209 124 71 motus
949 209 165 71 inferior
1059 209 83 71 siue

418 261 145 66 realis
519 261 116 66 siue
591 261 203 66 ymaginatus
750 261 101 66 est
808 261 159 66 tempus.
924 261 87 66 et
967 261 145 66 potest
1054 261 87 66 vnus

410 303 132 61 motus
498 303 117 61 esse
572 303 147 61 mesura
674 303 88 61 et
718 303 205 61 mensuratus
880 303 176 61 respectu
997 303 147 61 eiusdem-

427 347 143 65 motus:
527 347 86 65 vt
570 347 86 65 si
613 347 114 65 vnus
684 347 129 65 motus
770 347 100 65 sit
827 347 100 65 vni
884 347 129 65 homoi
970 347 143 65 notior
1056 347 86 65 alio

428 399 118 57 motu:
506 399 131 57 potest
598 399 104 57 ille
663 399 91 57 per
715 399 196 57 cognitionem
872 399 118 57 primi
950 399 118 57 motus
1015 399 131 57 deuenire

411 432 78 64 in
450 432 182 64 cognitione
593 432 143 64 secundi
697 432 130 64 motus.
788 432 78 64 et
827 432 104 64 tunc
892 432 104 64 illi
957 432 91 64 est
1009 432 130 64 primus
1087 432 52 64 mo

417 479 86 57 tus
466 479 136 57 tempus.
565 479 86 57 sed
614 479 74 57 si
651 479 123 57 alteri
738 479 86 57 sit
787 479 123 57 primus
873 479 111 57 motus
947 479 148 57 ignotus:
1059 479 74 57 et
1083 479 62 57 se-

424 522 130 64 cundus
515 522 130 64 notus:
606 522 130 64 potest
697 522 104 64 ille
762 522 91 64 per
814 522 195 64 cognitionem
970 522 143 64 secundi
1061 522 91 64 motus

421 567 160 71 deuenire
541 567 80 71 in
581 567 186 71 cognitione
727 567 120 71 primi
807 567 133 71 motus.
900 567 80 71 et
940 567 107 71 tunc
1007 567 107 71 illi
1060 567 80 71 erit

426 609 136 67 secundus
528 609 102 67 motus
596 609 125 67 tempus:
687 609 68 67 et
721 609 79 67 non
766 609 125 67 primus.
857 609 68 67 et
891 609 79 67 sic
937 609 91 67 idem
993 609 102 67 motus
1050 609 91 67 potest

429 653 107 62 esse
496 653 147 62 mensura
603 653 80 62 et
643 653 188 62 mensuratum
791 653 161 62 respectu
911 653 161 62 eiusdem.
1032 653 94 62 sic
1072 653 67 62 erg

430 698 76 66 ex
468 698 176 66 praedictis
607 698 113 66 patet
682 698 101 66 quid
745 698 88 66 est
796 698 126 66 tempus
884 698 63 66 ⁋
909 698 88 66 Sed
959 698 126 66 dubium
1047 698 88 66 est
1085 698 63 66 quo

431 746 87 59 rum
480 746 87 59 est
530 746 137 59 tempus.
629 746 62 59 ⁋
654 746 161 59 Respondeo
778 746 124 59 tempus
865 746 87 59 est
915 746 112 59 primo
989 746 137 59 mensura
1076 746 62 59 mot

433 785 102 64 quod
497 785 166 64 probatur.
624 785 102 64 quia
688 785 140 64 mensura
790 785 76 64 et
828 785 178 64 mensuratum
969 785 102 64 sunt
1020 785 127 64 vnigenia

425 832 128 61 quarto
515 832 205 61 metaphisice.
681 832 102 61 Nunc
745 832 115 61 autem
822 832 128 61 tempus
911 832 90 61 est
962 832 102 61 idem
1026 832 90 61 cum
1065 832 90 61 primo

434 876 108 61 motu
501 876 108 61 quae
568 876 94 61 est
622 876 148 61 mensura
730 876 148 61 aliorum
838 876 148 61 motuum.
945 876 108 61 ergo
1013 876 135 61 tempus
1094 876 67 61 est

426 924 123 69 primo
509 924 151 69 mensura
618 924 137 69 omnium
714 924 151 69 motuum.
824 924 151 69 Secundo
934 924 96 69 est
988 924 151 69 mensura
1084 924 69 69 du-

437 972 142 53 rationis
544 972 177 53 cuiuscumque
685 972 83 53 rei
733 972 189 53 permanentis.
886 972 95 53 quod
945 972 154 53 probatur.
1063 972 95 53 quia
1111 972 47 53 du

429 1010 124 60 ratio
512 1010 165 60 includit
635 1010 233 60 successionem.
827 1010 110 60 quia
896 1010 151 60 duratio
1006 1010 96 60 rei
1047 1010 110 60 signi-

429 1053 127 62 ficat
514 1053 127 62 ipsam
599 1053 99 62 rem
655 1053 170 62 durantem
783 1053 198 62 connotando
939 1053 212 62 successione
1094 1053 57 62 co

440 1095 177 64 existentem
579 1095 101 64 actu
642 1095 88 64 vel
693 1095 164 64 potentia.
819 1095 101 64 omne
882 1095 114 64 autem
958 1095 189 64 successiuum
1097 1095 63 64 est

427 1140 167 65 realiter
552 1140 139 65 motus.
650 1140 111 65 ergo
719 1140 153 65 duratio
830 1140 236 65 cuiuslitetrei
1011 1140 139 65 includit

441 1182 100 69 motum
508 1182 89 69 quae
563 1182 100 69 primo
630 1182 156 69 mensuratur
752 1182 78 69 per
796 1182 122 69 tempus.
885 1182 89 69 ergo
941 1182 100 69 omnis
1008 1182 122 69 duratio
1085 1182 67 69 rati

437 1222 79 65 ne
476 1222 172 65 connotati
609 1222 198 65 mensuratur.
767 1222 79 65 et
807 1222 93 65 hoc
860 1222 172 65 scudario.
992 1222 66 65 ⁋
1019 1222 106 65 Iste
1072 1222 79 65 quan

445 1281 108 51 cumque
521 1281 108 51 aliqua
596 1281 76 51 sic
640 1281 65 51 se
672 1281 119 51 habent:
758 1281 86 51 quod
812 1281 86 51 vnum
866 1281 119 51 dicitur
953 1281 130 51 breuius.
1050 1281 65 51 et
1071 1281 76 51 aliud

430 1313 150 67 longius.
543 1313 100 67 illa
606 1313 188 67 mensurantur
756 1313 150 67 tempore.
868 1313 100 67 quia
931 1313 100 67 illa
993 1313 100 67 sunt
1043 1313 113 67 passio.

442 1359 90 65 nes
494 1359 167 65 temporis.
622 1359 90 65 sed
673 1359 141 65 duratio
776 1359 116 65 vnius
853 1359 90 65 rei
904 1359 141 65 dicitur
1007 1359 141 65 breuior
1097 1359 64 65 vel

427 1404 146 60 longior
533 1404 172 60 duratione
665 1404 159 60 alterius
784 1404 106 60 rei.
850 1404 106 60 ergo
917 1404 106 60 etc.
983 1404 106 60 quia
1036 1404 119 60 duratio

433 1446 88 64 non
484 1446 138 64 dicitur
584 1446 138 64 breuior
685 1446 88 64 vel
735 1446 151 64 longior:
848 1446 100 64 nisi
911 1446 100 64 quia
974 1446 163 64 coexistit
1087 1446 75 64 bre-

433 1493 113 62 uiori
509 1493 88 62 vel
559 1493 163 62 longiori.
684 1493 125 62 Tertio
771 1493 113 62 quaes
846 1493 175 62 mensuratur
984 1493 150 62 tempore.
1084 1493 75 62 pro-

445 1534 101 66 batur
512 1534 101 66 sicut
579 1534 67 66 de
613 1534 157 66 duratione.
736 1534 123 66 dicitur
826 1534 90 66 enim
882 1534 123 66 aliquid
972 1534 157 66 quiescere.
1084 1534 67 66 quia

432 1579 165 63 existit
552 1579 105 63 sub
612 1579 135 63 forma
701 1579 194 63 acquisita
851 1579 120 63 sine
926 1579 120 63 motu
1000 1579 150 63 maiori
1090 1579 75 63 vel

440 1623 120 61 miori
519 1623 159 61 tempore.
639 1623 80 61 et
679 1623 93 61 hoc
732 1623 93 61 est
785 1623 186 61 coexistere
931 1623 133 61 maiori
1024 1623 93 61 vel
1064 1623 106 61 minori

433 1672 175 68 successioi
571 1672 75 68 in
609 1672 113 68 motu.
684 1672 63 68 ⁋
709 1672 125 68 Quarto
796 1672 100 68 dico
859 1672 100 68 quod
922 1672 175 68 substantia
1059 1672 88 68 rei
1097 1672 75 68 per-

433 1711 187 66 manentis
574 1711 281 66 circumscribedo
807 1711 218 66 durationem
979 1711 109 66 non
1026 1711 140 66 mensura

436 1764 77 52 tur
480 1764 133 52 tempore.
580 1764 88 52 quod
635 1764 144 52 probatur.
745 1764 88 52 quia
800 1764 110 52 quando
878 1764 122 52 aliquid
966 1764 155 52 mensuratur
1077 1764 88 52 aliqua

442 1800 155 67 mensura:
558 1800 116 67 ipsum
636 1800 129 67 manens
726 1800 103 67 idem
791 1800 129 67 semper
881 1800 116 67 habet
958 1800 129 67 eandem
1036 1800 129 67 mensuram

447 1846 149 57 realiter
559 1846 87 57 vel
608 1846 87 57 per
658 1846 224 57 equiualentiam.
845 1846 149 57 Exemplum
957 1846 162 57 quantitas
1069 1846 87 57 aliem

443 1891 169 51 mensurata
573 1891 91 51 per
625 1891 130 51 vlnam.
716 1891 91 51 sic
768 1891 104 51 quod
834 1891 91 51 nec
886 1891 156 51 augeatur
1003 1891 91 51 nec
1042 1891 130 51 minuatur

450 1936 72 55 si
486 1936 107 55 primo
557 1936 167 55 mensuretur
689 1936 84 55 per
736 1936 107 55 vlnam
808 1936 119 55 semper
892 1936 191 55 mensurabitur
1047 1936 84 55 per
1082 1936 84 55 vlnam

454 1975 77 59 vel
498 1975 77 59 per
542 1975 110 59 eandem
619 1975 132 59 realiter
719 1975 77 59 vel
763 1975 77 59 per
807 1975 199 59 equiualentiam.
972 1975 88 59 quia
1028 1975 110 59 tantum
1094 1975 77 59 valet

462 2018 87 74 vna
511 2018 99 74 vlna
573 2018 74 74 ad
611 2018 186 74 mensurandum
759 2018 112 74 illam
834 2018 186 74 quantitatem
983 2018 112 74 sicut
1057 2018 99 74 alia
1107 2018 62 74 vl-

459 2060 83 66 na.
507 2060 95 66 ideo
566 2060 142 66 sufficit
673 2060 83 66 vna
720 2060 83 66 per
768 2060 214 66 equiualentiam.
946 2060 83 66 Sed
993 2060 166 66 substantia
1112 2060 59 66 rel

459 2110 188 71 permanentis
609 2110 75 71 si
646 2110 175 71 mensuretur
784 2110 138 71 tempore
884 2110 125 71 potest
971 2110 125 71 manere
1059 2110 113 71 eadem
1121 2110 50 71 di

466 2153 110 63 uersis
543 2153 165 63 temporibus.
675 2153 88 63 quia
730 2153 110 63 potest
807 2153 154 63 coexistere
929 2153 110 63 maiori
1006 2153 121 63 tempori
1094 2153 66 63 et
1116 2153 55 63 mi-

458 2197 114 73 nori.
534 2197 76 73 et
572 2197 88 73 sic
623 2197 202 73 mensuraretur
787 2197 139 73 tempore
888 2197 114 73 magno
964 2197 76 73 et
1002 2197 126 73 peruo.
1090 2197 76 73 et
1115 2197 51 73 pe

469 2244 151 64 consequens
588 2244 108 64 tempus
664 2244 108 64 peruum
739 2244 97 64 esset
804 2244 86 64 idem
858 2244 119 64 tempori
944 2244 97 64 magno
1009 2244 76 64 per
1041 2244 130 64 equalentia

472 2285 76 61 vel
516 2285 131 61 realiter
614 2285 131 61 vtrumque
712 2285 76 61 est
756 2285 164 61 incouenies.
887 2285 87 61 ergo
941 2285 153 61 substantia
1061 2285 76 61 rei
1094 2285 87 61 perma-

459 2331 115 73 nentis
540 2331 104 73 nullo
609 2331 92 73 modo
667 2331 162 73 mensuratur
794 2331 138 73 tempore.
898 2331 81 73 sed
944 2331 115 73 tantum
1025 2331 92 73 eius
1071 2331 104 73 duratio

470 2371 67 69 ⁋
496 2371 94 69 Sed
550 2371 107 69 conr
617 2371 107 69 ista
684 2371 107 69 sunt
751 2371 120 69 multa
831 2371 134 69 dubia.
925 2371 120 69 Primo
1005 2371 147 69 videtur
1099 2371 80 69 quod

462 2414 116 62 tempus
544 2414 81 62 sit
590 2414 162 62 distinctum
717 2414 58 62 a
741 2414 104 62 rebus
810 2414 209 62 permanentibus.
984 2414 93 62 quia
1042 2414 81 62 vna
1077 2414 104 62 species

470 2457 177 71 distinguitur
613 2457 132 71 realiter
713 2457 66 71 ab
746 2457 99 71 alia:
812 2457 77 71 sed
856 2457 110 71 tempus
933 2457 77 71 est
977 2457 77 71 vna
1022 2457 121 71 species
1099 2457 88 71 quanti

472 2500 104 65 tatis
542 2500 81 65 per
588 2500 174 65 philosophum
727 2500 69 65 in
762 2500 208 65 praedicamentis
935 2500 139 65 dicentem
1040 2500 127 65 amplius
1121 2500 69 65 pri-

474 2548 86 70 ter
523 2548 86 70 hec
572 2548 111 70 locus
646 2548 74 70 et
683 2548 135 70 tempus.
781 2548 98 70 ergo
843 2548 86 70 est
892 2548 135 70 species
990 2548 160 70 distincta
1113 2548 61 70 a
1126 2548 61 70 re-

473 2588 93 84 bus
526 2588 239 84 permanentibus.
725 2588 66 84 ⁋
752 2588 120 84 Item:
831 2588 80 84 v.
871 2588 213 84 metaphisice.
1044 2588 133 84 tempus
1124 2588 66 84 est

1240 185 74 84 per
1283 185 63 84 se
1314 185 116 84 quantum
1399 185 74 84 non
1441 185 74 84 per
1483 185 126 84 accidens
1578 185 95 84 sicut
1641 185 95 84 album
1704 185 126 84 musicum.
1799 185 74 84 sed
1841 185 74 84 non
1873 185 84 84 quanti

1241 243 169 72 prmanens.
1371 243 104 72 ergo
1436 243 208 72 successiuum.
1605 243 65 72 ⁋
1630 243 104 72 Item
1695 243 78 72 in
1734 243 117 72 eodem
1812 243 143 72 quanto.
1903 243 78 72 puum

1235 292 83 60 et
1277 292 153 60 magnum:
1388 292 125 60 breue
1471 292 83 60 et
1513 292 139 60 longum
1610 292 111 60 sunt
1680 292 181 60 passiones
1805 292 153 60 quantitat

1234 336 72 53 et
1270 336 167 53 distingunt
1401 336 143 53 tempori.
1508 336 95 53 ergo
1568 336 83 53 est
1615 336 167 53 quantitas.
1747 336 83 53 sed
1794 336 83 53 non
1830 336 131 53 permanens

1239 378 109 58 ergo
1307 378 204 58 successiua.
1471 378 68 58 ⁋
1498 378 109 58 Item
1566 378 136 58 tempus
1661 378 95 58 est
1715 378 150 58 mensura
1824 378 122 58 motus
1892 378 68 58 erg

1243 432 97 45 est
1299 432 139 45 notius
1396 432 125 45 motu.
1479 432 97 45 sed
1534 432 97 45 non
1590 432 152 45 ratione
1701 432 194 45 negationum
1853 432 83 45 in
1881 432 83 45 motu

1244 473 89 51 qui
1295 473 102 51 ille
1359 473 102 51 sunt
1423 473 128 51 ignote
1512 473 77 51 et
1551 473 89 51 non
1602 473 102 51 sunt
1666 473 128 51 causae
1755 473 140 51 notitie
1844 473 128 51 affirma-

1243 507 136 58 tionum:
1341 507 86 58 sed
1391 507 111 58 magis
1465 507 148 58 econtra.
1576 507 86 58 nec
1625 507 136 58 ratione
1723 507 222 58 affirmationum.
1896 507 74 58 quia

1245 554 88 57 ille
1300 554 164 57 mensurantur
1431 554 131 57 tempore.
1529 554 88 57 ergo
1584 554 88 57 haec
1639 554 77 57 est
1683 554 120 57 ratione
1770 554 131 57 alicuius
1858 554 109 57 positiui

1245 598 99 69 quod
1306 598 124 69 tempus
1393 598 148 69 includit
1504 598 99 69 pter
1566 598 111 69 illa.
1640 598 62 69 ⁋
1665 598 111 69 Item.
1739 598 74 69 v.
1776 598 173 69 phisicorum
1899 598 62 69 sed

1247 639 229 63 commentatorem
1435 639 135 63 aliqua
1529 639 202 63 attribuutur
1691 639 135 63 numero
1785 639 121 63 sicut
1852 639 108 63 partes

1251 686 113 60 aliqua
1330 686 102 60 sicut
1397 686 169 60 accidentia.
1533 686 68 60 et
1567 686 102 60 eodem
1634 686 90 60 modo
1691 686 124 60 tempori
1781 686 181 60 attribuuntur
1917 686 56 60 ali

1243 742 95 46 qua
1298 742 81 46 vt
1338 742 177 46 accidena:
1474 742 109 46 puta
1542 742 190 46 successiue
1691 742 109 46 esse
1759 742 109 46 tale
1827 742 122 46 cuius
1895 742 68 46 vna

1243 774 101 64 pars
1306 774 176 64 praecedit:
1445 774 101 64 alia
1508 774 164 64 sequitur:
1633 774 88 64 sed
1684 774 113 64 talia
1759 774 88 64 non
1797 774 176 64 attribuuntur

1249 820 125 61 tempori
1339 820 68 61 vt
1373 820 147 61 permanens
1487 820 91 61 est.
1543 820 91 61 ergo
1600 820 68 61 vt
1634 820 181 61 successiuum.
1781 820 57 61 ⁋
1804 820 91 61 Item
1849 820 125 61 veridetur

1244 863 104 68 quod
1309 863 143 68 instans
1413 863 117 68 dicat
1491 863 143 68 aliquid
1595 863 169 68 absolutum
1726 863 182 68 distinctum
1869 863 65 68 a
1882 863 91 68 rebus

1250 902 235 69 permanentibus.
1446 902 105 69 quia
1511 902 144 69 instans
1616 902 131 69 raptim
1707 902 144 69 transit
1812 902 78 69 et
1851 902 92 69 non
1890 902 92 69 manet

1243 955 101 50 idem
1307 955 76 50 in
1345 955 101 50 toto
1408 955 152 50 tempore.
1522 955 127 50 Aliter
1611 955 101 50 enim
1675 955 127 50 posset
1763 955 114 50 motus
1839 955 101 50 esse
1903 955 76 50 in
1928 955 51 50 eo

1250 993 93 56 dem
1303 993 173 56 instanti.
1436 993 93 56 sed
1489 993 93 56 res
1543 993 173 56 permanens
1676 993 160 56 permanet
1796 993 107 56 tota
1862 993 120 56 eadem
1929 993 53 56 in

1245 1040 94 51 toto
1304 1040 140 51 tempore.
1409 1040 94 51 ergo
1467 1040 129 51 instans
1561 1040 82 51 est
1608 1040 105 51 aliud
1678 1040 58 51 a
1701 1040 105 51 rebus
1772 1040 210 51 permanentibus.
1935 1040 47 51 ex

1257 1087 84 52 quo
1305 1087 84 52 est
1353 1087 84 52 res
1401 1087 132 52 aliqua.
1498 1087 96 52 quia
1558 1087 108 52 alias
1630 1087 120 52 essent
1714 1087 108 52 fatua
1786 1087 144 52 quaestio
1895 1087 72 52 de
1919 1087 48 52 in

1248 1128 129 53 stanti.
1342 1128 58 53 ⁋
1365 1128 94 53 Item
1424 1128 129 53 instans
1517 1128 82 53 est
1564 1128 199 53 continuatiuum
1728 1128 175 53 quantitatis
1856 1128 117 53 secundum

1254 1178 187 56 philosophum:
1407 1178 82 56 non
1453 1178 187 56 permanentur.
1606 1178 105 56 patet
1676 1178 176 56 discurrendo
1817 1178 82 56 per
1852 1178 117 56 singulas

1249 1214 123 68 species
1338 1214 178 68 quantitatis.
1483 1214 89 68 ergo
1539 1214 167 68 successiuum
1672 1214 67 68 et
1706 1214 78 68 non
1750 1214 156 68 permanens.
1873 1214 89 68 ergo
1917 1214 56 68 est

1250 1265 98 57 aliud
1316 1265 55 57 a
1337 1265 197 57 parmanentibus.
1501 1265 55 57 ⁋
1523 1265 87 57 Item
1578 1265 131 57 secundum
1676 1265 164 57 philosophum
1807 1265 87 57 iiii
1851 1265 131 57 phisicorum

1250 1301 114 62 nihil
1326 1301 88 62 est
1377 1301 76 62 in
1414 1301 101 62 actu
1477 1301 76 62 de
1515 1301 139 62 tempore
1616 1301 101 62 nisi
1679 1301 139 62 instans
1780 1301 101 62 quod
1843 1301 88 62 est
1894 1301 114 62 aliud

1257 1348 46 57 a
1275 1348 111 57 tempore.
1358 1348 74 57 quia
1405 1348 65 57 nec
1442 1348 92 57 tempus
1506 1348 65 57 nec
1543 1348 74 57 pars
1590 1348 111 57 temporis
1673 1348 111 57 secundum
1756 1348 148 57 philosophum.
1876 1348 65 57 sed
1904 1348 74 57 tempus

1248 1390 61 70 et
1278 1390 81 70 pars
1329 1390 121 70 temporis
1420 1390 71 70 per
1460 1390 61 70 te
1491 1390 71 70 non
1531 1390 131 70 differunt
1632 1390 51 70 a
1652 1390 91 70 rebus
1713 1390 172 70 prmanentibus.
1855 1390 81 70 ergo
1905 1390 71 70 cum
1936 1390 40 70 in

1251 1436 110 55 stans
1324 1436 85 55 sit
1373 1436 110 55 aliud
1446 1436 61 55 a
1470 1436 134 55 tempore
1568 1436 195 55 distinguitur
1726 1436 146 55 realiter
1836 1436 61 55 a
1860 1436 110 55 rebus
1921 1436 61 55 per

1249 1478 227 60 manentibus.
1431 1478 76 60 ⁋
1461 1478 121 60 Item
1537 1478 167 60 mutatio
1658 1478 151 60 subita
1764 1478 212 60 mensuratur
1915 1478 61 60 in

1257 1523 119 56 stanti:
1343 1523 97 56 sicut
1408 1523 97 56 motus
1473 1523 129 56 tempore.
1570 1523 86 56 ergo
1624 1523 140 56 differunt
1731 1523 129 56 realiter
1828 1523 75 56 per
1871 1523 65 56 te
1904 1523 54 56 a
1914 1523 65 56 muta

1251 1565 143 63 tione:
1351 1565 129 63 sicut
1437 1565 157 63 mensura
1551 1565 71 63 a
1579 1565 200 63 mensurato.
1737 1565 100 63 sed
1794 1565 157 63 mutatio
1894 1565 100 63 etiam

1254 1609 79 71 per
1299 1609 68 71 te
1333 1609 79 71 non
1378 1609 124 71 differt
1468 1609 56 71 a
1491 1609 68 71 re
1524 1609 169 71 permanente.
1660 1609 90 71 ergo
1716 1609 124 71 instans
1807 1609 135 71 realiter
1897 1609 90 71 dicere

1253 1659 69 60 a
1281 1659 82 60 re
1322 1659 206 60 permanente.
1487 1659 110 60 quia
1555 1659 151 60 differt
1665 1659 69 60 a
1693 1659 192 60 mutatione.
1844 1659 69 60 ⁋
1871 1659 110 60 Item
1926 1659 55 60 nu

1265 1696 86 61 lum
1314 1696 160 61 permanens
1437 1696 172 61 distinguit
1572 1696 111 61 inter
1646 1696 184 61 praeteritum
1793 1696 74 61 et
1830 1696 148 61 futurum.
1929 1696 61 61 sed

1264 1748 123 52 instans
1353 1748 157 52 distinguit
1476 1748 134 52 secundum
1577 1748 179 52 philosophum.
1723 1748 90 52 ergo
1779 1748 78 52 non
1823 1748 78 52 est
1868 1748 78 52 res
1902 1748 78 52 perma

1257 1784 104 63 nens.
1327 1784 58 63 ⁋
1350 1784 92 63 Item
1408 1784 92 63 quod
1465 1784 104 63 motus
1535 1784 185 63 distinguitur
1685 1784 139 63 realiter
1789 1784 58 63 a
1812 1784 127 63 tempore
1905 1784 69 63 et
1928 1784 69 63 econ

1252 1829 119 56 uerso.
1335 1829 155 56 probatur.
1454 1829 95 56 quia
1514 1829 83 56 vna
1562 1829 155 56 quantitas
1681 1829 83 56 non
1728 1829 83 56 est
1776 1829 107 56 eadem
1847 1829 119 56 alteri
1919 1829 71 56 nisi

1257 1877 116 69 partes
1339 1877 105 69 earum
1409 1877 93 69 sint
1467 1877 128 69 equales
1560 1877 140 69 secundum
1664 1877 174 69 quantitatem
1804 1877 70 69 et
1827 1877 163 69 proportionem

1269 1920 79 54 vt
1308 1920 79 54 si
1348 1920 66 54 a
1375 1920 93 54 est
1428 1920 106 54 idem
1494 1920 79 54 be
1534 1920 132 54 partes
1626 1920 66 54 a
1653 1920 106 54 sunt
1719 1920 146 54 eiusdem
1812 1920 172 54 quodtitatis

1265 1968 199 59 proportionis
1426 1968 87 59 cum
1476 1968 149 59 partibus
1588 1968 75 59 b.
1626 1968 100 59 ergo
1688 1968 75 59 si
1725 1968 125 59 tempus
1813 1968 75 59 et
1850 1968 112 59 motus
1912 1968 75 59 sini

1261 2015 102 48 idem
1325 2015 128 48 partes
1415 2015 115 48 motus
1492 2015 77 48 et
1530 2015 154 48 temporis
1645 2015 102 48 sunt
1709 2015 115 48 eedem
1786 2015 77 48 et
1825 2015 141 48 equales
1914 2015 77 48 modo

1272 2055 163 63 praedicto.
1400 2055 81 63 hoc
1447 2055 81 63 est
1493 2055 128 63 falsum.
1586 2055 151 63 probatur:
1702 2055 93 63 quia
1761 2055 70 63 si
1795 2055 105 63 motus
1865 2055 93 63 celi
1912 2055 81 63 esset

1278 2095 153 57 velocior
1393 2095 153 57 intantum
1508 2095 102 57 quod
1572 2095 115 57 motus
1649 2095 89 57 qui
1700 2095 102 57 nunc
1764 2095 89 57 est
1815 2095 77 57 in
1853 2095 128 57 duabus
1930 2095 64 57 ho-

1271 2141 92 54 ris
1324 2141 132 54 fieret
1416 2141 79 54 in
1456 2141 92 54 vna
1508 2141 119 54 hora:
1588 2141 106 54 tunc
1654 2141 119 54 omnes
1733 2141 132 54 partes
1825 2141 119 54 motus
1891 2141 106 54 essent

1267 2186 102 53 cedem
1335 2186 102 53 sicut
1402 2186 102 53 nunc:
1470 2186 68 53 et
1504 2186 102 53 tamen
1572 2186 79 53 non
1617 2186 113 53 essent
1697 2186 124 53 equales
1787 2186 136 53 partibus
1878 2186 124 53 temporis:

1262 2230 102 62 quia
1326 2230 127 62 partes
1415 2230 115 62 motus
1492 2230 102 62 nunc
1555 2230 89 62 per
1606 2230 140 62 positum
1708 2230 115 62 fiunt
1784 2230 76 62 in
1823 2230 127 62 duabus
1899 2230 102 62 horis:

1271 2274 100 50 tunc
1334 2274 113 50 autem
1409 2274 75 50 si
1447 2274 150 50 velocior
1559 2274 113 50 esset
1634 2274 113 50 motus
1709 2274 150 50 secundum
1822 2274 113 50 casum
1884 2274 113 50 fierent

1270 2316 61 56 in
1300 2316 71 56 vna
1341 2316 91 56 hora:
1401 2316 61 56 et
1431 2316 71 56 per
1472 2316 141 56 consequens
1583 2316 61 56 in
1613 2316 131 56 medietate
1714 2316 131 56 temporis.
1814 2316 81 56 ergo
1865 2316 61 56 si
1895 2316 101 56 tempus
1956 2316 40 56 et

1266 2358 110 55 motus
1339 2358 98 55 sint
1401 2358 98 55 ide:
1462 2358 147 55 sequitur
1573 2358 98 55 quod
1634 2358 110 55 motus
1707 2358 86 55 qui
1757 2358 98 55 nunc
1818 2358 86 55 est
1867 2358 135 55 equalis
1953 2358 49 55 et

1269 2411 105 50 idem
1335 2411 132 50 duabus
1427 2411 132 50 horis:
1519 2411 119 50 esset
1598 2411 105 50 tunc
1664 2411 145 50 equalis
1770 2411 79 50 et
1809 2411 105 50 idem
1875 2411 92 50 vni
1915 2411 79 50 hore

1269 2451 79 54 et
1308 2451 92 54 sic
1361 2451 105 54 pars
1427 2451 119 54 esset
1506 2451 145 54 equalis
1611 2451 79 54 et
1651 2451 119 54 eadem
1730 2451 105 54 toti
1796 2451 105 54 suo:
1861 2451 105 54 quia
1914 2451 79 54 ten-

1279 2495 101 60 pus
1336 2495 115 60 quod
1408 2495 101 60 est
1466 2495 115 60 nunc
1538 2495 144 60 equale
1638 2495 86 60 et
1681 2495 115 60 idem
1753 2495 115 60 toti
1825 2495 129 60 motui
1897 2495 101 60 esset

1270 2547 147 44 equale
1373 2547 88 44 et
1417 2547 118 44 idem
1491 2547 147 44 parti.
1594 2547 118 44 quia
1668 2547 118 44 idem
1741 2547 103 44 est
1800 2547 132 44 motus
1888 2547 118 44 tunc
1947 2547 59 44 et

1273 2582 127 66 nunc.
1357 2582 113 66 Item
1428 2582 141 66 quarto
1527 2582 197 66 phisicorum
1682 2582 85 66 ad
1724 2582 113 66 idem
1795 2582 141 66 tempus
1893 2582 99 66 non
1936 2582 70 66 est
