2308 3089
294 229 113 60 motus
370 229 88 60 sed
420 229 175 60 consequens
558 229 125 60 motum:
645 229 75 60 et
683 229 88 60 est
733 229 100 60 idem
796 229 100 60 apud
858 229 113 60 omnes
921 229 100 60 motus.

289 286 78 46 non
333 286 100 46 autem
400 286 123 46 tempus:
490 286 89 46 ergo
545 286 78 46 non
590 286 89 46 sunt
646 286 100 46 idem.
713 286 56 46 ⁋
735 286 89 46 Iste
791 286 112 46 tempus
869 286 67 46 et
903 286 100 46 motus
958 286 45 46 ha

291 321 99 61 bent
352 321 198 61 proprietates
513 321 185 61 distinctas:
661 321 99 61 ergo
723 321 210 61 distinguntur.
883 321 136 61 assumptum

285 366 133 65 probat:
382 366 97 65 quia
442 366 109 65 motus
515 366 133 65 dicitur
612 366 109 65 velox
685 366 73 65 et
721 366 121 65 tardus
806 366 121 65 tempus
891 366 109 65 autem
951 366 61 65 non

284 410 99 63 ergo
346 410 99 63 etc.
408 410 62 63 ⁋
433 410 99 63 Item
495 410 124 63 quarto
582 410 174 63 phisicorum
718 410 87 63 sed
768 410 199 63 comentatorem
917 410 99 63 tempus

281 468 88 47 est
332 468 150 47 accidens
444 468 125 47 motus:
532 468 75 47 et
570 468 150 47 sequitur
682 468 188 47 naturaliter
833 468 125 47 motum:
920 468 88 47 sed
958 468 50 47 ni

277 501 98 56 hil
333 501 182 56 praecedit
473 501 154 56 seipsum
585 501 224 56 naturaliter:
766 501 98 56 nec
822 501 98 56 est
864 501 140 56 accidens

271 553 188 55 suiipsius
415 553 72 55 ⁋
444 553 101 55 Ite
502 553 202 55 comentator
661 553 145 55 quarto
762 553 202 55 phisicorum
907 553 101 55 sicut

272 590 119 58 motus
351 590 158 58 sequitur
470 590 158 58 spacium:
589 590 92 58 ita
641 590 132 58 tempus
734 590 119 58 motu.
813 590 119 58 motus
892 590 119 58 autem
958 590 53 58 et

285 632 137 66 spacium
384 632 87 66 non
434 632 100 66 sunt
496 632 112 66 eadem
571 632 162 66 realiter:
695 632 100 66 ergo
757 632 87 66 nec
807 632 124 66 tempus
894 632 75 66 et
919 632 87 66 motus

275 677 107 57 Item
342 677 201 57 commentator
502 677 80 57 in
542 677 120 57 eodem
622 677 120 57 sicut
703 677 147 57 spacium
810 677 94 57 est
863 677 120 57 causa
930 677 67 57 non

279 729 96 47 esse
339 729 120 47 motus:
423 729 84 47 ita
471 729 108 47 motus
543 729 84 47 est
591 729 108 47 causa
662 729 84 47 non
710 729 96 47 esse
770 729 156 47 temporis:
890 729 84 47 sed
926 729 72 47 nihi

284 769 84 49 est
332 769 108 49 causa
404 769 84 49 non
453 769 96 49 esse
513 769 169 49 suiipsius.
646 769 108 49 ergo.
718 769 96 49 Item
778 769 181 49 commentator
911 769 84 49 ibide

274 809 125 70 tempus
361 809 87 70 non
411 809 87 70 est
460 809 125 70 motus:
548 809 87 70 sed
597 809 137 70 numerus
697 809 112 70 motus
772 809 62 70 ⁋
797 809 87 70 Ite
847 809 100 70 quod
896 809 100 70 tempus

272 863 92 42 non
325 863 92 42 sit
377 863 132 42 primus
470 863 119 42 motus
549 863 171 42 probatur:
681 863 105 42 quia
746 863 105 42 tunc
812 863 79 42 si
852 863 132 42 essent
931 863 66 42 plu

279 899 72 64 res
320 899 93 64 celi:
382 899 104 64 essent
455 899 83 64 tunc
506 899 93 64 plura
569 899 124 64 tempora.
662 899 83 64 quod
713 899 93 64 habet
776 899 155 64 philosophus
900 899 72 64 pro
931 899 62 64 inco

273 945 164 60 uenienti.
400 945 63 60 ⁋
425 945 101 60 Item
488 945 76 60 si
526 945 101 60 sic:
590 945 101 60 tunc
653 945 89 60 non
703 945 126 60 posset
792 945 101 60 esse
855 945 126 60 tempus
931 945 76 60 nisi

271 983 100 60 esset
338 983 111 60 primus
416 983 111 60 motus.
494 983 156 60 consequens
616 983 78 60 est
661 983 123 60 falsum:
750 983 89 60 quia
806 983 67 60 si
839 983 100 60 omnia
895 983 100 60 corpora

265 1044 174 47 celestia
395 1044 159 47 starent
510 1044 87 47 et
554 1044 188 47 cessarent
698 1044 72 47 a
727 1044 130 47 motu:
814 1044 130 47 adhuc
886 1044 116 47 posset

271 1075 97 61 esse
332 1075 109 61 motus
405 1075 158 61 inferior.
526 1075 97 61 puta
587 1075 73 61 in
623 1075 97 61 rota
684 1075 134 61 figuli.
781 1075 73 61 et
818 1075 85 61 per
854 1075 146 61 consequens

272 1123 108 57 esset
344 1123 119 57 tempus
427 1123 96 57 quod
487 1123 131 57 apparet
583 1123 108 57 verum
654 1123 72 57 in
690 1123 131 57 tempore
786 1123 108 57 iosue
858 1123 119 57 quando
929 1123 60 57 non

276 1161 99 62 fuit
337 1161 111 62 motus
412 1161 111 62 celi:
486 1161 74 62 et
523 1161 99 62 tunc
585 1161 99 62 fuit
647 1161 136 62 tempus:
746 1161 99 62 quia
807 1161 111 62 motus
869 1161 124 62 inferior

269 1210 101 60 qui
326 1210 115 60 tunc
398 1210 173 60 pugnabat
528 1210 158 60 populus
643 1210 144 60 ifrael
744 1210 86 60 et
787 1210 173 60 vicebat.
917 1210 72 60 ⁋
931 1210 72 60 Ite

271 1253 126 60 secundum
366 1253 158 60 philosophum
493 1253 105 60 quarto
566 1253 158 60 phisicorum.
693 1253 105 60 tempus
766 1253 74 60 est
808 1253 105 60 passio
882 1253 105 60 motus:
945 1253 53 60 sed

280 1296 121 61 passio
365 1296 85 61 non
413 1296 85 61 est
462 1296 97 61 idem
523 1296 146 61 realiter
632 1296 85 61 cum
680 1296 73 61 eo
717 1296 109 61 cuius
790 1296 85 61 est
838 1296 134 61 passio.
923 1296 73 61 ergo

268 1346 86 52 etc.
322 1346 54 52 ⁋
344 1346 86 52 Item
397 1346 108 52 contrs
473 1346 75 52 hoc
516 1346 129 52 ponitur:
612 1346 86 52 quia
666 1346 108 52 tempus
742 1346 97 52 habet
806 1346 86 52 esse
860 1346 108 52 aliquo
924 1346 65 52 modo

270 1392 156 41 totaliter
390 1392 72 41 in
426 1392 120 41 anima:
510 1392 144 41 scilicet
618 1392 168 41 accipiendo
751 1392 120 41 tempus
835 1392 84 41 pro
883 1392 96 41 motu
931 1392 72 41 yma-

265 1436 150 43 ginato:
375 1436 109 43 quia
443 1436 164 43 simultas
566 1436 150 43 partium
675 1436 164 43 repugnat
798 1436 164 43 tempori.
907 1436 82 43 ergo

275 1478 76 58 vbi
319 1478 87 58 sunt
373 1478 98 58 omnes
438 1478 109 58 partes
514 1478 130 58 temporis
612 1478 109 58 simul.
688 1478 76 58 ibi
731 1478 76 58 non
775 1478 76 58 est
818 1478 109 58 tempus
894 1478 76 58 sed
927 1478 65 58 ten-

271 1519 75 54 pus
314 1519 64 54 in
346 1519 96 54 anima
410 1519 96 54 habet
474 1519 96 54 omnes
538 1519 107 54 partes
613 1519 107 54 simul.
688 1519 85 54 ergo
741 1519 85 54 etc.
794 1519 53 54 ⁋
816 1519 85 54 Quod
869 1519 96 54 autem
922 1519 75 54 simul

264 1570 85 54 tas
312 1570 133 54 partium
409 1570 145 54 repugnat
518 1570 145 54 tempori:
627 1570 121 54 patet.
712 1570 97 54 quia
772 1570 121 54 tempus
845 1570 145 54 necessario

257 1606 114 55 habet
334 1606 140 55 priorem
435 1606 76 55 et
473 1606 203 55 posteriorem.
639 1606 89 55 Ite
690 1606 140 55 instans
791 1606 102 55 quod
855 1606 89 55 est
893 1606 89 55 conti

260 1650 153 52 nuatiuum
375 1650 153 52 temporis
490 1650 179 52 praeteriti
631 1650 90 52 cum
682 1650 128 52 futuro
772 1650 90 52 est
823 1650 115 52 extra
887 1650 102 52 animam

262 1692 94 56 ergo
321 1692 118 56 tempus
403 1692 82 56 est
451 1692 106 56 extra
521 1692 129 56 animam.
615 1692 59 56 ⁋
639 1692 106 56 Istem
710 1692 118 56 tempus
792 1692 82 56 est
839 1692 118 56 passio
910 1692 82 56 entis

269 1745 152 51 realis:
379 1745 110 51 quia
448 1745 96 51 est
504 1745 138 51 passio
600 1745 124 51 motus
683 1745 165 51 celestis
807 1745 124 51 extra
876 1745 110 51 animam

271 1779 84 60 ergo
324 1779 74 60 non
366 1779 95 60 habet
429 1779 105 60 tantum
503 1779 84 60 esse
556 1779 63 60 in
587 1779 95 60 anima
651 1779 147 60 obiectiue.
766 1779 53 60 ⁋
787 1779 84 60 Item
840 1779 84 60 quod
893 1779 105 60 tempus
956 1779 42 60 in

264 1828 113 47 anima
340 1828 88 47 non
390 1828 88 47 sit
441 1828 151 47 mensura:
554 1828 164 47 probatur.
680 1828 101 47 quia
742 1828 113 47 nihil
818 1828 101 47 idem
868 1828 126 47 conuenit

273 1864 98 62 enti
334 1864 111 62 reali
408 1864 74 62 et
445 1864 160 62 rationis:
568 1864 86 62 sed
617 1864 160 62 mensurare
740 1864 148 62 competit
851 1864 111 62 motui
912 1864 74 62 pri-

260 1910 82 61 mo
301 1910 109 61 quae
370 1910 96 61 est
424 1910 123 61 extra
506 1910 137 61 animam
602 1910 164 61 respectu
725 1910 150 61 aliorum
834 1910 150 61 motuum.
930 1910 68 61 er-

264 1958 74 53 go
301 1958 86 53 hoc
350 1958 86 53 non
399 1958 148 53 competit
511 1958 160 53 existenti
634 1958 74 53 in
671 1958 123 53 anima.
757 1958 62 53 ⁋
782 1958 99 53 Item
844 1958 99 53 quam
893 1958 99 53 tempus

259 2006 93 51 non
312 2006 93 51 sit
365 2006 146 51 numerus
471 2006 172 51 numeratus
603 2006 80 51 in
643 2006 119 51 motu:
723 2006 172 51 probatur.
855 2006 106 51 quia
908 2006 80 51 tunc

252 2045 119 53 quot
326 2045 119 53 sunt
401 2045 148 53 numeri
504 2045 178 53 numerati
638 2045 89 53 in
682 2045 119 53 motu
757 2045 104 53 tot
816 2045 148 53 essent
905 2045 74 53 mo-

268 2093 85 55 tus.
321 2093 64 55 et
353 2093 74 55 per
396 2093 148 55 consequens
512 2093 74 55 tot
555 2093 127 55 tempora.
650 2093 53 55 ⁋
671 2093 85 55 Item
724 2093 106 55 quarto
798 2093 148 55 phisicorum
904 2093 85 55 commen

260 2132 121 49 tator
340 2132 188 49 essentiale
487 2132 94 49 est
541 2132 147 49 tempori
648 2132 174 49 mensurare
782 2132 80 49 et
809 2132 174 49 accidentale

256 2179 195 47 mensurari:
410 2179 98 47 sed
465 2179 154 47 numerus
577 2179 181 47 numeratus
717 2179 209 47 mensuratur:
884 2179 84 47 et
912 2179 70 47 non

268 2226 154 46 mensurat.
387 2226 83 46 cum
434 2226 95 46 ergo
494 2226 71 46 in
529 2226 190 46 diffinitione
683 2226 83 46 rei
731 2226 131 46 ponatur
826 2226 107 46 illud
885 2226 95 46 tantum

274 2265 99 60 quod
336 2265 87 60 est
385 2265 74 60 ei
422 2265 174 60 essentiale
559 2265 74 60 et
596 2265 87 60 non
645 2265 198 60 accidentale:
807 2265 149 60 sequitur
906 2265 74 60 quod

263 2312 75 52 in
301 2312 201 52 diffinitione
464 2312 151 52 temporis
577 2312 88 52 non
627 2312 113 52 debet
702 2312 100 52 poni
765 2312 138 52 numerus
853 2312 138 52 numeratus

253 2360 63 50 ⁋
279 2360 101 50 Item
342 2360 76 50 si
380 2360 101 50 sic:
443 2360 101 50 tunc
507 2360 165 50 equaliter
633 2360 114 50 linea
709 2360 76 50 et
747 2360 190 50 superficies
887 2360 101 50 essent

267 2404 117 47 tepus
345 2404 117 47 sicut
423 2404 130 47 motus:
515 2404 104 47 quia
580 2404 91 47 ita
632 2404 156 47 conuenit
749 2404 156 47 numerare
867 2404 130 47 partes
945 2404 52 47 li

262 2454 79 51 nee
307 2454 102 51 sicut
375 2454 113 51 motus.
455 2454 79 51 hoc
500 2454 102 51 autem
568 2454 113 51 falsum
648 2454 91 51 est.
704 2454 91 51 ergo
761 2454 91 51 etc.
818 2454 57 51 ⁋
840 2454 91 51 Item
897 2454 91 51 quod
943 2454 45 51 mo

256 2494 80 52 tus
301 2494 137 52 inferior
404 2494 80 52 non
450 2494 80 52 sit
495 2494 126 52 tempus.
587 2494 148 52 probatur.
701 2494 91 52 quia
758 2494 114 52 tempus
838 2494 80 52 est
883 2494 91 52 idem
929 2494 57 52 vbi

255 2534 83 60 que
303 2534 71 60 et
338 2534 95 60 apud
397 2534 118 60 omnes:
480 2534 107 60 motus
551 2534 107 60 autem
622 2534 142 60 inferior
729 2534 95 60 non.
788 2534 95 60 ergo
847 2534 95 60 etc.
906 2534 59 60 ⁋
918 2534 71 60 Item

269 2581 102 51 quod
333 2581 89 51 res
384 2581 192 51 permanentes
538 2581 141 51 quantum
640 2581 77 51 ad
678 2581 192 51 substantiam
819 2581 166 51 mensurantur

257 2626 138 54 tempore:
361 2626 150 54 probatur.
476 2626 92 54 quia
534 2626 150 54 quodlibet
649 2626 104 54 aliud
718 2626 58 54 a
741 2626 92 54 deo.
799 2626 104 54 habet
857 2626 138 54 mensurari.

1118 231 94 70 ergo
1177 231 164 70 substantia
1306 231 82 70 rei
1353 231 176 70 permanentur
1493 231 105 70 habet
1564 231 152 70 mensuram:
1681 231 82 70 sed
1728 231 82 70 non
1763 231 82 70 aliam

1115 295 90 51 quam
1171 295 123 51 tempus.
1260 295 90 51 ergo
1316 295 90 51 etc.
1372 295 112 51 proter
1451 295 90 51 quod
1507 295 168 51 commentator
1641 295 101 51 dicit
1709 295 112 51 quarto
1776 295 67 51 phi-

1116 337 135 53 sicorum
1214 337 98 53 quod
1276 337 123 53 tempus
1362 337 86 53 est
1411 337 135 53 mensura
1509 337 86 53 per
1558 337 148 53 accidens
1657 337 172 53 permanentium

1102 375 53 71 ⁋
1124 375 63 71 Ad
1155 375 106 71 primum
1229 375 116 71 istorum
1314 375 85 71 dico
1367 375 85 71 quod
1420 375 116 71 itentio
1504 375 148 71 philosophi
1621 375 74 71 est
1663 375 85 71 quod
1716 375 106 71 tempus
1779 375 53 71 non

1108 426 86 59 sit
1157 426 99 59 alia
1219 426 86 59 res
1268 426 62 59 a
1293 426 111 59 rebus
1367 426 222 59 permanentibus.
1552 426 74 59 et
1589 426 86 59 hoc
1638 426 136 59 probant
1725 426 123 59 rationes

1111 466 92 62 quas
1169 466 104 62 facit
1238 466 69 62 ad
1273 466 150 62 probandum
1388 466 115 62 tempus
1469 466 81 62 non
1515 466 104 62 esse.
1584 466 161 62 concludunt
1711 466 92 62 enim
1757 466 69 62 quod

1108 516 120 47 tempus
1192 516 84 47 non
1240 516 84 47 sit
1288 516 96 47 alia
1348 516 84 47 res
1396 516 60 47 a
1420 516 108 47 rebus
1492 516 204 47 permanetibus.
1660 516 72 47 et
1696 516 96 47 ideo
1744 516 84 47 illas

1112 561 130 55 rationes
1209 561 76 55 non
1253 561 119 55 soluit.
1339 561 54 55 ⁋
1361 561 65 55 Si
1393 561 97 55 dicas
1458 561 86 55 quod
1512 561 97 55 omnes
1577 561 86 55 ille
1631 561 140 55 soluuntur
1739 561 76 55 per
1771 561 54 55 hoc

1112 598 90 63 quod
1168 598 112 63 partes
1246 598 191 63 successiuorum
1404 598 112 63 habent
1482 598 90 63 esse
1538 598 67 63 in
1572 598 112 63 quodam
1650 598 112 63 ordine
1729 598 67 63 et
1751 598 79 63 fieri

1098 647 71 61 et
1134 647 107 61 fluxu
1205 647 83 61 per
1252 647 83 61 hoc
1299 647 95 61 quod
1359 647 83 61 vna
1406 647 95 61 pars
1465 647 142 61 succedit
1572 647 130 61 alteri:
1666 647 71 61 et
1702 647 83 61 abe
1737 647 95 61 conti-

1107 695 136 54 nuantur
1206 695 74 54 ad
1243 695 149 54 instans.
1355 695 62 54 ⁋
1379 695 136 54 Contra:
1479 695 136 54 instans
1578 695 87 54 non
1628 695 124 54 potest
1714 695 99 54 dare
1764 695 62 54 ess

1109 737 102 58 parti
1177 737 159 58 praeterite
1302 737 68 58 et
1336 737 125 58 future:
1426 737 68 58 et
1460 737 68 58 de
1495 737 148 58 praesenti
1608 737 102 58 nihil
1676 737 91 58 est:
1733 737 91 58 nisi
1778 737 57 58 in-

1109 780 106 59 stans.
1184 780 85 59 ergo
1237 780 96 59 nullo
1301 780 85 59 modo
1354 780 106 59 potest
1428 780 85 59 dare
1482 780 96 59 esse.
1545 780 85 59 quod
1599 780 74 59 non
1641 780 96 59 parti
1694 780 128 59 praeterite

1103 825 110 61 patet:
1180 825 77 61 tum
1224 825 88 61 quia
1279 825 99 61 illud
1345 825 88 61 quod
1400 825 77 61 non
1444 825 77 61 est
1488 825 77 61 ens
1532 825 77 61 non
1576 825 77 61 fit
1620 825 88 61 ens:
1675 825 88 61 quia
1730 825 88 61 sibi
1774 825 55 61 sud

1099 869 132 55 cedit
1187 869 117 55 ens.
1261 869 147 55 Aliter
1363 869 88 55 ei
1407 869 161 55 negatio
1524 869 103 55 cui
1583 869 176 55 succedit
1700 869 132 55 affirma

1105 913 82 59 tio
1152 913 106 59 esset
1223 913 106 59 ests:
1294 913 82 59 tum
1341 913 94 59 quia
1399 913 188 59 indiuisibile
1553 913 153 59 succedens
1670 913 153 59 cuicumque
1776 913 59 59 non

1094 959 88 59 dat
1145 959 100 59 sibi
1207 959 138 59 maiorem
1308 959 151 59 etitatem
1421 959 100 59 quam
1484 959 75 59 si
1522 959 88 59 non
1572 959 188 59 succederet:
1723 959 100 59 quia
1773 959 50 59 in

1094 1002 122 61 nullo
1176 1002 135 61 genere
1270 1002 135 61 cause:
1365 1002 108 61 quia
1432 1002 95 61 nec
1486 1002 149 61 finalis
1594 1002 95 61 nec
1648 1002 162 61 formalis
1756 1002 68 61 nec

1089 1052 161 46 efficient.
1215 1052 80 46 cum
1261 1052 92 46 ergo
1318 1052 161 46 accipiatur
1445 1052 115 46 tempus
1525 1052 172 46 praeteritum
1663 1052 80 46 cui
1709 1052 103 46 nihil
1767 1052 57 46 suo

1094 1087 111 59 cedit
1168 1087 111 59 esset
1242 1087 124 59 noens.
1329 1087 99 59 ergo
1391 1087 111 59 eodem
1465 1087 99 59 modo
1527 1087 124 59 quando
1614 1087 198 59 indiuisibile
1762 1087 62 59 suo

1092 1137 114 55 cedit
1168 1137 89 55 est
1219 1137 89 55 non
1270 1137 101 55 ens.
1333 1137 89 55 tum
1384 1137 139 55 tertio:
1485 1137 101 55 quia
1548 1137 76 55 si
1586 1137 139 55 instans
1675 1137 139 55 succedens

1089 1183 133 58 tempori
1185 1183 169 58 praeterito
1318 1183 157 58 immediate
1439 1183 121 58 posset
1523 1183 97 58 sibi
1584 1183 97 58 dare
1644 1183 157 58 entitatem
1753 1183 72 58 qua-

1097 1218 81 57 re
1138 1218 149 57 instans
1246 1218 108 57 sibi
1314 1218 176 57 succedens
1449 1218 149 57 mediate
1557 1218 108 57 puta
1625 1218 95 57 per
1679 1218 108 57 vnum
1733 1218 95 57 annum

1091 1271 90 54 non
1143 1271 129 54 potest
1233 1271 103 54 dare
1297 1271 155 54 entitate
1413 1271 142 54 tempori
1516 1271 180 54 praeterito
1658 1271 155 54 mediate:
1761 1271 64 54 pu-

1091 1316 66 54 ta
1124 1316 122 54 instans
1212 1316 88 54 quod
1268 1316 77 54 est
1312 1316 88 54 nunc
1367 1316 77 54 non
1411 1316 110 54 potest
1489 1316 88 54 dare
1544 1316 144 54 entitatem
1654 1316 122 54 tempori
1732 1316 88 54 potest

1093 1354 117 51 terito
1175 1354 93 51 quod
1233 1354 93 51 fuit
1292 1354 93 51 ante
1350 1354 117 51 annum.
1432 1354 93 51 ergo
1490 1354 82 51 non
1537 1354 82 51 est
1584 1354 187 51 rationabilit
1724 1354 93 51 dictum

1101 1399 80 54 quod
1151 1399 90 54 totum
1211 1399 100 54 tempus
1281 1399 150 54 praeteritum
1401 1399 90 54 habet
1461 1399 80 54 esse
1510 1399 70 54 per
1550 1399 110 54 instans
1630 1399 130 54 praesens.
1730 1399 50 54 ⁋
1750 1399 60 54 Si
1770 1399 50 54 di-

1091 1444 68 57 cas
1130 1444 78 57 quod
1179 1444 126 57 quaelibet
1276 1444 78 57 pars
1325 1444 117 57 temporis
1412 1444 136 57 praeteriti
1519 1444 88 57 habet
1578 1444 78 57 esse
1626 1444 68 57 per
1665 1444 107 57 instans
1733 1444 78 57 possun

1092 1482 152 61 immediate
1209 1482 129 61 sequens
1303 1482 105 61 illam
1373 1482 129 61 partem.
1466 1482 58 61 ⁋
1490 1482 117 61 Contra
1572 1482 94 61 quae
1630 1482 129 61 ratione
1712 1482 105 61 instans

1081 1532 181 55 immediate
1220 1532 153 55 sequens
1332 1532 125 55 daret
1415 1532 111 55 sibi
1485 1532 181 55 entitatem
1624 1532 125 55 eadem
1694 1532 125 55 ratione

1088 1575 148 58 instans
1195 1575 94 58 non
1249 1575 175 58 succedens
1384 1575 189 58 immediate:
1533 1575 94 58 sed
1587 1575 121 58 nihil
1654 1575 162 58 praecedens

1088 1620 107 58 vel
1149 1620 169 58 sequens
1272 1620 169 58 mediate
1394 1620 138 58 daret
1486 1620 123 58 sibi
1563 1620 107 58 non
1624 1620 199 58 entitatem
1762 1620 61 58 et

1090 1664 78 61 per
1135 1664 156 61 consequens
1257 1664 168 61 praeteritum
1391 1664 112 61 tempus
1470 1664 101 61 esset
1537 1664 156 61 compositum
1659 1664 67 61 ex
1693 1664 89 61 ente
1749 1664 67 61 et
1771 1664 56 61 non

1082 1709 112 59 ente.
1156 1709 75 59 de
1193 1709 112 59 parte
1268 1709 149 59 temporis
1380 1709 124 59 futura
1467 1709 137 59 videtur
1566 1709 174 59 manifestum
1703 1709 99 59 quod
1753 1709 62 59 in-

1089 1747 125 65 stans
1173 1747 97 65 non
1228 1747 97 65 dat
1284 1747 111 65 sibi
1353 1747 181 65 entitatem
1492 1747 153 65 aliquam
1604 1747 97 65 cum
1659 1747 153 65 instans
1756 1747 70 65 pre

1089 1791 100 62 sens
1151 1791 150 62 transeat
1263 1791 137 62 anteque
1363 1791 87 62 sit
1413 1791 100 62 pars
1476 1791 137 62 futura:
1576 1791 100 62 ergo
1638 1791 125 62 partes
1713 1791 100 62 praete

1089 1841 99 51 rite
1150 1841 74 51 et
1188 1841 124 51 future
1274 1841 136 51 ratione
1373 1841 161 51 instantis
1497 1841 173 51 praesentis
1633 1841 87 51 non
1670 1841 136 51 componunt

1093 1879 86 60 nec
1142 1879 135 60 faciunt
1240 1879 135 60 aliquod
1339 1879 98 60 vnum
1400 1879 86 60 per
1449 1879 86 60 se.
1499 1879 61 60 ⁋
1523 1879 86 60 his
1572 1879 111 60 visis
1646 1879 160 60 respondeo
1757 1879 49 60 ad

1086 1928 173 57 philosophum
1225 1928 69 57 in
1260 1928 219 57 praedicamentis:
1444 1928 92 57 quod
1502 1928 81 57 non
1548 1928 104 57 dicit
1618 1928 127 57 tanquam
1710 1928 104 57 verum
1768 1928 46 57 de

1087 1975 178 53 opinione
1221 1975 119 53 sua:
1295 1975 104 53 sed
1354 1975 163 53 tanquam
1472 1975 163 53 famosum
1591 1975 89 53 et
1635 1975 89 53 de
1665 1975 148 53 opinione

1087 2015 139 57 aliorum.
1191 2015 69 57 et
1226 2015 92 57 ideo
1284 2015 104 57 dicit
1353 2015 127 57 amplius
1445 2015 127 57 praeter
1538 2015 81 57 hec
1584 2015 104 57 locus
1653 2015 69 57 et
1688 2015 127 57 tempus.
1769 2015 46 57 et

1091 2052 97 60 quato
1156 2052 162 60 phisicorum.
1285 2052 76 60 vbi
1329 2052 140 60 exquisite
1436 2052 151 60 determinat
1555 2052 65 60 de
1587 2052 119 60 tempore
1674 2052 129 60 secundum
1760 2052 54 60 opi

1077 2104 126 58 nionem
1166 2104 101 58 suam
1229 2104 126 58 probat
1317 2104 101 58 quod
1381 2104 126 58 tempus
1469 2104 88 58 non
1519 2104 88 58 est
1570 2104 139 58 aliquid
1671 2104 114 58 aliud
1747 2104 63 58 a
1759 2104 51 58 re

1077 2137 105 66 bus
1137 2137 271 66 permanentibus:
1363 2137 90 66 et
1408 2137 136 66 illas
1499 2137 181 66 rationes
1634 2137 105 66 non
1679 2137 136 66 soluit:

1081 2191 97 55 qui
1137 2191 111 55 sunt
1206 2191 97 55 pro
1261 2191 111 55 eius
1331 2191 180 55 opinione.
1469 2191 139 55 Aliter
1566 2191 139 55 potest
1663 2191 111 55 dici
1719 2191 83 55 quod

1075 2232 88 63 non
1126 2232 138 63 accipit
1226 2232 88 63 ibi
1276 2232 188 63 quantitatem
1427 2232 138 63 stricte
1528 2232 88 63 pro
1578 2232 113 63 illis
1653 2232 100 63 quae
1704 2232 100 63 tantum

1088 2272 111 58 sunt
1158 2272 84 58 in
1199 2272 139 58 genere
1297 2272 223 58 quantitatis:
1478 2272 97 58 sed
1534 2272 139 58 large.
1631 2272 111 58 Unde
1687 2272 125 58 videtur

1076 2323 94 45 ibi
1129 2323 201 45 distinguere
1290 2323 121 45 inter
1371 2323 107 45 illa
1438 2323 107 45 quae
1505 2323 107 45 sunt
1572 2323 80 45 in
1612 2323 134 45 genere
1692 2323 121 45 quanti-

1080 2362 111 60 tatis
1154 2362 87 60 per
1203 2362 87 60 se:
1253 2362 74 60 et
1290 2362 111 60 inter
1364 2362 99 60 illa
1426 2362 99 60 quae
1488 2362 99 60 sunt
1550 2362 74 60 in
1587 2362 124 60 genere
1662 2362 136 60 quantitas

1071 2411 102 55 per
1130 2411 190 55 accidens.
1276 2411 132 55 large
1364 2411 175 55 loquendo
1495 2411 161 55 accipit
1612 2411 102 55 ibi
1656 2411 161 55 quantita-

1088 2457 71 41 tem
1129 2457 71 41 pro
1169 2457 82 41 omni
1220 2457 61 41 eo
1251 2457 82 41 quod
1302 2457 92 41 habet
1363 2457 102 41 partes
1434 2457 153 41 distinctas.
1556 2457 61 41 et
1587 2457 71 41 sic
1628 2457 71 41 est
1669 2457 102 41 tempus
1730 2457 71 41 potes

1087 2495 84 53 esse
1140 2495 148 53 quantitas.
1256 2495 95 53 sicut
1319 2495 95 53 etiam
1383 2495 126 53 secundum
1477 2495 74 53 eum
1519 2495 105 53 ibidem
1593 2495 116 53 numerus
1678 2495 105 53 potest
1741 2495 63 53 esse

1079 2538 183 60 quantitas:
1223 2538 79 60 vt
1262 2538 144 60 numerus
1367 2538 118 60 decem
1446 2538 183 60 angelorum:
1590 2538 105 60 quia
1655 2538 105 60 ille
1707 2538 92 60 numer

1081 2581 102 56 habet
1149 2581 113 56 partes
1228 2581 159 56 distinctas
1353 2581 79 56 per
1398 2581 91 56 quas
1455 2581 91 56 vnus
1512 2581 125 56 numerus
1603 2581 125 56 dicitur
1694 2581 102 56 maior
1750 2581 57 56 vel

1077 2625 97 65 mior
1137 2625 109 65 alio.
1210 2625 73 65 et
1246 2625 85 65 sic
1295 2625 157 65 quantitas
1416 2625 121 65 potest
1500 2625 169 65 transferri
1634 2625 73 65 ad
1658 2625 157 65 substantiam
