2335 3097
290 217 127 74 velox
375 217 99 74 vel
431 217 156 74 tardum:
545 217 113 74 quia
615 217 156 74 mensura
729 217 184 74 abstrahit
870 217 71 74 a
898 217 142 74 veloci
983 217 57 74 et

307 283 120 49 tardo.
391 283 72 49 et
427 283 84 49 hoc
475 283 144 49 loquendo
582 283 72 49 de
618 283 132 49 tempore
714 283 72 49 in
750 283 108 49 anima
822 283 84 49 vel
869 283 72 49 in
905 283 72 49 re
929 283 96 49 extram

304 324 96 63 quia
364 324 108 63 motus
436 324 72 63 in
472 324 108 63 anima
544 324 132 63 quantum
640 324 84 63 est
689 324 120 63 tempus
773 324 156 63 regularis
893 324 84 63 est
941 324 72 63 et
965 324 60 63 vni

294 369 163 51 formis.
412 369 118 51 vnde
486 369 118 51 quia
560 369 192 51 velocitas
708 369 89 51 et
752 369 177 51 tarditas
870 369 163 51 impediunt

299 414 163 54 rationem
422 414 204 54 mensurandi:
585 414 109 54 quia
652 414 81 54 de
693 414 149 54 ratione
802 414 149 54 mensure
897 414 122 54 duratio

294 459 93 52 nis
347 459 93 52 est
400 459 106 52 quod
466 459 93 52 sit
519 459 173 52 vniformis
652 459 80 52 et
692 459 186 52 regularis:
838 459 106 52 ideo
891 459 146 52 velocitas

298 507 73 47 et
334 507 145 47 tarditas
443 507 85 47 non
492 507 170 47 conueniunt
625 507 109 47 motui
698 507 73 47 vi
734 507 109 47 habet
807 507 145 47 rationem
904 507 121 47 temporis

299 547 75 53 qui
342 547 65 53 vt
375 547 75 53 sic
418 547 97 53 habet
482 547 129 53 rationem
579 547 129 53 mensure.
676 547 97 53 tamen
740 547 151 53 accipiendo
859 547 108 53 tempus
923 547 108 53 secundum

306 592 96 53 quid
366 592 96 53 rei:
426 592 84 53 sic
474 592 84 53 est
522 592 120 53 omnino
606 592 96 53 idem
666 592 84 53 cum
713 592 120 53 motum.
797 592 72 53 et
833 592 84 53 sic
881 592 96 53 bene
929 592 96 53 potest

296 640 140 52 concedi
398 640 102 52 quod
462 640 127 52 tempus
551 640 89 52 sit
602 640 115 52 velox
678 640 76 52 et
717 640 127 52 tardum
806 640 115 52 sicut
882 640 127 52 motus:
959 640 76 52 quia

297 681 103 51 ista
362 681 168 51 competunt
491 681 103 51 sibi
556 681 168 51 inquantum
685 681 116 51 habet
762 681 129 51 partes
853 681 103 51 sibi
905 681 116 51 inuicem

294 726 220 46 succedentes
470 726 73 46 â‹
500 726 88 46 Ad
544 726 132 46 aliam
632 726 235 46 auctoritatem
823 726 88 46 et
852 726 176 46 consimiles

298 770 97 46 quae
358 770 121 46 dicunt
443 770 121 46 tempus
527 770 97 46 esse
588 770 157 46 passionem
708 770 72 46 et
744 770 145 46 accidens
853 770 121 46 motus.
925 770 97 46 dicen-

299 815 92 57 dum
351 815 105 57 quod
417 815 171 57 accipiunt
548 815 171 57 passionem
680 815 79 57 et
719 815 158 57 accidens
837 815 92 57 non
890 815 92 57 pro
929 815 105 57 aliquo

292 853 191 56 accidente
439 853 88 56 de
484 853 147 56 genere
587 853 206 56 accidentis
749 853 206 56 formaliter
896 853 147 56 inheren-

292 907 87 46 te
336 907 131 46 motui
423 907 102 46 vel
482 907 160 46 mobili:
598 907 102 46 sed
656 907 102 46 pro
715 907 146 46 aliquo
817 907 189 46 predicato
948 907 87 46 vel-

287 942 166 51 conceptu
412 942 221 51 praedicabili
591 942 83 51 de
633 942 111 51 motu
702 942 83 51 in
744 942 152 51 secundo
854 942 111 51 modo
910 942 124 51 dicendi

298 991 82 55 per
345 991 70 55 se
380 991 82 55 non
427 991 70 55 in
462 991 105 55 primo
533 991 105 55 modo.
603 991 70 55 et
638 991 82 55 hoc
685 991 82 55 est
732 991 176 55 generaliter
873 991 105 55 verum
931 991 94 55 quando

296 1037 188 51 praedicatum
447 1037 151 51 connotat
560 1037 138 51 aliquid
661 1037 100 51 quod
724 1037 88 51 non
774 1037 151 51 connotat
874 1037 151 51 subiectum.

294 1080 71 50 et
330 1080 83 50 sic
377 1080 118 50 tempus
460 1080 83 50 est
507 1080 118 50 passio
590 1080 71 50 et
625 1080 142 50 accidens
732 1080 118 50 motus:
814 1080 95 50 quia
873 1080 118 50 tempus
944 1080 83 50 vltra

292 1127 128 43 motum
377 1127 171 43 connotat
505 1127 156 43 aliquid
619 1127 114 43 quod
690 1127 100 43 non
747 1127 100 43 est
804 1127 85 43 de
846 1127 171 43 essentia
960 1127 71 43 mo-

301 1166 98 49 tus.
362 1166 73 49 Et
399 1166 98 49 ideo
460 1166 134 49 ratione
557 1166 159 49 connotati
680 1166 183 49 praedicatur
826 1166 73 49 de
863 1166 98 49 motu
912 1166 110 49 secundo

298 1218 110 48 modo
367 1218 151 48 dicendi
477 1218 96 48 per
532 1218 96 48 se:
587 1218 96 48 non
642 1218 124 48 primo
724 1218 110 48 modo
793 1218 69 48 â‹
820 1218 96 48 hoc
875 1218 110 48 modo
930 1218 96 48 crea-

292 1256 110 46 tiuum
365 1256 135 46 dicitur
463 1256 123 46 passio
549 1256 98 46 dei:
610 1256 86 46 non
659 1256 98 46 quod
721 1256 86 46 sit
770 1256 135 46 aliquod
868 1256 147 46 accidens
966 1256 61 46 for

297 1301 140 52 maliter
399 1301 153 52 inherens
513 1301 102 52 deo:
577 1301 89 52 sed
628 1301 102 52 quia
691 1301 153 52 connotat
806 1301 140 52 aliquid
908 1301 102 52 quod
958 1301 64 52 non

296 1343 100 54 est
353 1343 86 54 de
396 1343 171 54 essentia
524 1343 114 54 dei.
595 1343 86 54 Et
638 1343 100 54 ita
695 1343 86 54 in
738 1343 157 54 talibus
852 1343 157 54 dicitur
951 1343 86 54 sub-

288 1386 121 49 iectum
372 1386 169 49 praecedere
505 1386 181 49 praedicatum
650 1386 109 49 sicut
722 1386 97 49 pars
783 1386 121 49 totum:
867 1386 97 49 quia
915 1386 109 49 praedi-

288 1435 120 55 catum
368 1435 186 55 significat
514 1435 120 55 totum
594 1435 107 55 quod
661 1435 173 55 subiectum
794 1435 80 55 et
834 1435 120 55 plus:
913 1435 80 55 et
940 1435 80 55 ideo

288 1477 94 55 non
341 1477 135 55 potest
436 1477 175 55 intelligi
570 1477 108 55 sine
638 1477 175 55 subiecto.
772 1477 81 55 Et
813 1477 94 55 sic
866 1477 162 55 dicuntur
974 1477 54 55 ac

287 1530 143 47 cidere
387 1530 86 47 et
430 1530 129 47 sequi
516 1530 86 47 ad
559 1530 143 47 talia.
659 1530 72 47 â‹
688 1530 86 47 Ad
731 1530 129 47 aliud
817 1530 115 47 dico
888 1530 115 47 quod
945 1530 72 47 mo-

295 1565 81 50 tus
342 1565 81 50 non
388 1565 139 50 sequitur
493 1565 174 50 quantitatem
632 1565 128 50 spacii:
725 1565 81 50 ita
772 1565 93 50 quod
830 1565 81 50 sit
877 1565 128 50 aliquod
958 1565 58 50 ac-

290 1610 114 53 cidens
370 1610 137 53 inherens
473 1610 160 53 quantitati
598 1610 126 53 spacii:
690 1610 80 53 sed
736 1610 91 53 quia
793 1610 80 53 est
838 1610 103 53 ipsum
907 1610 80 53 vbi
941 1610 69 53 quod

286 1650 191 51 successiue
436 1650 191 51 acquiritur
586 1650 123 51 supra
668 1650 191 51 quantitate
818 1650 136 51 spacii
913 1650 95 51 cum
954 1650 68 51 ne-

297 1696 183 54 gationibus
441 1696 144 54 illorum
545 1696 104 54 vbi:
610 1696 78 54 et
649 1696 91 54 hoc
702 1696 144 54 ponendo
806 1696 117 54 talem
871 1696 157 54 respectum:

302 1737 82 47 ed
343 1737 96 47 non
398 1737 150 47 ponendo
507 1737 178 47 respectum
644 1737 109 47 vbi:
712 1737 109 47 quia
781 1737 109 47 tunc
849 1737 96 47 est
890 1737 123 47 ipsamet

297 1784 165 55 quantitas
424 1784 127 55 spacii
513 1784 89 55 cum
563 1784 203 55 negationibus
728 1784 139 55 partium
829 1784 139 55 spacii:
930 1784 76 55 et
956 1784 63 55 hoc

292 1828 144 53 quantum
397 1828 78 53 ad
436 1828 105 53 suum
501 1828 209 53 significatum
671 1828 144 53 totale:
776 1828 118 53 sicut
854 1828 118 53 prius
919 1828 105 53 dictum

295 1881 100 48 est.
357 1881 87 48 ita
407 1881 87 48 nec
456 1881 125 48 tempus
544 1881 149 48 sequitur
656 1881 112 48 motum
731 1881 112 48 sicut
805 1881 137 48 aliquid
905 1881 100 48 sibi
955 1881 62 48 in-

299 1922 153 51 herens:
410 1922 97 51 sed
466 1922 125 51 sicut
549 1922 153 51 aliquid
661 1922 111 51 quod
730 1922 125 51 vltra
813 1922 125 51 motum
883 1922 139 51 connotat

300 1966 159 53 rationem
419 1966 145 53 mensure
525 1966 145 53 quantum
630 1966 79 53 ad
670 1966 106 53 suum
736 1966 212 53 significatum
895 1966 119 53 totale.

295 2003 70 56 Et
330 2003 94 56 ideo
389 2003 141 56 sequitur
495 2003 105 56 sicut
565 2003 129 56 aliquid
659 2003 176 56 praedicatur
799 2003 70 56 de
834 2003 70 56 eo
870 2003 129 56 secundo
952 2003 70 56 modo

290 2051 151 49 dicendi
400 2051 96 49 per
455 2051 82 49 se
496 2051 82 49 et
537 2051 96 49 non
592 2051 124 49 primo
675 2051 124 49 modo.
757 2051 124 49 sicut
840 2051 124 49 motus
908 2051 110 49 suppo-

296 2091 109 56 sito
365 2091 109 56 quod
433 2091 191 56 significet
583 2091 137 56 partem
679 2091 137 56 spacii
775 2091 96 56 cum
816 2091 191 56 negationibus

296 2135 68 58 â‹
324 2135 82 58 Ad
365 2135 123 58 aliud
446 2135 109 58 dico
515 2135 109 58 quod
583 2135 109 58 siue
651 2135 191 58 accipiatur
801 2135 136 58 tempus
896 2135 95 58 pro
937 2135 82 58 motu

288 2188 79 43 in
327 2188 119 43 anima
406 2188 105 43 siue
472 2188 92 43 pro
525 2188 79 43 re
565 2188 211 43 extra:semper
736 2188 92 43 est
789 2188 105 43 vnum
855 2188 79 43 et
894 2188 105 43 idem
947 2188 66 43 per

289 2228 262 47 equiualentiam:
508 2228 131 47 licet
595 2228 117 47 sint
668 2228 131 47 plura
756 2228 175 47 realiter
887 2228 87 47 et
916 2228 102 47 forma

288 2267 126 59 liter:
377 2267 101 59 quia
440 2267 126 59 tantum
528 2267 114 59 valet
604 2267 101 59 vnum
667 2267 139 59 quantum
768 2267 126 59 omnia:
856 2267 76 59 et
894 2267 76 59 si
919 2267 101 59 essent

286 2291 154 91 plures
393 2291 123 91 celi
470 2291 139 91 adhuc
563 2291 123 91 idem
640 2291 154 91 tempus
747 2291 139 91 esset
840 2291 108 91 per
886 2291 200 91 equiualen-

296 2363 113 53 tiam:
372 2363 75 53 et
410 2363 88 53 ita
460 2363 126 53 possem
548 2363 163 53 mensurare
674 2363 88 53 per
724 2363 101 53 vnum
787 2363 138 53 illorum
887 2363 75 53 si
912 2363 101 53 essent

288 2405 104 42 mihi
353 2405 104 42 noti
418 2405 117 42 sicut
497 2405 91 42 per
549 2405 117 42 omns:
627 2405 91 42 sed
680 2405 104 42 tunc
745 2405 131 42 essent
836 2405 117 42 plura
902 2405 117 42 tempora

295 2447 144 63 realiter
403 2447 72 63 et
439 2447 181 63 formaliter.
584 2447 72 63 et
620 2447 84 63 sic
668 2447 168 63 intelligit
800 2447 193 63 philosophus.
957 2447 60 63 â‹
969 2447 48 63 Ad

286 2491 135 56 aliud
376 2491 120 56 dico
451 2491 120 56 quod
525 2491 90 56 si
570 2491 150 56 nullus
675 2491 150 56 primus
780 2491 135 56 motus
869 2491 135 56 esset
944 2491 75 56 non

288 2532 121 57 esset
368 2532 134 57 tempus
462 2532 107 57 quod
529 2532 107 57 idem
596 2532 121 57 esset
676 2532 94 57 cum
730 2532 121 57 motum
810 2532 121 57 reali
878 2532 147 57 mensurans

292 2587 134 41 alios
382 2587 134 41 motus
471 2587 224 41 inferiores.
651 2587 90 41 et
695 2587 105 41 sic
755 2587 209 41 intelligut
904 2587 105 41 docto

297 2621 89 68 res
348 2621 126 68 tempus
436 2621 89 68 non
487 2621 101 68 esse
550 2621 101 68 post
613 2621 164 68 iudicium:
740 2621 89 68 sed
790 2621 114 68 tamen
866 2621 101 68 bene
917 2621 101 68 potest

1121 222 115 70 esse
1192 222 129 70 motus
1278 222 86 70 in
1321 222 129 70 anima
1407 222 186 70 mensurans
1551 222 129 70 alios
1637 222 129 70 motus
1723 222 100 70 vel
1766 222 86 70 exi:

1115 288 150 52 stentes
1224 288 109 52 actu
1292 288 95 52 vel
1347 288 190 52 possibiles
1496 288 122 52 esse.
1578 288 82 52 et
1619 288 95 52 sic
1673 288 150 52 fuisset
1768 288 82 52 ten-

1117 333 98 53 pus
1173 333 125 53 iosue
1256 333 84 53 si
1298 333 125 53 omnia
1382 333 153 53 corpora
1494 333 167 53 celestia
1619 333 195 53 stetissent
1758 333 98 53 sicut

1124 378 145 50 stetit
1225 378 101 50 sol
1283 378 130 50 adhuc
1370 378 101 50 per
1427 378 130 50 motum
1514 378 203 50 ymaginatum
1673 378 145 50 posset
1760 378 87 50 quis

1105 427 217 44 mensurare
1272 427 150 44 motus
1372 427 250 44 inferiores.
1572 427 100 44 et
1622 427 117 44 hoc
1689 427 133 44 modo
1756 427 100 44 bea-

1117 467 87 56 ti
1160 467 217 56 mensurabunt
1334 467 116 56 post
1406 467 174 56 iudicium
1537 467 130 56 penas
1624 467 203 56 damnatorum
1769 467 72 56 sed

1120 513 133 43 magis
1209 513 89 43 et
1253 513 133 43 minus
1342 513 103 43 per
1401 513 133 43 motum
1490 513 222 43 ymaginatum.
1667 513 74 43 â‹
1696 513 89 43 Ad
1741 513 133 43 aliud

1120 555 96 50 quo
1175 555 137 50 tempus
1271 555 96 50 est
1326 555 137 50 passio
1422 555 123 50 motus
1504 555 137 50 patuit
1600 555 137 50 prius.
1695 555 110 50 Dico
1750 555 96 50 tamen

1116 600 105 49 quod
1182 600 132 49 aliter
1274 600 92 49 hec
1327 600 92 49 est
1380 600 105 49 vera
1445 600 132 49 tempus
1538 600 92 49 est
1590 600 119 49 motus
1670 600 158 49 realiter
1775 600 66 49 vel

1115 645 107 53 idem
1181 645 93 53 cum
1235 645 133 53 motum:
1328 645 80 53 et
1368 645 133 53 aliter
1461 645 93 53 hec
1514 645 133 53 tempus
1607 645 93 53 est
1661 645 133 53 passio
1740 645 107 53 motus:

1115 688 124 49 sicut
1198 688 96 49 hec
1253 688 138 49 aliter
1349 688 96 49 est
1404 688 110 49 vera
1473 688 124 49 album
1555 688 96 49 est
1610 688 138 49 sortes
1707 688 83 49 et
1734 688 110 49 aliter

1116 731 119 53 hec.
1190 731 134 53 album
1279 731 104 53 est
1339 731 148 53 passio
1443 731 163 53 sortis.
1561 731 104 53 nam
1621 731 134 53 primo
1710 731 119 53 modo
1769 731 74 53 tam

1113 779 149 46 tempus
1217 779 119 46 quam
1291 779 134 46 album
1381 779 134 46 habet
1470 779 253 46 suppositionem
1663 779 178 46 personalem

1118 816 113 53 quia
1189 816 127 53 tepus
1273 816 113 53 tunc
1344 816 170 53 supponit
1471 816 99 53 pro
1528 816 113 53 motu
1599 816 85 53 et
1641 816 127 53 album
1726 816 99 53 pro
1768 816 85 53 sor-

1109 867 83 55 te
1151 867 124 55 sicut
1233 867 110 55 hic.
1303 867 124 55 album
1385 867 138 55 potest
1482 867 110 55 esse
1551 867 138 55 nigrum
1648 867 97 55 tam
1689 867 152 55 subiectum

1114 911 111 55 quam
1183 911 194 55 predicatum
1335 911 180 55 supponunt
1474 911 221 55 personaliter
1653 911 111 55 puta
1723 911 97 55 pro
1764 911 83 55 sub-

1118 956 122 52 iecto
1200 956 109 52 quod
1268 956 136 52 potest
1363 956 163 52 vtrumque
1486 956 177 52 recipere.
1622 956 82 52 et
1663 956 95 52 sic
1703 956 150 52 subiectum

1108 998 83 51 et
1150 998 194 51 predicatum
1302 998 83 51 in
1343 998 152 51 omnibus
1454 998 207 51 significant
1620 998 111 51 idem
1689 998 124 51 omnio
1758 998 83 51 hino

1115 1039 124 51 inde.
1198 1039 96 51 nec
1253 1039 220 51 distinguntur
1432 1039 165 51 realiter
1555 1039 96 51 nec
1610 1039 206 51 formaliter:
1762 1039 83 51 quia

1110 1084 134 55 aliter
1204 1084 148 55 nunquam
1311 1084 134 55 essent
1405 1084 107 55 ille
1472 1084 228 55 propositiones
1660 1084 121 55 vere:
1741 1084 81 55 et
1767 1084 81 55 ideo

1110 1132 77 45 in
1149 1132 140 45 talibus
1251 1132 128 45 semper
1340 1132 179 45 predicatur
1481 1132 102 45 idem
1544 1132 77 45 de
1583 1132 89 45 se:
1634 1132 89 45 sed
1685 1132 128 45 quando
1761 1132 77 45 dico

1117 1172 138 60 tempus
1214 1172 96 60 est
1269 1172 138 60 passio
1365 1172 138 60 motus.
1461 1172 124 60 album
1544 1172 96 60 est
1599 1172 138 60 passio
1696 1172 138 60 sortis
1778 1172 69 60 ibi

1122 1219 175 54 vtrumque
1253 1219 102 54 vel
1312 1219 131 54 habet
1399 1219 247 54 suppositionem
1603 1219 189 54 simplicem
1748 1219 102 54 vel
1792 1219 58 54 ma

1120 1260 169 50 teriale.
1247 1260 127 50 primo
1331 1260 113 50 modo
1402 1260 169 50 supponit
1528 1260 99 50 pro
1585 1260 183 50 conceptu.
1711 1260 127 50 secundo

1121 1301 109 63 modo
1189 1301 95 63 pro
1244 1301 109 63 voce
1312 1301 109 63 quae
1380 1301 95 63 vox
1434 1301 82 63 et
1475 1301 177 63 conceptus
1611 1301 204 63 significant
1760 1301 82 63 vnum

1111 1355 256 50 principaliter
1322 1355 90 50 et
1367 1355 196 50 connotant
1517 1355 150 50 aliud.
1622 1355 90 50 Et
1668 1355 165 50 ratione
1773 1355 75 50 con

1114 1394 136 57 notati
1209 1394 149 57 possunt
1318 1394 176 57 predicari
1454 1394 149 57 secundo
1562 1394 109 57 modo
1630 1394 95 57 per
1684 1394 95 57 se.
1738 1394 81 57 et
1766 1394 81 57 for-

1118 1436 82 56 te
1159 1436 136 56 quando
1254 1436 109 56 dico
1322 1436 122 56 album
1404 1436 95 56 est
1458 1436 136 56 passio
1553 1436 149 56 sortis:
1662 1436 109 56 luer
1730 1436 122 56 album
1798 1436 54 56 po

1112 1483 112 51 test
1182 1483 140 51 habere
1280 1483 238 51 suppositionem
1476 1483 252 51 significatiua.
1687 1483 84 51 et
1729 1483 98 51 sic
1771 1483 70 51 est

1118 1524 126 57 vera.
1202 1524 84 57 et
1244 1524 112 57 tunc
1314 1524 168 57 supponit
1440 1524 98 57 pro
1497 1524 168 57 albedine
1623 1524 112 57 quae
1693 1524 98 57 est
1735 1524 112 57 passio

1117 1570 131 45 sortis:
1212 1570 83 45 sed
1260 1570 143 45 secundum
1367 1570 107 45 istam
1439 1570 203 45 suppositionem
1606 1570 83 45 hec
1653 1570 83 45 est
1701 1570 119 45 falsa.
1773 1570 72 45 sor-

1118 1617 101 53 tes
1175 1617 101 53 est
1233 1617 130 53 albus
1319 1617 130 53 sicut
1406 1617 101 53 hec
1463 1617 144 53 sortes
1564 1617 101 53 est
1622 1617 158 53 albedo.
1737 1617 86 53 Et
1766 1617 72 53 est

1105 1660 180 53 notandum
1240 1660 120 53 quod
1315 1660 90 53 in
1360 1660 240 53 accidentibus
1556 1660 180 53 terminus
1676 1660 165 53 conceptus

1106 1702 137 55 potest
1202 1702 137 55 habere
1298 1702 219 55 quadruplicem
1475 1702 246 55 suppositionem:
1680 1702 109 55 sci.
1735 1702 109 55 licet-

1124 1751 201 51 personalem
1282 1751 187 51 simplicem
1426 1751 201 51 materialem
1584 1751 86 51 et
1613 1751 244 51 significatiuam.

1109 1790 190 49 Exemplum
1252 1790 95 49 de
1299 1790 142 49 albo.
1394 1790 142 49 primo
1489 1790 127 49 modo
1568 1790 190 49 supponit
1711 1790 111 49 pro
1758 1790 95 49 sub-

1110 1832 134 61 iecto.
1204 1832 148 61 secundo
1311 1832 107 61 modo
1378 1832 94 61 pro
1432 1832 175 61 conceptu.
1566 1832 134 61 tertio
1660 1832 107 61 modo
1727 1832 94 61 pro
1767 1832 81 61 voce

1118 1877 84 58 et
1160 1877 140 58 quarto
1258 1877 112 58 modo
1327 1877 98 58 pro
1383 1877 98 58 suo
1439 1877 223 58 significato:
1621 1877 98 58 sed
1676 1877 84 58 in
1704 1877 140 58 terminis

1109 1921 264 49 substantialibus
1331 1921 194 49 suppositio
1484 1921 194 49 personalis
1637 1921 83 49 et
1664 1921 167 49 significa-

1109 1967 101 57 tiua
1173 1967 101 57 sunt
1236 1967 126 57 eedem:
1324 1967 101 57 quia
1387 1967 101 57 idem
1450 1967 88 57 est
1501 1967 76 57 in
1539 1967 114 57 illis
1615 1967 202 57 significatum
1766 1967 76 57 quod

1102 2012 127 45 etiam
1187 2012 99 45 est
1243 2012 198 45 suppositum
1399 2012 170 45 exemplum
1526 2012 85 45 de
1568 2012 141 45 homine
1667 2012 71 45 â‹
1696 2012 85 45 Ad
1738 2012 127 45 aliud

1114 2052 123 52 dico
1191 2052 123 52 quia
1268 2052 185 52 repugnat
1407 2052 170 52 tempori
1530 2052 154 52 habere
1638 2052 154 52 partes
1731 2052 108 52 simul

1105 2097 84 56 in
1147 2097 167 56 respectu
1272 2097 139 56 extra:
1370 2097 98 56 sed
1426 2097 153 56 quantum
1537 2097 84 56 ad
1579 2097 139 56 partes
1677 2097 125 56 simul
1746 2097 98 56 intel

1112 2142 136 58 lectas
1208 2142 82 58 et
1248 2142 204 58 apprehensas
1412 2142 95 58 hoc
1466 2142 95 58 non
1520 2142 177 58 repugnat:
1656 2142 109 58 immo
1724 2142 95 58 est
1765 2142 68 58 ne-

1119 2184 169 60 cessarium
1249 2184 78 60 ad
1288 2184 91 60 hoc
1340 2184 104 60 quod
1405 2184 143 60 aliquis
1510 2184 143 60 mesuret
1614 2184 91 60 per
1666 2184 130 60 partes
1744 2184 91 60 tempo

1113 2229 103 47 ris.
1178 2229 103 47 quia
1242 2229 142 47 mensura
1345 2229 90 47 est
1397 2229 129 47 notior
1487 2229 180 47 mensurato:
1629 2229 129 47 aliter
1719 2229 90 47 non
1758 2229 77 47 duce

1111 2275 77 54 ret
1155 2275 66 54 in
1188 2275 88 54 eius
1243 2275 176 54 cognitionem.
1386 2275 66 54 et
1419 2275 88 54 ideo
1474 2275 110 54 tempus
1552 2275 99 54 habet
1618 2275 110 54 tantum
1695 2275 110 54 partes
1761 2275 77 54 simul

1113 2318 168 57 obiectiue
1242 2318 77 57 in
1281 2318 116 57 anima
1358 2318 77 57 et
1397 2318 90 57 non
1448 2318 180 57 subiectiue
1590 2318 77 57 in
1629 2318 77 57 re
1667 2318 129 57 extra.
1758 2318 64 57 â‹
1783 2318 77 57 Ad

1104 2362 134 48 aliud
1194 2362 119 48 dico
1268 2362 119 48 quod
1343 2362 164 48 instans
1462 2362 134 48 eodem
1552 2362 119 48 modo
1626 2362 134 48 habet
1716 2362 119 48 esse
1775 2362 60 48 in

1113 2404 116 62 anima
1190 2404 90 62 vel
1242 2404 77 62 in
1280 2404 77 62 re
1319 2404 116 62 extra
1396 2404 116 62 sicut
1473 2404 128 62 tempus
1562 2404 77 62 et
1601 2404 128 62 motus.
1691 2404 64 62 â‹
1716 2404 77 62 Ad
1742 2404 90 62 aliud

1103 2461 107 49 dico
1170 2461 107 49 quod
1236 2461 134 49 passio
1330 2461 134 49 realis
1424 2461 134 49 potest
1517 2461 134 49 accipi
1611 2461 201 49 duplicitur.
1758 2461 67 49 vno

1103 2495 105 49 modo
1169 2495 92 49 pro
1221 2495 171 49 accidente
1353 2495 184 49 formaliter
1498 2495 171 49 inherente
1629 2495 145 49 alicui.
1735 2495 105 49 alio
1787 2495 53 49 mo

1114 2547 76 47 pro
1158 2547 174 47 praedicabili
1299 2547 87 47 quod
1353 2547 131 47 supponit
1451 2547 76 47 pro
1495 2547 76 47 re.
1538 2547 98 47 primo
1604 2547 87 47 modo
1658 2547 109 47 tempus
1734 2547 65 47 in
1756 2547 76 47 anima

1104 2591 82 46 non
1151 2591 82 46 est
1198 2591 117 46 passio
1280 2591 129 46 realis.
1374 2591 129 46 secundo
1468 2591 94 46 modo
1527 2591 82 46 est
1574 2591 117 46 passio
1656 2591 117 46 realis
1738 2591 70 46 vt
1762 2591 82 46 patet

1100 2628 76 80 per
1144 2628 142 80 praedcam.
1253 2628 55 80 â‹
1275 2628 66 80 Et
1308 2628 98 80 sicut
1373 2628 98 80 patet
1439 2628 98 80 etiam
1504 2628 87 80 quod
1559 2628 120 80 aliquid
1646 2628 109 80 potest
1723 2628 87 80 dici
1767 2628 98 80 vniuoce
