2328 3092
1162 241 99 82 plex
1223 241 148 82 mensura.
1334 241 99 82 nego
1396 241 222 82 consequentiam:
1581 241 86 82 cum
1631 241 111 82 tamen
1705 241 111 82 multa
1767 241 123 82 argumen-

1165 311 71 50 ta
1201 311 107 50 fiant
1272 311 107 50 super
1343 311 95 50 hoc.
1402 311 95 50 quod
1461 311 71 50 si
1496 311 95 50 sint
1556 311 118 50 centum
1639 311 95 50 esse
1698 311 83 50 vna
1745 311 130 50 mensura
1828 311 59 50 sul

1161 349 114 58 ficit
1237 349 89 58 pro
1288 349 152 58 omnibus:
1402 349 76 58 et
1440 349 101 58 ideo
1503 349 89 58 non
1553 349 101 58 sunt
1617 349 126 58 plures
1705 349 139 58 mensure
1794 349 101 58 durati

1164 399 100 41 onis
1226 399 150 41 alicuius
1339 399 100 41 quam
1401 399 163 41 eternitas
1526 399 75 41 et
1564 399 138 41 tempus:
1664 399 88 41 nec
1714 399 163 41 eternitas
1826 399 75 41 pro-

1162 439 112 49 prie
1232 439 168 49 loquendo
1358 439 98 49 est
1414 439 112 49 plus
1484 439 154 49 mensura
1596 439 98 49 dei
1652 439 112 49 quam
1708 439 196 49 immortalitas

1161 485 123 55 Quando
1247 485 111 55 autem
1321 485 123 55 sancti
1407 485 123 55 dicunt
1493 485 98 55 quod
1555 485 98 55 deus
1616 485 172 55 mensuratur
1739 485 148 55 eternitate

1155 525 84 51 non
1203 525 181 51 intelligunt
1348 525 97 51 quod
1408 525 181 51 mensuretur:
1553 525 97 51 quia
1613 525 97 51 ipse
1674 525 84 51 est
1722 525 157 51 immensus:
1831 525 60 51 sed

1162 568 174 63 intelligunt
1301 568 93 63 quod
1359 568 104 63 sicut
1429 568 81 63 per
1475 568 116 63 tempus
1556 568 69 63 et
1591 568 81 63 per
1637 568 116 63 partes
1718 568 139 63 temporis
1811 568 81 63 mensu

1164 612 119 63 ramus
1243 612 119 63 omnia
1323 612 159 63 tempora:
1442 612 93 63 sic
1495 612 185 63 durationem
1640 612 146 63 diuinam
1733 612 159 63 mensuramus

1152 659 104 59 toto
1217 659 142 59 tempore
1320 659 78 59 in
1359 659 104 59 actu
1424 659 78 59 et
1463 659 78 59 in
1502 659 168 59 potentia:
1631 659 104 59 quia
1696 659 104 59 deus
1748 659 142 59 coexistit

1149 706 93 51 omni
1208 706 128 51 tempori
1301 706 70 51 in
1336 706 93 51 actu
1394 706 70 51 et
1429 706 70 51 in
1464 706 151 51 potentia.
1580 706 70 51 Et
1615 706 116 51 quando
1696 706 105 51 dicit
1766 706 93 51 quod
1813 706 81 51 corru

1166 747 193 57 pertibilia
1318 747 138 57 habent
1414 747 110 57 esse
1483 747 207 57 successiuum
1648 747 138 57 angeli
1745 747 124 57 autem
1813 747 83 57 non:

1160 793 91 52 aut
1212 793 182 52 intelligit
1355 793 104 52 quod
1420 793 130 52 habent
1511 793 143 52 aliquod
1615 793 104 52 esse
1680 793 195 52 successiuum
1823 793 65 52 di-

1158 835 151 67 stinctum
1272 835 63 67 a
1297 835 113 67 rebus
1372 835 226 67 permanentibus.
1561 835 75 67 et
1599 835 88 67 hoc
1649 835 88 67 est
1699 835 126 67 falsum
1787 835 75 67 vt
1813 835 75 67 pro-

1154 882 116 62 batum
1231 882 90 62 est
1283 882 77 62 in
1321 882 180 62 quaestione
1463 882 77 62 de
1501 882 116 62 motu.
1578 882 90 62 aut
1630 882 180 62 intelligit
1771 882 90 62 per
1810 882 77 62 suc-

1160 929 138 54 cessiuum
1263 929 103 54 illud
1332 929 92 54 quod
1389 929 103 54 habet
1458 929 92 54 esse
1516 929 161 54 coexistens
1642 929 138 54 tempori.
1745 929 69 54 et
1780 929 80 54 sic
1814 929 69 54 ange

1159 975 83 55 lus
1207 975 107 55 habet
1278 975 95 55 esse
1337 975 190 55 successiuum:
1492 975 95 55 quia
1551 975 95 55 eius
1611 975 95 55 esse
1670 975 166 55 conexistit
1789 975 95 55 succes

1146 1018 114 54 sioni
1222 1018 114 54 eius:
1298 1018 165 54 videlibet
1425 1018 165 54 temporis.
1552 1018 63 54 â‹
1577 1018 76 54 Ad
1615 1018 114 54 aliud
1691 1018 101 54 quod
1742 1018 139 54 accipitur

1144 1058 84 64 ab
1186 1058 169 64 Anselmo.
1313 1058 113 64 dico
1383 1058 113 64 quod
1454 1058 113 64 male
1524 1058 197 64 allegatur:
1679 1058 113 64 quia
1749 1058 99 64 non
1791 1058 99 64 loqui

1157 1111 80 48 tur
1202 1111 69 48 de
1237 1111 80 48 euo
1282 1111 69 48 ad
1317 1111 137 48 litteram
1420 1111 80 48 sed
1466 1111 114 48 tantum
1546 1111 69 48 de
1580 1111 160 48 eternitate
1706 1111 69 48 et
1740 1111 137 48 tempore.
1832 1111 57 48 di-

1148 1147 91 61 cit
1200 1147 104 61 enim
1265 1147 104 61 quod
1330 1147 143 61 aliquid
1435 1147 183 61 mensuratur
1578 1147 183 61 eternitate
1722 1147 78 61 vt
1761 1147 117 61 deus:
1826 1147 65 61 ali

1159 1188 95 67 quid
1218 1188 130 67 tempore
1313 1188 71 67 vt
1348 1188 166 67 inferiora:
1479 1188 130 67 aliquid
1573 1188 166 67 participat
1704 1188 154 67 vtrunque:
1810 1188 71 67 quia

1142 1238 156 64 incipit
1255 1238 85 64 in
1298 1238 156 64 tempore
1411 1238 85 64 et
1453 1238 127 64 durat
1538 1238 184 64 ineternum
1680 1238 85 64 vt
1722 1238 170 64 angelus:
1835 1238 57 64 et

1139 1277 96 65 ille
1199 1277 167 65 mensuratur
1330 1277 131 65 tempore
1426 1277 72 65 vt
1462 1277 120 65 dictum
1545 1277 96 65 est.
1605 1277 72 65 Et
1641 1277 120 65 quando
1725 1277 108 65 dicit
1796 1277 72 65 de
1820 1277 60 65 me-

1141 1321 99 65 dio
1197 1321 113 65 quod
1268 1321 99 65 est
1324 1321 212 65 inuariabile
1494 1321 85 65 et
1536 1321 198 65 variabile.
1691 1321 113 65 dico
1762 1321 113 65 quod
1818 1321 71 65 non

1147 1366 153 59 oportet
1259 1366 139 59 ponere
1356 1366 181 59 triplicem
1496 1366 209 59 variationem
1663 1366 125 59 talem
1747 1366 84 59 in
1774 1366 112 59 mesura

1143 1409 108 55 sicut
1215 1409 72 55 in
1251 1409 168 55 mensurato:
1383 1409 108 55 tamen
1455 1409 120 55 posito
1538 1409 96 55 quod
1598 1409 96 55 sic.
1658 1409 96 55 dico
1718 1409 96 55 tunc
1778 1409 96 55 quod
1826 1409 60 55 an-

1145 1456 114 57 gelus
1221 1456 114 57 habet
1297 1456 101 57 duas
1361 1456 165 57 mensuras:
1487 1456 101 57 quia
1551 1456 101 57 enim
1614 1456 89 57 est
1665 1456 190 57 variabilis:
1804 1456 76 57 ideo

1144 1507 153 51 mensuratur
1264 1507 120 51 tempore
1351 1507 87 51 modo
1406 1507 153 51 praedicto:
1526 1507 65 51 et
1559 1507 87 51 quia
1613 1507 185 51 inuariabilis:
1766 1507 87 51 ideo
1810 1507 76 51 habet

1149 1555 118 61 aliam
1227 1555 157 61 mensuram
1345 1555 222 61 perfectionis:
1528 1555 78 61 et
1567 1555 105 61 illa
1633 1555 92 61 est
1685 1555 105 61 deus
1750 1555 105 61 modo
1803 1555 78 61 pre-

1140 1587 124 53 dicto.
1227 1587 62 53 â‹
1252 1587 75 53 Ad
1289 1587 112 53 aliud
1363 1587 100 53 dico
1426 1587 100 53 quod
1488 1587 149 53 anselmus
1600 1587 124 53 quando
1687 1587 112 53 dicit
1762 1587 100 53 quod
1811 1587 75 53 deus

1138 1634 130 60 regnat
1229 1634 78 60 in
1268 1634 143 60 eternum
1372 1634 78 60 et
1411 1634 117 60 vltra
1489 1634 130 60 omnia:
1581 1634 182 60 intelligit
1724 1634 104 60 quod
1776 1634 104 60 regnat

1156 1683 104 63 vltra
1226 1683 104 63 omnes
1295 1683 162 63 creaturas:
1423 1683 93 63 quia
1480 1683 81 63 nec
1527 1683 104 63 habet
1596 1683 104 63 finem
1666 1683 81 63 nec
1712 1683 116 63 habere
1781 1683 93 63 potest

1149 1726 103 62 omnes
1217 1726 103 62 autem
1286 1726 91 62 alie
1343 1726 149 62 creature:
1457 1726 103 62 licet
1526 1726 80 62 non
1571 1726 114 62 habent
1651 1726 114 62 finem:
1731 1726 103 62 tamen
1789 1726 91 62 habere

1136 1777 149 46 possunt.
1247 1777 75 46 et
1285 1777 124 46 quando
1372 1777 112 46 dicit
1446 1777 99 46 quod
1508 1777 124 46 aliqua
1595 1777 149 46 creatura
1707 1777 112 46 habet
1782 1777 99 46 esse
1831 1777 50 46 ne

1147 1808 195 61 cessario:
1297 1808 120 61 dico
1372 1808 120 61 quod
1447 1808 135 61 nulla
1536 1808 180 61 creatura
1671 1808 135 61 magis
1746 1808 135 61 necessa

1146 1854 81 63 rio
1193 1854 105 63 habet
1263 1854 93 63 esse
1321 1854 93 63 quam
1379 1854 105 63 alia:
1448 1854 93 63 nisi
1506 1854 116 63 forte.
1588 1854 93 63 quia
1646 1854 81 63 vna
1692 1854 116 63 potest
1762 1854 116 63 corrumpi

1149 1895 67 58 a
1175 1895 160 58 pluribus
1296 1895 147 58 causis:
1402 1895 80 58 et
1443 1895 107 58 alia
1509 1895 67 58 a
1536 1895 214 58 paucioribus:
1710 1895 107 58 quia
1776 1895 94 58 vna
1817 1895 53 58 po

1142 1952 113 53 test
1213 1952 170 53 corrumpi
1340 1952 85 53 ab
1383 1952 142 53 agente
1482 1952 142 53 creato
1581 1952 85 53 et
1623 1952 184 53 increato:
1765 1952 85 53 et
1793 1952 85 53 alia

1138 1985 88 64 ab
1182 1985 175 64 increato
1314 1985 146 64 solum.
1416 1985 88 64 et
1460 1985 132 64 illud
1548 1985 102 64 non
1606 1985 132 64 ponit
1694 1985 161 64 maiorem
1796 1985 73 64 vel

1142 2033 156 57 minorem
1255 2033 227 57 necessitatem
1440 2033 156 57 essendi
1553 2033 156 57 habere.
1667 2033 71 57 â‹
1695 2033 85 57 Ad
1738 2033 128 57 aliud
1809 2033 71 57 di-

1134 2074 78 63 co
1173 2074 104 63 quod
1238 2074 91 63 non
1289 2074 117 63 magis
1367 2074 194 63 protenditur
1522 2074 104 63 esse
1587 2074 129 63 angeli
1678 2074 104 63 quam
1730 2074 142 63 essentiam

1132 2124 82 55 nec
1179 2124 129 55 proprie
1273 2124 129 55 dicitur
1367 2124 153 55 protendi:
1484 2124 94 55 nisi
1543 2124 94 55 quia
1602 2124 153 55 coexistit
1719 2124 117 55 alicui
1790 2124 70 55 modo

1138 2166 99 56 tui
1194 2166 99 56 vel
1251 2166 169 56 actioni:
1378 2166 85 56 et
1420 2166 99 56 sic
1476 2166 169 56 essentia
1603 2166 141 56 angeli
1688 2166 183 56 protenditur

1136 2209 105 54 nec
1196 2209 121 54 plus
1272 2209 90 54 ex
1317 2209 226 54 diuersitate
1497 2209 121 54 esse
1573 2209 181 54 arguitur
1693 2209 181 54 diuersitas

1129 2252 158 58 mensure
1244 2252 115 58 quam
1315 2252 86 58 ex
1358 2252 215 58 diuersitate
1531 2252 187 58 essentie.
1674 2252 101 58 Nec
1732 2252 129 58 etiam
1804 2252 57 58 ex

1137 2298 162 53 triplici
1258 2298 108 53 esse
1325 2298 135 53 potest
1419 2298 121 53 argui
1500 2298 148 53 triplex
1608 2298 162 53 mensura:
1729 2298 121 53 sicut
1797 2298 67 53 pri

1140 2348 77 51 us
1179 2348 141 51 patuit.
1281 2348 64 51 â‹
1307 2348 77 51 Ad
1346 2348 116 51 omnia
1423 2348 167 51 argumenta
1551 2348 103 51 quae
1615 2348 141 51 probant
1718 2348 103 51 quod
1769 2348 103 51 omnium

1134 2386 169 63 angelorum
1264 2386 91 63 non
1316 2386 91 63 sit
1368 2386 104 63 vnum
1433 2386 117 63 euum:
1511 2386 130 63 potest
1602 2386 182 63 responderi
1732 2386 143 63 concedem-

1134 2431 82 58 do
1175 2431 218 58 conclusionem
1352 2431 177 58 supposito
1488 2431 122 58 tamen
1570 2431 109 58 quod
1638 2431 109 58 euum
1706 2431 95 58 sit
1747 2431 122 58 mensura

1144 2486 178 51 angelorum.
1284 2486 152 51 rationes
1398 2486 89 51 non
1449 2486 140 51 probant
1551 2486 102 51 quod
1614 2486 89 51 non
1665 2486 89 51 sit
1716 2486 127 51 tantum
1792 2486 76 51 vnum

1130 2525 120 50 euum:
1210 2525 107 50 quia
1277 2525 80 50 si
1317 2525 107 50 euum
1384 2525 147 50 ponatur
1491 2525 80 50 in
1531 2525 120 50 primo
1611 2525 134 50 angelo
1705 2525 94 50 non
1745 2525 120 50 ponitur

1141 2574 87 46 in
1184 2574 87 46 eo
1227 2574 130 46 sicut
1314 2574 159 46 mensura
1430 2574 87 46 in
1474 2574 203 46 meusurato:
1633 2574 101 46 sed
1691 2574 130 46 sicut
1764 2574 101 46 acci-

1145 2608 106 53 dens
1211 2608 80 53 in
1251 2608 173 53 subiecto.
1384 2608 120 53 sicut
1464 2608 133 53 tempus
1556 2608 93 53 est
1610 2608 80 53 in
1649 2608 120 53 primo
1729 2608 120 53 motu:
1796 2608 66 53 non

1120 2648 123 64 sicut
1202 2648 164 64 mensura:
1325 2648 96 64 sed
1380 2648 123 64 sicut
1462 2648 164 64 accidens
1584 2648 82 64 in
1625 2648 177 64 subiecto.
1762 2648 82 64 et
1789 2648 82 64 tunc

337 241 133 69 istam
426 241 206 69 durationem
588 241 162 69 maiorem
706 241 103 69 vel
765 241 177 69 minorem:
897 241 103 69 nec
956 241 118 69 quod
1015 241 59 69 du

334 298 104 55 cat
394 298 104 55 nos
453 298 90 55 ad
498 298 224 55 cognitionem
677 298 119 55 quod
752 298 119 55 vnus
826 298 164 55 angelus
946 298 119 55 plus
1005 298 60 55 du

332 339 115 48 rauit
409 339 89 48 vel
460 339 140 48 durabit
562 339 77 48 et
600 339 115 48 alius
677 339 128 48 minus:
766 339 102 48 quia
830 339 89 48 hoc
881 339 115 48 solum
957 339 115 48 habet
1021 339 51 48 ex

331 388 211 59 beneplacito
499 388 140 59 diuino
598 388 84 59 et
640 388 126 59 totum
724 388 98 59 est
780 388 84 59 in
822 388 98 59 dei
878 388 140 59 ptante
977 388 84 59 et
1005 388 56 59 vo

330 429 139 57 luntate.
434 429 92 57 ergo
492 429 92 57 euum
550 429 150 57 totaliter
666 429 173 57 superfluit.
804 429 92 57 Item
862 429 92 57 quod
920 429 92 57 euum
978 429 81 57 non
1012 429 58 57 di-

333 475 94 47 cit
386 475 216 47 habitudinem.
562 475 175 47 probatur:
697 475 108 47 quia
764 475 121 47 omnis
845 475 162 47 habitudo
953 475 108 47 realis

326 520 189 46 requirit
468 520 236 46 fundamentum
657 520 95 46 et
705 520 189 46 terminum
846 520 158 46 realem
941 520 126 46 distin

338 566 101 44 ctu
395 566 72 44 a
424 566 217 44 fundamento:
598 566 101 44 sed
656 566 116 44 ista
728 566 174 44 habitudo
858 566 101 44 est
916 566 145 44 realis
1003 566 58 44 et

327 603 155 62 fundatur
444 603 78 62 in
482 603 155 62 essentia
599 603 142 62 angeli:
703 603 78 62 et
741 603 91 62 non
793 603 117 62 habet
871 603 117 62 alium
936 603 129 62 terminum

335 654 114 57 nisi
406 654 157 57 ipsmmet
521 654 172 57 angelum.
649 654 114 57 ergo
721 654 100 57 non
778 654 100 57 est
835 654 129 57 talis
907 654 157 57 habitudo.

334 693 84 62 Item
387 693 137 62 conclusio
492 693 74 62 hoc
535 693 84 62 quod
587 693 95 62 dicit
650 693 84 62 quod
703 693 84 62 euum
756 693 74 62 est
798 693 63 62 in
829 693 105 62 genere
903 693 147 62 substantie
1008 693 53 62 per

326 748 197 45 reductionem
483 748 92 45 non
536 748 92 45 per
588 748 92 45 se:
641 748 105 45 quia
707 748 105 45 euum
772 748 92 45 est
825 748 158 45 habitudo
943 748 79 45 et
969 748 92 45 rela-

334 781 108 52 tio.
402 781 108 52 Nunc
470 781 122 52 autem
551 781 176 52 absolutum
686 781 81 52 et
727 781 176 52 respectus
862 781 95 52 non
916 781 108 52 sunt
984 781 81 52 in
1011 781 54 52 eo

334 828 81 62 dem
381 828 127 62 genere:
473 828 81 62 nec
519 828 81 62 per
565 828 69 62 se
600 828 81 62 nec
646 828 81 62 per
692 828 185 62 reductionem.
842 828 92 62 Item
900 828 115 62 quando
969 828 92 62 aliqua

330 871 153 49 secundum
445 871 77 49 se
483 871 102 49 tota
547 871 166 49 differunt
675 871 77 49 et
713 871 102 49 vnum
777 871 89 49 non
828 871 89 49 est
879 871 102 49 pars
930 871 128 49 alterius

327 919 89 54 nec
378 919 178 54 essentiale
518 919 140 54 alteri:
620 919 89 54 nec
671 919 153 54 alicuius
785 919 178 54 existentis
925 919 89 54 per
976 919 76 54 se
1001 919 51 54 in

331 960 127 63 genere.
424 960 69 63 si
459 960 93 63 vnum
516 960 81 63 est
563 960 81 63 per
609 960 69 63 se
644 960 69 63 in
678 960 116 63 genere
759 960 69 63 et
794 960 116 63 aliud:
875 960 81 63 sed
921 960 93 63 ista
967 960 93 63 habitu

316 1010 82 54 do
357 1010 82 54 et
398 1010 190 54 substantia
547 1010 136 54 angeli
643 1010 109 54 sunt
711 1010 190 54 huiusmodi:
860 1010 109 54 quia
914 1010 150 54 respectus

319 1057 99 54 non
375 1057 99 54 est
432 1057 155 54 materia
544 1057 99 54 nec
600 1057 127 54 forma
685 1057 169 54 alicuius
812 1057 183 54 absoluti.
952 1057 113 54 ergo
1009 1057 56 54 si

322 1093 127 60 angelus
415 1093 81 60 est
461 1093 81 60 per
508 1093 69 60 se
542 1093 69 60 in
577 1093 116 60 genere
658 1093 162 60 substantie
786 1093 139 60 secundum
890 1093 81 60 te.
936 1093 93 60 ergo
983 1093 69 60 euum

323 1137 105 64 erit
389 1137 92 64 per
441 1137 79 64 se
481 1137 79 64 in
521 1137 92 64 gne
573 1137 198 64 accidentur.
731 1137 105 64 Item
797 1137 105 64 quod
863 1137 92 64 est
916 1137 79 64 in
956 1137 92 64 gne
995 1137 66 64 per

325 1192 186 52 reductionem
473 1192 87 52 est
523 1192 186 52 intrinsecum
672 1192 99 52 illi
734 1192 99 52 quod
796 1192 87 52 est
845 1192 87 52 per
895 1192 74 52 se
932 1192 74 52 in
957 1192 99 52 genere

327 1226 95 53 quod
387 1226 107 53 patet
458 1226 72 53 ex
494 1226 179 53 praedictis:
637 1226 83 53 sed
685 1226 119 53 nullus
768 1226 155 53 respectus
887 1226 83 53 est
923 1226 131 53 intrinse-

322 1278 96 50 cus
377 1278 192 50 substantie
528 1278 151 50 angeli.
638 1278 110 50 ergo
707 1278 110 50 etc.
775 1278 96 50 Ite
830 1278 165 50 habitudo
940 1278 110 50 funda-

317 1315 76 68 ta
355 1315 76 68 in
393 1315 178 68 quantitate
533 1315 89 68 est
584 1315 127 68 inalio
673 1315 127 68 genere
762 1315 63 68 a
787 1315 190 68 quantitate.
939 1315 102 68 ergo
990 1315 89 68 eodem

315 1359 95 56 modo
375 1359 131 56 fundata
470 1359 71 56 in
505 1359 166 56 substantia
636 1359 95 56 etc.
696 1359 190 56 consequentia
850 1359 119 56 patet:
933 1359 95 56 quia
981 1359 83 56 eodem

319 1403 126 65 modo.
403 1403 84 65 et
445 1403 140 65 tantum
544 1403 154 65 differt
656 1403 98 65 vna
712 1403 168 65 habitudo
838 1403 70 65 a
866 1403 98 65 suo
909 1403 140 65 fundamen

320 1448 68 53 to
354 1448 101 53 sicut
421 1448 101 53 alia.
489 1448 158 53 antecedens
612 1448 113 53 patet:
691 1448 90 53 quia
747 1448 90 53 sunt
804 1448 68 53 in
837 1448 113 53 genere
905 1448 146 53 relationis.

321 1492 211 54 Confirmatur:
492 1492 105 54 quia
558 1492 105 54 quae
624 1492 145 54 ratione
730 1492 158 54 habitudo
848 1492 145 54 fundata
954 1492 79 54 in
980 1492 66 54 sub

324 1535 139 54 stantia
425 1535 88 54 est
476 1535 76 54 in
513 1535 126 54 genere
602 1535 88 54 per
652 1535 189 54 reductionem
803 1535 113 54 eadem
879 1535 139 54 ratione
967 1535 88 54 habi-

310 1588 113 46 tudo
380 1588 155 46 fundata
493 1588 84 46 in
535 1588 183 46 accidente
676 1588 183 46 absoluto.
817 1588 84 46 et
859 1588 99 46 sic
915 1588 99 46 non
957 1588 99 46 erunt

310 1622 118 55 nisi
384 1622 118 55 tria
458 1622 266 55 praedicamenta.
679 1622 118 55 Item
753 1622 177 55 habitudo
886 1622 162 55 fundata
989 1622 59 55 in

318 1665 178 61 substantia
458 1665 89 61 est
509 1665 152 61 accidens
623 1665 127 61 verum.
712 1665 102 61 ergo
776 1665 203 61 distinguitur
928 1665 127 61 realiter

329 1713 55 53 a
351 1713 166 53 substantia.
484 1713 155 53 antecedens
606 1713 144 53 probatur:
717 1713 89 53 quia
773 1713 111 53 potest
850 1713 133 53 aduenire
939 1713 111 53 substam-

325 1756 98 52 tie
381 1756 84 52 et
423 1756 168 52 recedere
550 1756 112 52 ipsa
620 1756 126 52 eadem
704 1756 168 52 manente:
830 1756 126 52 patet
915 1756 84 52 in
943 1756 112 52 vnione

319 1801 122 52 forme
401 1801 95 52 cum
455 1801 162 52 materia:
576 1801 135 52 quando
671 1801 122 52 primo
752 1801 108 52 sunt
819 1801 122 52 vnita
900 1801 81 52 et
941 1801 108 52 post
995 1801 54 52 se

320 1846 109 53 parata
397 1846 77 53 per
440 1846 142 53 potentiam
550 1846 131 53 diuinam.
648 1846 66 53 et
681 1846 77 53 per
725 1846 153 53 consequens
845 1846 77 53 non
889 1846 77 53 est
933 1846 66 53 in
954 1846 88 53 genere

324 1887 195 56 substantie.
480 1887 104 56 haoc
545 1887 104 56 idem
610 1887 117 56 patet
688 1887 78 56 de
727 1887 169 56 inheretia
857 1887 182 56 accidentis
1000 1887 78 56 ad

319 1932 198 48 subiectum.
474 1932 85 48 Si
517 1932 127 48 dicas
602 1932 113 48 quod
672 1932 113 48 ista
743 1932 170 48 habitudo
870 1932 170 48 fundatur
983 1932 71 48 in-

322 1975 153 59 mediate
433 1975 84 59 in
475 1975 209 59 substantia:
642 1975 111 59 ideo
712 1975 97 59 non
768 1975 167 59 differt.
893 1975 139 59 Contra
976 1975 70 59 eo-

314 2020 92 54 dem
366 2020 105 54 modo
432 2020 131 54 arguam
524 2020 92 54 ego
576 2020 79 54 de
616 2020 184 54 quantitate
760 2020 105 54 quae
826 2020 171 54 immediate
957 2020 92 54 est
996 2020 53 54 in

317 2063 194 59 substantia:
472 2063 104 59 ergo
537 2063 91 59 non
589 2063 142 59 differt
693 2063 65 59 a
718 2063 194 59 substantia.
874 2063 65 59 â‹
900 2063 78 59 Ad
926 2063 129 59 rationes

331 2109 100 67 tius
393 2109 175 67 respondeo.
530 2109 75 67 Ad
568 2109 125 67 primam
655 2109 100 67 dico
718 2109 100 67 quod
780 2109 137 67 aliquae
880 2109 100 67 sunt
930 2109 125 67 proprie-

324 2153 116 58 tates
401 2153 77 58 et
440 2153 168 58 conceptus
569 2153 103 58 quae
633 2153 180 58 communiter
775 2153 193 58 predicantur
930 2153 77 58 de
969 2153 90 58 deo
1007 2153 39 58 a

326 2195 138 56 angelis
427 2195 113 56 sicut
502 2195 125 56 aliqua
589 2195 100 56 sunt
652 2195 100 56 quae
715 2195 200 56 praedicantur
877 2195 75 56 de
915 2195 88 56 deo
965 2195 75 56 at
990 2195 50 56 de

322 2241 192 66 substantiis
476 2241 256 66 corruptibilibus:
694 2241 77 66 et
732 2241 102 66 ideo
796 2241 128 66 potest
886 2241 102 66 dici
937 2241 115 66 angelus

318 2283 166 56 mensurari
446 2283 179 56 eternitate
586 2283 89 56 suo
637 2283 115 56 modo:
714 2283 115 56 sicut
790 2283 115 56 deus:
867 2283 89 56 sed
918 2283 102 56 alio
969 2283 77 56 modo

324 2327 149 65 dicitur
432 2327 162 65 eternus:
553 2327 108 65 quia
621 2327 149 65 angelus
729 2327 95 65 non
783 2327 108 65 plus
850 2327 189 65 determinat
985 2327 54 65 si

323 2374 76 55 bi
361 2374 191 55 eternitatem
514 2374 76 55 ex
552 2374 127 55 natura
641 2374 89 55 sua
692 2374 102 55 quam
756 2374 127 55 equus:
845 2374 102 55 quia
909 2374 102 55 quod
960 2374 76 55 ange

325 2419 79 52 lus
370 2419 79 52 sit
415 2419 125 52 eternus
506 2419 79 52 vel
552 2419 159 52 perpetuus:
677 2419 79 52 hoc
722 2419 102 52 habet
790 2419 57 52 a
813 2419 193 52 conseruatione
961 2419 79 52 diuis

318 2452 87 74 na.
367 2452 75 74 et
405 2452 112 74 eodem
480 2452 100 74 modo
542 2452 125 74 posset
629 2452 112 74 equus
704 2452 125 74 habere
792 2452 75 74 si
829 2452 150 74 placeret
941 2452 100 74 deo:
991 2452 50 74 et

315 2510 103 59 ideo
380 2510 142 59 ratione
483 2510 129 59 istius
573 2510 193 59 eternitatis
728 2510 90 59 non
779 2510 142 59 oportet
882 2510 103 59 dare
934 2510 116 59 aliquam

320 2560 160 51 mensuram
440 2560 107 51 nisi
507 2560 134 51 causam
600 2560 134 51 dantem
694 2560 107 51 esse
760 2560 147 51 eternum
867 2560 93 51 vel
907 2560 147 51 perpetuum

321 2597 141 54 angelis
424 2597 77 54 et
462 2597 90 54 non
513 2597 115 54 aliis
590 2597 128 54 quibus
680 2597 115 54 tamen
757 2597 128 54 posset
847 2597 103 54 dare
911 2597 103 54 esse
962 2597 77 54 eter

305 2644 89 58 num
356 2644 76 58 si
394 2644 140 58 vellet.
496 2644 76 58 Et
534 2644 127 58 quando
623 2644 127 58 dicit.
711 2644 89 58 est
762 2644 140 58 triplex
864 2644 114 58 esse:
940 2644 102 58 ergo
991 2644 63 58 tri
