2291 3059
390 201 91 69 non
442 201 143 69 oportet
546 201 78 69 si
585 201 104 69 euum
650 201 91 69 est
702 201 78 69 in
741 201 91 69 vno
793 201 104 69 quod
858 201 91 69 sit
910 201 78 69 in
949 201 156 69 quolibet
1053 201 65 69 vel

397 268 67 48 in
430 268 101 48 nullo
498 268 101 48 sicut
565 268 79 48 nec
610 268 67 48 de
644 268 135 48 tempore:
745 268 90 48 quod
801 268 67 48 si
834 268 112 48 tempus
913 268 79 48 est
958 268 67 48 in
992 268 101 48 primo
1048 268 67 48 mobi

398 307 89 54 li:
449 307 102 54 ergo
513 307 76 54 in
551 307 152 54 quolibet
665 307 89 54 vel
716 307 76 54 in
754 307 127 54 nullo.
842 307 63 54 ⁋
868 307 76 54 Ad
906 307 114 54 aliud
982 307 102 54 dico
1033 307 76 54 quod

393 345 109 56 deus
462 345 137 56 posset
558 345 137 56 facere
653 345 151 56 angelum
763 345 219 56 perfectiorem
941 345 109 56 omni
996 345 109 56 angele

392 388 105 56 facto:
466 388 63 56 et
498 388 84 56 ille
551 388 74 56 non
593 388 95 56 esset
656 388 95 56 deus.
719 388 63 56 Et
751 388 116 56 concedo
835 388 126 56 secundum
930 388 158 56 philosophum
1046 388 63 56 quod

401 437 83 60 in
443 437 125 60 eodem
526 437 139 60 genere
623 437 152 60 possunt
734 437 111 60 esse
803 437 97 60 due
859 437 166 60 mensure.
983 437 97 60 vna
1025 437 97 60 perfe

395 478 110 64 ctior
468 478 110 64 alia.
541 478 73 64 Et
578 478 122 64 vltra.
663 478 122 64 potest
748 478 134 64 concedi
846 478 98 64 quod
907 478 98 64 deus
968 478 122 64 potest
1041 478 73 64 face

392 524 79 63 re
431 524 144 63 angelum
536 524 92 63 ita
589 524 171 63 simplicem
720 524 105 63 quod
786 524 92 63 non
838 524 131 63 potest
930 524 131 63 facere
1009 524 105 63 simpli

389 567 135 61 ciore:
483 567 121 61 sicut
563 567 121 61 forte
644 567 108 61 deus
711 567 94 61 non
765 567 135 61 potest
859 567 135 61 facere
954 567 121 61 motum
1021 567 94 61 prino

388 616 115 52 motu
460 616 130 52 magis
546 616 202 52 regularem.
705 616 72 52 ⁋
734 616 87 52 Ad
777 616 130 52 aliud
863 616 115 52 dico
936 616 115 52 quod
993 616 130 52 accipit

392 653 115 67 falsum
473 653 139 67 scilicet
577 653 92 67 quod
635 653 150 67 quantitas
750 653 81 67 sit
797 653 162 67 perfectior
924 653 162 67 qualitate.
1039 653 81 67 linea

400 706 109 52 enim
468 706 95 52 non
523 706 95 52 est
577 706 190 52 perfectior
726 706 204 52 beatitudine
889 706 109 52 nra.
957 706 81 52 Et
998 706 81 52 si
1025 706 95 52 forte

404 741 121 58 aliqua
489 741 157 58 quantitas
610 741 85 58 sit
658 741 169 58 perfectior
791 741 157 58 qualitate
912 741 133 58 aliqua:
1009 741 85 58 non
1045 741 85 58 tamen

400 783 146 71 quantitas
512 783 168 71 simpliciter
646 783 78 71 est
691 783 157 71 perfectior
814 783 146 71 qualitate
926 783 179 71 simpliciter.
1061 783 67 71 Quia

400 840 115 48 quando
480 840 115 48 aliqua
560 840 69 48 in
595 840 138 48 generali
698 840 172 48 comparantur
836 840 149 48 adinuicem
951 840 138 48 secundum
1043 840 80 48 perfe

397 871 151 61 ctionem:
510 871 100 61 tunc
573 871 226 61 perfectissimum
761 871 113 61 vnius
837 871 138 61 generis
937 871 113 61 debet
1000 871 138 61 comparari

407 925 73 52 ad
443 925 220 52 perfectissimum
627 925 159 52 alterius.
749 925 73 52 et
786 925 73 52 si
822 925 220 52 perfectissimum
1006 925 110 52 vnius
1067 925 61 52 sit

403 958 185 73 perfectius
548 958 224 73 perfectissimo
733 958 172 73 alterius:
865 958 106 73 tunc
931 958 106 73 vnum
997 958 92 73 est
1036 958 106 73 simpli

407 1005 111 68 citer
481 1005 172 68 perfectius
616 1005 111 68 alio.
690 1005 74 68 et
727 1005 123 68 aliter
813 1005 98 68 non:
874 1005 111 68 sicut
948 1005 135 68 habetur
1035 1005 98 68 tertio

404 1050 181 61 thopicorum.
549 1050 97 61 nunc
609 1050 109 61 autem
682 1050 157 61 beatitudo
803 1050 97 61 quae
863 1050 85 61 est
911 1050 73 61 in
948 1050 121 61 genere
1020 1050 109 61 qualita

411 1098 84 56 tis
459 1098 84 56 est
507 1098 168 56 perfectior
638 1098 96 56 omni
698 1098 179 56 quantitate.
842 1098 96 56 ergo
902 1098 84 56 etc
950 1098 60 56 ⁋
973 1098 72 56 Ad
1009 1098 108 56 aliud
1069 1098 60 56 di-

420 1149 68 48 co
454 1149 90 48 quod
510 1149 79 48 non
555 1149 124 48 oportet
646 1149 90 48 quod
702 1149 124 48 mensura
792 1149 79 48 sit
837 1149 68 48 in
871 1149 113 48 genere
950 1149 79 48 per
984 1149 147 48 reductionen

419 1190 77 53 cum
463 1190 155 53 mensurato.
585 1190 111 53 patet:
662 1190 89 53 quia
718 1190 144 53 aliquando
828 1190 89 53 sunt
884 1190 122 53 eiusdem
972 1190 133 53 speciei:
1061 1190 77 53 patet

414 1239 73 49 in
450 1239 170 49 continuis.
584 1239 158 49 aliquando
705 1239 97 49 sunt
765 1239 133 49 eiusdem
862 1239 133 49 generis
959 1239 85 49 sec
996 1239 145 49 diuersarum

421 1273 150 67 sperum:
530 1273 122 67 sicut
612 1273 122 67 patet
693 1273 82 67 in
734 1273 190 67 coloribus.
884 1273 82 67 De
924 1273 150 67 numeris
1033 1273 95 67 est
1074 1273 68 67 du-

414 1320 97 56 bium
474 1320 109 56 vtrum
547 1320 97 56 sint
607 1320 84 56 per
655 1320 72 56 se
691 1320 72 56 in
728 1320 121 56 genere
812 1320 193 56 quantitatis.
969 1320 72 56 et
1005 1320 72 56 de
1029 1320 109 56 vnitate

426 1370 104 51 vtrum
496 1370 81 51 per
542 1370 185 51 reductionem.
693 1370 58 51 ⁋
716 1370 70 51 Ad
751 1370 104 51 aliud
820 1370 93 51 dico
878 1370 93 51 quod
936 1370 81 51 non
982 1370 127 51 oportet
1064 1370 70 51 quod

428 1414 101 51 illud
495 1414 90 51 quod
551 1414 78 51 est
596 1414 123 51 mensura
685 1414 78 51 rei
730 1414 78 51 sit
775 1414 90 51 eius
831 1414 112 51 causa:
909 1414 90 51 quia
965 1414 101 51 licet
1032 1414 101 51 celum
1088 1414 56 51 sit

418 1447 98 74 causa
483 1447 120 74 istorum
571 1447 163 74 inferiorum:
701 1447 76 74 non
745 1447 98 74 tamen
810 1447 120 74 ratione
897 1447 98 74 motus
963 1447 76 74 per
1006 1447 87 74 quem
1061 1447 76 74 est
1094 1447 54 74 men

418 1492 133 64 sura.
507 1492 133 64 motus
596 1492 119 64 enim
670 1492 133 64 nihil
759 1492 133 64 facit
848 1492 89 64 ad
892 1492 222 64 causationem
1055 1492 89 64 nisi

414 1535 103 66 qui
473 1535 207 66 approximat
636 1535 133 66 agens
724 1535 148 66 passo:
828 1535 103 66 quo
887 1535 133 66 facto
976 1535 133 66 celum
1049 1535 89 66 agii

416 1594 102 49 sine
480 1594 102 49 motu
543 1594 114 49 sicut
620 1594 127 49 dictum
709 1594 89 49 est
760 1594 127 49 supra.
849 1594 76 49 et
887 1594 102 49 ideo
950 1594 114 49 licet
1027 1594 114 49 motus
1090 1594 51 49 no

416 1622 126 66 faciat
505 1622 76 66 ad
543 1622 101 66 esse
606 1622 101 66 rei:
669 1622 114 66 tamen
744 1622 114 66 facit
820 1622 76 66 ad
858 1622 189 66 quantitatem
997 1622 151 66 durationis

427 1671 106 64 rei.
493 1671 66 64 ⁋
519 1671 79 64 Ad
559 1671 119 64 aliud
638 1671 106 64 dico
704 1671 106 64 quod
770 1671 92 64 per
823 1671 145 64 habitum
929 1671 132 64 potest
1008 1671 145 64 cognosci-

425 1725 139 49 habitus
527 1725 101 49 modo
590 1725 89 49 quo
641 1725 127 49 dictum
729 1725 101 49 est.
793 1725 76 49 et
830 1725 89 49 per
881 1725 114 49 motum
957 1725 101 49 celi
1020 1725 127 49 potest
1096 1725 51 49 co

428 1759 155 63 gnosci
536 1759 171 63 duratio
660 1759 217 63 cuiuslibet
831 1759 124 63 rei.
908 1759 78 63 ⁋
939 1759 93 63 Ad
986 1759 140 63 aliud
1063 1759 93 63 dico

429 1816 98 50 quod
490 1816 98 50 illa
551 1816 98 50 quae
613 1816 98 50 sunt
674 1816 160 50 distincta
797 1816 123 50 genere
883 1816 135 50 possunt
981 1816 123 50 habere
1055 1816 98 50 eandem

426 1846 191 59 mensuram:
573 1846 132 59 sicut
662 1846 206 59 substantie
823 1846 88 59 et
868 1846 206 59 accidentia
1015 1846 132 59 dummodo

432 1889 197 79 connotent
584 1889 152 79 eandem
690 1889 258 79 successionem.
918 1889 182 79 Questio.
1039 1889 122 79 xiiii.

571 1944 243 100 Trum
722 1944 334 100 angelus
935 1944 212 100 intel

607 2021 114 61 ligat
683 2021 101 61 alia
746 2021 63 61 a
772 2021 76 61 se
810 2021 89 61 per
860 2021 164 61 essentiam
987 2021 101 61 suam
1050 2021 89 61 vel
1088 2021 63 61 per

597 2064 190 71 loperationes.
753 2064 89 71 Quod
809 2064 78 71 per
854 2064 145 71 essentiam
965 2064 145 71 probatur:
1077 2064 89 71 quia
1121 2064 45 71 si

437 2123 88 51 non
488 2123 88 51 hoc
538 2123 88 51 non
588 2123 125 51 potest
675 2123 100 51 esse
738 2123 100 51 nisi
800 2123 238 51 quadrupliciter:
1000 2123 88 51 aut
1050 2123 100 51 quia
1100 2123 63 51 vna

435 2166 80 55 res
480 2166 80 55 non
526 2166 115 55 potest
606 2166 92 55 esse
664 2166 103 55 ratio
732 2166 172 55 cognoscendi
870 2166 115 55 aliam:
950 2166 80 55 aut
996 2166 92 55 quia
1053 2166 103 55 ratio
1110 2166 46 55 co

446 2204 172 68 gnoscendi
578 2204 119 68 debet
657 2204 106 68 esse
724 2204 185 68 perfectior
869 2204 159 68 cognito:
988 2204 93 68 aut
1041 2204 106 68 quia
1094 2204 66 68 vna

446 2257 159 61 cognitio
565 2257 93 61 non
618 2257 133 61 potest
711 2257 106 61 esse
777 2257 106 61 nisi
844 2257 119 61 vnius
923 2257 106 61 rei:
990 2257 93 61 aut
1043 2257 106 61 quia
1096 2257 66 61 vna

437 2294 121 60 ratio
517 2294 94 60 non
571 2294 135 60 potest
665 2294 108 60 esse
733 2294 215 60 infinitorum.
907 2294 94 60 Non
961 2294 148 60 propter
1055 2294 108 60 primum

436 2333 92 61 tum
488 2333 105 61 quia
554 2333 170 61 subiectum
684 2333 92 61 est
737 2333 118 61 ratio
815 2333 196 61 cognoscendi
972 2333 183 61 passionem.
1103 2333 65 61 tum

438 2389 82 60 qui
485 2389 129 60 species
579 2389 82 60 rei
627 2389 82 60 est
674 2389 106 60 ratio
744 2389 177 60 cognoscendi
886 2389 82 60 rem
933 2389 165 60 absolutam:
1062 2389 82 60 nec
1097 2389 71 60 pro-

440 2424 101 62 pter
503 2424 151 62 secundum
617 2424 101 62 quia
680 2424 76 62 in
718 2424 151 62 absentia
831 2424 139 62 obiecti
932 2424 189 62 perfectorum
1071 2424 101 62 intel-

432 2469 135 57 lectus
527 2469 135 57 potest
622 2469 122 57 illud
703 2469 108 57 inte
771 2469 149 57 lligere
879 2469 108 57 quod
947 2469 95 57 est
987 2469 190 57 imperfectius

443 2517 98 66 puta
504 2517 86 66 per
553 2517 147 66 speciem.
663 2517 86 66 nec
712 2517 135 66 propter
810 2517 147 66 tertium:
920 2517 98 66 quia
981 2517 110 66 sicut
1055 2517 86 66 non
1092 2517 73 66 repu

432 2553 121 77 gnat
508 2553 106 77 vni
568 2553 137 77 cause
659 2553 197 77 effectiue
811 2553 137 77 plura
902 2553 197 77 producem:
1054 2553 106 77 ita
1099 2553 76 77 (vt

445 2600 175 76 videtur)
577 2600 102 76 non
635 2600 175 76 repugnat
766 2600 102 76 vni
825 2600 161 76 rationi
942 2600 131 76 plura
1014 2600 161 76 represen

1213 197 121 58 tare
1288 197 91 58 et
1334 197 121 58 esse
1409 197 136 58 ratio
1500 197 226 58 cognoscendi
1681 197 151 58 plura.
1786 197 106 58 Nec
1831 197 106 58 propi

1218 244 146 60 quartum:
1327 244 97 60 quia
1388 244 85 60 non
1437 244 110 60 magis
1510 244 122 60 potest
1595 244 146 60 concludi
1705 244 158 60 infinitas
1826 244 73 60 in
1851 244 85 60 ratio

1220 286 196 50 cognoscendi
1376 286 78 50 ex
1416 286 91 50 hoc
1468 286 104 50 quod
1533 286 91 50 est
1585 286 117 50 ratio
1663 286 196 50 cognoscendi
1807 286 130 50 infinita

1210 335 91 62 quam
1267 335 114 62 potest
1346 335 137 62 concludi
1449 335 148 62 infinitas
1563 335 68 62 in
1597 335 103 62 causa
1665 335 68 62 ex
1700 335 160 62 infinitate
1814 335 125 62 effectuum

1208 382 223 58 producibilium
1391 382 79 58 ab
1430 382 92 58 ea:
1483 382 105 58 quia
1548 382 118 58 ratio
1627 382 209 58 congnoscendi
1797 382 92 58 non
1849 382 92 58 est
1889 382 65 58 ma-

1218 419 84 62 ior
1266 419 155 62 perfectio
1385 419 84 62 vel
1433 419 107 62 magis
1504 419 143 62 perfecta
1612 419 95 62 quam
1672 419 107 62 ratio
1743 419 179 62 producendi.
1886 419 84 62 sed

1214 459 80 58 ex
1254 459 186 58 infinitate
1400 459 173 58 effectuum
1533 459 93 58 non
1586 459 160 58 arguitur
1706 459 173 58 infinitas
1839 459 80 58 in
1866 459 93 58 causa

1219 515 99 53 qui
1275 515 113 53 inte
1346 515 141 53 lectus
1444 515 141 53 potest
1543 515 155 53 causare
1655 515 183 53 infinitas
1782 515 169 53 intellecti

1214 559 108 46 ones
1281 559 81 46 et
1321 559 162 46 voluntas
1442 559 175 46 infinitas
1577 559 202 46 volitiones.
1739 559 94 46 nam
1792 559 162 46 secundum
1900 559 54 46 Au

1213 599 166 53 gustinum
1338 599 138 53 tertio
1434 599 83 53 de
1476 599 180 53 trinitate
1614 599 138 53 caplo.
1711 599 124 53 xiii.
1794 599 83 53 in
1822 599 124 53 actibus

1225 638 156 60 reflexis
1342 638 91 60 est
1394 638 169 60 processus
1525 638 78 60 in
1564 638 183 60 infinitum.
1707 638 104 60 ergo
1772 638 104 60 etc.
1838 638 78 60 Si
1864 638 91 60 dicas

1220 681 106 64 quod
1286 681 199 64 intellectus
1445 681 93 64 est
1498 681 119 64 causa
1577 681 172 64 partialis
1710 681 159 64 respectu
1829 681 119 64 actus
1895 681 53 64 su

1224 725 70 67 et
1259 725 140 67 voluntas
1365 725 164 67 similiter.
1493 725 70 67 et
1528 725 94 67 ideo
1587 725 82 67 non
1633 725 140 67 sequitur
1739 725 164 67 infinitas.
1855 725 94 67 Contra

1216 781 193 51 coformiter
1368 781 110 51 dico
1437 781 83 51 de
1479 781 152 51 ratione
1589 781 207 51 cognoscendi
1755 781 110 51 quod
1824 781 97 51 est
1865 781 83 51 caus

1230 819 71 58 et
1266 819 106 58 ratio
1336 819 153 58 partialis
1454 819 212 58 repraesentandi
1632 819 153 58 infinita.
1750 819 94 58 ergo
1809 819 94 58 etc.
1856 819 106 58 Confir-

1229 869 161 54 matur.
1342 869 113 54 non
1406 869 145 54 magis
1503 869 193 54 repugnat
1648 869 113 54 deo
1712 869 226 54 concurrere
1873 869 81 54 cum

1228 898 92 69 illa
1285 898 126 69 ratione
1377 898 69 69 ad
1411 898 218 69 repraesentandum
1595 898 138 69 infinita
1698 898 92 69 quam
1755 898 80 69 cum
1801 898 103 69 causa
1859 898 103 69 secunda

1232 943 71 63 ad
1268 943 177 63 producendum
1409 943 153 63 infinita:
1527 943 83 63 sed
1574 943 118 63 primum
1657 943 130 63 potest.
1751 943 94 63 ergo
1810 943 71 63 et
1834 943 118 63 secundum

1225 994 79 64 Ad
1264 994 172 64 oppositum
1396 994 132 64 posita
1489 994 158 64 potentia
1608 994 198 64 sufficiente
1766 994 79 64 et
1806 994 145 64 ratione
1898 994 53 64 re

1238 1030 207 67 praesentandi
1406 1030 129 67 potest
1496 1030 155 67 potentia
1612 1030 116 67 exire
1690 1030 77 67 in
1729 1030 116 67 actum
1806 1030 103 67 nisi
1858 1030 90 67 volun

1224 1076 103 60 tas
1283 1076 191 60 impediat.
1430 1076 118 60 ergo
1504 1076 147 60 posito
1607 1076 206 60 intellectu
1769 1076 177 60 angelico
1886 1076 74 60 cum

1224 1130 94 54 sua
1277 1130 162 54 essentia
1399 1130 121 54 solum
1479 1130 108 54 sine
1547 1130 108 54 omni
1614 1130 108 54 alio
1681 1130 81 54 si
1722 1130 94 54 non
1776 1130 162 54 impediat
1883 1130 81 54 impe

1233 1165 116 73 rium
1305 1165 203 73 voluntatis
1464 1165 145 73 potest
1566 1165 130 73 omnia
1653 1165 217 73 intelligere
1827 1165 116 73 quod
1885 1165 72 73 fal

1219 1212 153 73 sum
1306 1212 174 73 est.
1415 1212 174 73 ergo
1524 1212 174 73 etc.
1633 1212 174 73 Item
1720 1212 240 73 queritur.

1368 1262 302 112 Trum
1557 1262 416 112 angelus
1822 1262 151 112 su

1408 1346 142 57 perior
1507 1346 199 57 intelligat
1663 1346 99 57 per
1720 1346 185 57 pauciores
1848 1346 128 57 species

1393 1387 77 66 quam
1441 1387 125 66 inferior.
1537 1387 77 66 Quod
1585 1387 67 66 sic
1624 1387 125 66 probatur.
1720 1387 77 66 quia
1768 1387 115 66 secundum
1844 1387 125 66 philosophum

1238 1435 81 65 in
1278 1435 81 65 de
1318 1435 135 65 celoet
1413 1435 121 65 mundo
1494 1435 135 65 quanto
1588 1435 135 65 natura
1683 1435 94 65 est
1737 1435 189 65 perfectior
1872 1435 94 65 tanto

1232 1478 225 69 paucioribus
1412 1478 165 69 indiget
1532 1478 90 69 ad
1577 1478 210 69 operandum.
1742 1478 120 69 ergo
1817 1478 120 69 etc.
1892 1478 75 69 ⁋
1907 1478 60 69 Ad

1242 1533 193 57 oppositum
1391 1533 193 57 distincta
1539 1533 163 57 cognita
1658 1533 193 57 requirunt
1791 1533 178 57 distinctas

1250 1576 157 59 rationes
1368 1576 196 59 cognoscendi
1525 1576 79 59 in
1564 1576 183 59 quocumque.
1708 1576 105 59 ergo
1774 1576 92 59 tot
1813 1576 157 59 rationibus

1239 1620 231 47 cognoscendi
1424 1620 170 47 indiget
1547 1620 185 47 superior
1686 1620 123 47 quot
1763 1620 201 47 inferior.
1902 1620 77 47 hic

1246 1653 112 70 primo
1320 1653 137 70 suppono
1420 1653 100 70 quod
1483 1653 137 70 species
1583 1653 87 70 sit
1632 1653 112 70 illud
1707 1653 100 70 quod
1770 1653 87 70 est
1820 1653 125 70 primum
1895 1653 87 70 actui

1241 1696 231 61 intelligendi.
1432 1696 82 61 et
1472 1696 136 61 potest
1567 1696 136 61 manere
1663 1696 109 61 ante
1730 1696 245 61 intellectionem
1921 1696 54 61 et

1256 1741 100 64 post
1319 1741 75 64 re
1357 1741 163 64 absentem.
1483 1741 75 64 et
1520 1741 88 64 per
1570 1741 176 64 consequens
1709 1741 201 64 distinguitur
1872 1741 75 64 ab
1897 1741 88 64 habi-

1244 1785 92 60 tu.
1296 1785 105 60 quia
1362 1785 144 60 habitus
1467 1785 197 60 intellectus
1625 1785 158 60 sequitur
1743 1785 118 60 actum
1808 1785 171 60 intelligen-

1252 1833 83 67 di.
1300 1833 83 67 sed
1347 1833 131 67 species
1443 1833 155 67 praecedit
1562 1833 83 67 tam
1610 1833 107 67 actum
1681 1833 95 67 quam
1741 1833 143 67 habitum.
1848 1833 60 67 ⁋
1872 1833 83 67 hoc
1908 1833 72 67 sup-

1259 1873 131 59 posito
1350 1873 78 59 et
1390 1873 183 59 extendendo
1533 1873 131 59 primam
1625 1873 196 59 quaestionem
1782 1873 78 59 ad
1808 1873 170 59 intellectum

1249 1917 174 70 angelicum
1382 1917 80 70 et
1422 1917 147 70 nostrum
1529 1917 94 70 est
1583 1917 94 70 vna
1636 1917 134 70 opinio
1730 1917 107 70 quae
1797 1917 120 70 ponit
1877 1917 107 70 quod
1931 1917 53 70 ne

1257 1968 184 62 cessarium
1398 1968 99 62 est
1455 1968 141 62 ponere
1553 1968 155 62 speciem
1666 1968 184 62 impressam
1793 1968 184 62 intellectui

1255 2005 73 63 ad
1291 2005 85 63 hoc
1340 2005 97 63 quod
1401 2005 170 63 intolligat
1534 2005 97 63 quod
1595 2005 146 63 probatur
1705 2005 219 63 multiplicitur.
1887 2005 61 63 ⁋
1899 2005 73 63 Prie

1261 2047 95 64 sic.
1321 2047 179 64 intellectus
1463 2047 71 64 ad
1499 2047 83 64 hoc
1547 2047 95 64 quod
1606 2047 167 64 intelligat
1737 2047 131 64 oportet
1832 2047 95 64 quod
1892 2047 95 64 fiat
1939 2047 48 64 in

1254 2092 105 66 actu.
1324 2092 81 66 hoc
1371 2092 105 66 autem
1440 2092 81 66 fit
1487 2092 81 66 per
1533 2092 128 66 speciem
1627 2092 93 66 quae
1685 2092 81 66 est
1731 2092 105 66 forma
1801 2092 105 66 eius.
1871 2092 93 66 ergo
1917 2092 70 66 etc.

1242 2136 69 80 ⁋
1270 2136 96 80 Ite
1325 2136 165 80 potentia
1449 2136 138 80 angeli
1545 2136 96 80 est
1600 2136 179 80 limitata.
1737 2136 110 80 ergo
1806 2136 83 80 ad
1847 2136 96 80 hoc
1889 2136 83 80 quod

1253 2184 118 69 possit
1336 2184 106 69 omnia
1406 2184 177 69 intelligere
1548 2184 130 69 oportet
1642 2184 94 69 quod
1701 2184 165 69 extendatur
1831 2184 71 69 et
1866 2184 94 69 quod
1913 2184 71 69 fiat

1267 2225 175 66 illimitata.
1407 2225 82 66 hoc
1454 2225 82 66 aut
1501 2225 82 66 fit
1547 2225 82 66 per
1594 2225 128 66 species
1687 2225 128 66 omnium.
1781 2225 93 66 ergo
1839 2225 93 66 etc.
1897 2225 58 66 ⁋
1909 2225 70 66 Iten

1264 2271 115 61 omnis
1341 2271 153 61 cognitio
1456 2271 89 61 fit
1507 2271 89 61 per
1558 2271 242 61 assimilationem.
1762 2271 191 61 intellectus
1902 2271 89 61 autem

1268 2316 133 56 secundum
1368 2316 67 56 se
1401 2316 78 56 non
1446 2316 167 56 assimilatur
1579 2316 78 56 rei
1623 2316 78 56 sed
1668 2316 100 56 solum
1734 2316 78 56 per
1779 2316 133 56 speciem.
1879 2316 89 56 ergo
1923 2316 67 56 etc.

1253 2357 62 72 ⁋
1277 2357 87 72 Ite
1327 2357 149 72 secundum
1439 2357 211 72 commentatorem
1613 2357 99 72 quae
1675 2357 161 72 causantur
1799 2357 74 72 ab
1836 2357 112 72 eodem
1898 2357 87 72 assi-

1261 2406 162 58 milantur.
1385 2406 87 58 sed
1435 2406 137 58 angelus
1535 2406 75 58 et
1573 2406 150 58 obiectum
1685 2406 87 58 non
1735 2406 175 58 similantur
1873 2406 100 58 nisi
1923 2406 62 58 per

1259 2450 150 65 speciem.
1372 2450 100 65 ergo
1435 2450 100 65 etc.
1498 2450 63 65 ⁋
1523 2450 88 65 Ite
1573 2450 100 65 quod
1636 2450 138 65 angelus
1736 2450 150 65 inferior
1849 2450 88 65 non
1886 2450 113 65 intelli

1262 2493 86 70 gat
1311 2493 159 70 superiore
1433 2493 86 70 per
1482 2493 159 70 essentiam
1605 2493 110 70 suam.
1679 2493 159 70 probatur:
1801 2493 98 70 quia
1862 2493 110 70 illud
1924 2493 61 70 quo

1266 2536 189 60 intellectus
1417 2536 176 60 intelligit
1556 2536 88 60 est
1606 2536 176 60 perfectius
1745 2536 189 60 intellecto.
1896 2536 76 60 si
1921 2536 63 60 erg

1261 2580 147 76 angelus
1368 2580 161 76 inferior
1488 2580 214 76 intelligeret
1662 2580 187 76 superiorem
1810 2580 94 76 per
1850 2580 147 76 essentiam
