2277 3047
391 223 92 78 aut
443 223 157 78 loquimur
561 223 79 78 de
600 223 105 78 illa
666 223 105 78 quae
731 223 131 78 semper
823 223 196 78 consequitur
967 223 157 78 intuitiuam

396 278 96 65 aut
451 278 82 65 de
492 278 110 65 illa
561 278 110 65 quae
629 278 151 65 habetur
739 278 110 65 post
808 278 219 65 corruptionem
972 278 151 65 intuitiue

392 322 74 64 si
429 322 110 64 primo
502 322 110 64 modo:
576 322 86 64 sic
625 322 74 64 ad
662 322 110 64 illam
735 322 172 64 requiritur
870 322 147 64 obiectum
981 322 74 64 et
1005 322 123 64 intelle-

402 367 111 65 ctus
471 367 83 65 et
513 367 166 65 cognitio
637 367 180 65 intuitiua
775 367 152 65 tanquam
886 367 138 65 causae
969 367 152 65 partiales

397 411 103 62 quod
462 411 155 62 probatur
578 411 116 62 sicut
655 411 129 62 prius:
745 411 103 62 quia
810 411 116 62 illud
887 411 90 62 quo
939 411 129 62 posito
1029 411 103 62 etc.
1080 411 52 62 Si

398 451 135 68 secundo
496 451 98 68 modo
558 451 160 68 loquimur.
681 451 86 68 sic
730 451 74 68 ad
767 451 111 68 illam
841 451 172 68 requiritur
964 451 160 68 intellectus

389 496 96 68 et
437 496 176 68 habitus
565 496 208 68 generatus
725 496 96 68 ex
773 496 208 68 cognitone
917 496 208 68 abstractiua

400 545 141 64 elicita
503 545 115 64 simul
579 545 90 64 cum
631 545 179 64 intuitiua.
771 545 77 64 et
810 545 90 64 non
861 545 179 64 requiritur
989 545 128 64 obiectum

404 584 76 66 in
442 584 102 66 ista
506 584 140 66 secunda
608 584 178 66 cognitione
748 584 191 66 abstractiua
900 584 140 66 tanquam
1002 584 114 66 causa
1065 584 64 66 par

398 632 138 60 tialis:
499 632 100 60 quia
562 632 100 60 illa
624 632 125 60 potest
712 632 138 60 haberi.
812 632 113 60 etiam
888 632 75 60 si
925 632 151 60 obiectum
1026 632 100 60 annihi

403 672 118 68 letur
482 672 79 68 et
521 672 92 68 est
574 672 144 68 vtraque
679 672 144 68 istarum
784 672 184 68 notitiarum
915 672 210 68 abstractiuarum

396 715 180 69 incomplexa:
540 715 72 69 et
576 715 96 69 ista
636 715 132 69 secunda
732 715 84 69 est
780 715 108 69 causa
852 715 156 69 partialis
972 715 132 69 notitie
1056 715 72 69 com-

398 760 106 75 plexe
469 760 82 75 qua
516 760 118 75 iudico
598 760 94 75 quod
657 760 82 75 res
704 760 153 75 aliquando
821 760 106 75 fuit:
892 760 82 75 sed
939 760 94 75 quod
998 760 106 75 talis
1056 760 71 75 habi

397 805 89 63 tus
448 805 89 63 sit
499 805 76 63 in
537 805 127 63 angelo
625 805 89 63 non
676 805 127 63 potest
764 805 139 63 ratione
866 805 152 63 naturali
979 805 152 63 probari:
1081 805 63 63 sed

402 855 95 65 per
457 855 95 65 hoc
511 855 109 65 quod
579 855 122 65 talem
660 855 149 65 habitum
769 855 176 65 experimur
904 855 81 65 in
945 855 122 65 nobis
1026 855 81 65 et
1054 855 81 65 ange

410 897 91 60 lus
462 897 78 60 in
501 897 104 60 suis
566 897 194 60 naturalibus
721 897 130 60 potest
812 897 130 60 habere
903 897 156 60 duplicem
1006 897 130 60 cogniti-

399 937 95 65 onem
458 937 165 65 intuitiuam
588 937 71 65 et
624 937 201 65 abstractiuam:
789 937 95 65 ideo
848 937 165 65 verisimile
978 937 83 65 est
1026 937 95 65 quod
1073 937 59 65 con

406 991 143 57 similis
510 991 130 57 potest
602 991 104 57 poni
667 991 78 57 in
706 991 156 57 angelis:
823 991 78 57 et
862 991 91 57 hoc
914 991 104 57 siue
980 991 143 57 ponatur
1071 991 65 57 ha-

409 1025 114 72 bitus
485 1025 139 72 infusus
587 1025 101 72 siue
650 1025 190 72 acquisitus.
802 1025 63 72 â‹
828 1025 76 72 Ad
866 1025 152 72 secundam
967 1025 165 72 quaestionem

415 1070 101 64 dico
478 1070 101 64 quod
541 1070 76 64 si
579 1070 176 64 intelligat
718 1070 76 64 de
755 1070 164 64 speciebus
881 1070 138 64 proprie
982 1070 138 64 dictis:
1070 1070 63 64 sic

403 1115 160 70 angelus
519 1115 174 70 superior
649 1115 102 70 non
707 1115 203 70 intelligit
867 1115 102 70 per
925 1115 145 70 plures
1026 1115 102 70 nec
1070 1115 73 70 per

417 1156 172 69 pauciores:
552 1156 98 69 quia
613 1156 86 69 per
662 1156 123 69 nullas
748 1156 184 69 intelligit.
895 1156 74 69 si
932 1156 110 69 tamen
993 1156 147 69 intelligat

410 1203 84 75 per
458 1203 132 75 species
554 1203 144 75 rationes
662 1203 180 75 cognoscendi
807 1203 84 75 sic
855 1203 84 75 non
903 1203 168 75 intelligit
1035 1203 84 75 per
1071 1203 60 75 spe

402 1247 110 64 cies
471 1247 206 64 vniuersales
635 1247 110 64 puta
704 1247 96 64 per
759 1247 178 64 conceptus
896 1247 137 64 rerum:
992 1247 96 64 sed
1033 1247 110 64 intel-

409 1292 123 69 ligit
491 1292 96 69 per
546 1292 164 69 diuersas
669 1292 164 69 rationes
792 1292 96 69 hoc
846 1292 96 69 est
901 1292 150 69 diuersa
996 1292 137 69 cognita-

399 1336 85 63 et
441 1336 99 63 hoc
498 1336 169 63 loquendo
625 1336 85 63 de
667 1336 198 63 cognitione
822 1336 184 63 intuitiua
949 1336 184 63 naturaliter

403 1387 188 61 acquisita:
550 1387 107 61 quia
617 1387 94 61 sic
671 1387 121 61 ratio
752 1387 201 61 cognoscendi
913 1387 215 61 distinguendo
1074 1387 67 61 eam

417 1426 119 69 contra
500 1426 155 69 potentiam
620 1426 83 69 est
667 1426 155 69 obiectum.
787 1426 83 69 hoc
834 1426 155 69 probatur:
953 1426 95 69 quia
1013 1426 119 69 quando
1084 1426 60 69 ali

415 1470 94 70 qua
468 1470 94 70 duo
522 1470 94 70 sic
576 1470 81 70 se
617 1470 135 70 habent
711 1470 108 70 quod
778 1470 108 70 vnum
846 1470 135 70 potest
940 1470 162 70 cognosci
1048 1470 94 70 intui

411 1513 119 67 tiue
486 1513 119 67 alio
560 1513 104 67 non
620 1513 164 67 cognito
739 1513 209 67 intuitiue:
903 1513 119 67 illa
962 1513 179 67 cognoscun-

412 1558 98 63 tur
468 1558 195 63 distinctis
621 1558 209 63 rationibus:
789 1558 98 63 sed
845 1558 154 63 angelus
957 1558 140 63 potest
1040 1558 98 63 cogno

412 1600 107 68 scere
484 1600 95 68 vnam
543 1600 84 68 rem
591 1600 155 68 intuitiue
710 1600 72 68 et
746 1600 84 68 non
794 1600 119 68 aliam.
877 1600 95 68 quia
937 1600 95 68 deus
997 1600 119 68 potest
1068 1600 72 68 vnam

412 1645 149 66 destruere
526 1645 69 66 et
561 1645 103 66 aliam
630 1645 172 66 conseruare.
768 1645 69 66 et
802 1645 80 66 per
848 1645 161 66 consequens
975 1645 115 66 potest
1044 1645 103 66 angelus

421 1694 102 57 vnam
485 1694 127 57 videre
574 1694 166 57 intuitiue
701 1694 76 57 et
740 1694 115 57 aliam
816 1694 102 57 non.
880 1694 89 57 cum
931 1694 102 57 ergo
994 1694 76 57 in
1020 1694 127 57 cogniti-

414 1736 99 66 one
471 1736 184 66 intuitiua
612 1736 128 66 ratio
697 1736 213 66 cognoscendi
867 1736 99 66 sit
924 1736 99 66 res
981 1736 156 66 cognita
1080 1736 71 66 na-

412 1778 176 65 turaliter
547 1778 176 65 loquendo:
682 1778 162 65 sequitur
803 1778 108 65 quod
871 1778 122 65 tanta
952 1778 95 65 sit
992 1778 162 65 distinctio

410 1824 121 57 inter
490 1824 162 57 rationem
611 1824 202 57 cognoscendi
773 1824 135 57 quanta
867 1824 94 57 est
921 1824 121 57 inter
1002 1824 94 57 res
1042 1824 108 57 cogni-

417 1866 111 60 tas.
487 1866 84 60 Si
528 1866 125 60 autem
612 1866 167 60 loquimur
737 1866 84 60 de
779 1866 153 60 ratione
890 1866 209 60 cognoscendi
1058 1866 84 60 in
1085 1866 70 60 co-

423 1906 166 73 gnitione
548 1906 208 73 abstractiua
714 1906 194 73 incomplexa
867 1906 83 73 et
908 1906 194 73 accipiendo
1047 1906 97 73 ratio

418 1953 111 63 nem
482 1953 254 63 cognoscendi:
688 1953 95 63 vt
735 1953 254 63 distinguitur
941 1953 158 63 contra
1036 1953 127 63 poten-

420 1994 131 65 tiam:
508 1994 102 65 sic
566 1994 160 65 possunt
682 1994 116 65 esse
754 1994 145 65 plures
856 1994 174 65 rationes
972 1994 189 65 cognoscendi

426 2036 179 74 respectu
560 2036 164 74 plurium
680 2036 90 74 et
724 2036 104 74 vna
784 2036 179 74 respectu
918 2036 179 74 plurium.
1038 2036 119 74 Primum

434 2085 119 63 patet:
518 2085 96 63 quia
577 2085 108 63 ratio
649 2085 179 63 cognoscendi
793 2085 84 63 sic
840 2085 131 63 accepta
936 2085 84 63 tam
984 2085 72 63 in
1020 2085 108 63 nobis
1079 2085 72 63 quae

421 2134 83 57 in
463 2134 138 57 angelo
559 2134 97 57 est
615 2134 152 57 habitus
725 2134 97 57 non
781 2134 166 57 obiectum
905 2134 97 57 nec
960 2134 166 57 species.
1071 2134 83 57 Tund

421 2179 91 52 sic
473 2179 129 52 quando
563 2179 129 52 aliqua
654 2179 91 52 sic
706 2179 78 52 se
745 2179 129 52 habent
835 2179 104 52 quod
900 2179 104 52 vnum
965 2179 181 52 frequenter
1094 2179 65 52 pos

426 2217 103 64 set
485 2217 177 64 cognosci
618 2217 118 64 alio
692 2217 103 64 non
751 2217 163 64 cognito
869 2217 148 64 potest
973 2217 148 64 haberi
1062 2217 103 64 habi-

439 2270 100 57 tus
496 2270 186 57 inclinans
639 2270 86 57 ad
682 2270 215 57 cognitionem
855 2270 129 57 vnius
941 2270 86 57 et
984 2270 100 57 non
1027 2270 143 57 alterius

430 2314 94 55 qui
483 2314 147 55 habitus
590 2314 174 55 generatur
724 2314 80 55 ex
764 2314 160 55 actibus.
884 2314 80 55 et
924 2314 80 55 si
964 2314 120 55 aliud
1045 2314 107 55 post
1098 2314 67 55 co-

443 2347 186 71 gnoscatur
586 2347 115 71 tunc
657 2347 143 71 potest
758 2347 172 71 respectu
887 2347 115 71 eius
958 2347 172 71 generari
1073 2347 100 71 alius

431 2396 180 58 habitus:
566 2396 90 58 et
611 2396 90 58 vt
656 2396 105 58 sic
716 2396 180 58 quotiens
852 2396 165 58 possunt
972 2396 165 58 diuisim
1077 2396 90 58 fre-

428 2435 165 71 quinter
548 2435 180 71 cognosci
682 2435 105 71 tot
742 2435 165 71 habitus
862 2435 224 71 cognoscendi
1026 2435 150 71 respectu

444 2476 100 75 eorum
510 2476 122 75 possunt
599 2476 144 75 generari.
709 2476 89 75 ergo
765 2476 77 75 etc
809 2476 55 75 â‹
831 2476 133 75 Secundum
931 2476 144 75 probatur:
1041 2476 89 75 quia
1086 2476 77 75 respe

442 2528 93 61 ctu
495 2528 133 61 quorum
588 2528 93 61 est
642 2528 93 61 vel
695 2528 107 61 esse
762 2528 133 61 potest
855 2528 107 61 idem
922 2528 120 61 actus
1002 2528 160 61 respectu
1109 2528 53 61 eo

448 2567 119 65 rundem
532 2567 84 65 est
579 2567 84 65 vel
627 2567 96 65 esse
687 2567 119 65 potest
771 2567 96 65 idem
830 2567 131 65 habitus
926 2567 60 65 â‹
950 2567 84 65 hoc
998 2567 108 65 patet
1069 2567 96 65 quia
1117 2567 48 65 ha

440 2611 119 65 bitus
519 2611 172 65 generatur
652 2611 79 65 ex
691 2611 159 65 actibus:
811 2611 93 65 ita
863 2611 106 65 quod
930 2611 119 65 tanta
1009 2611 93 65 est
1049 2611 119 65 distin

1222 203 109 69 ctio
1290 203 81 69 in
1331 203 176 69 habitibus
1467 203 136 69 quanta
1562 203 95 69 est
1616 203 81 69 in
1657 203 163 69 actibus:
1779 203 95 69 sed
1819 203 136 69 respectu

1207 266 162 51 multorum
1329 266 135 51 potest
1424 266 108 51 esse
1491 266 108 51 idem
1559 266 135 51 actus:
1654 266 108 51 puta
1721 266 135 51 quando
1802 266 149 51 intelligo

1212 306 245 63 propositionem
1414 306 173 63 habentem
1544 306 159 63 extrema
1659 306 188 63 distincta
1789 306 159 63 intelligo

1220 346 136 65 subiectum
1324 346 63 65 et
1356 346 157 65 praedicatum
1481 346 105 65 simul:
1555 346 63 65 et
1586 346 73 65 hoc
1628 346 73 65 vno
1670 346 94 65 actu.
1733 346 63 65 et
1764 346 73 65 per
1806 346 147 65 consequens
1911 346 52 65 mul

1213 402 95 53 ta.
1268 402 108 53 ergo
1335 402 108 53 etc.
1403 402 95 53 Sic
1457 402 108 53 enim
1525 402 95 53 vno
1579 402 108 53 actu
1647 402 176 53 intelligo
1782 402 122 53 totum
1850 402 108 53 discut

1221 438 83 63 sum
1268 438 71 63 et
1304 438 106 63 omnes
1375 438 201 63 propositiones
1540 438 130 63 illius.
1635 438 95 63 ergo
1694 438 95 63 etc.
1753 438 71 63 Si
1789 438 106 63 dicas
1859 438 95 63 quod
1907 438 47 63 in

1218 481 152 60 telligo
1329 481 124 60 plura
1412 481 83 60 vt
1453 481 124 60 vnum:
1536 481 110 60 quia
1605 481 138 60 plures
1702 481 166 60 terminos
1826 481 138 60 inquam
1909 481 55 60 et

1219 529 91 57 tum
1271 529 169 57 coueniunt
1401 529 78 57 in
1440 529 91 57 vna
1492 529 221 57 propositione.
1674 529 143 57 Contra.
1778 529 130 57 quando
1856 529 104 57 intel-

1224 572 100 58 ligo
1286 572 112 58 istam
1360 572 211 58 propositionem
1535 572 124 58 sortes
1622 572 87 58 non
1671 572 87 58 est
1721 572 124 58 plato:
1808 572 124 58 quaero
1895 572 100 58 quid

1223 618 181 56 terminat
1358 618 135 56 actum
1449 618 241 56 intelligendi
1644 618 105 56 aut
1704 618 196 56 absolutum
1855 618 105 56 aut
1900 618 60 56 re

1224 658 190 63 spectiuum.
1374 658 82 63 si
1415 658 177 63 absolutum
1551 658 95 63 cum
1605 658 95 63 hec
1659 658 109 63 sint
1727 658 95 63 duo
1782 658 82 63 et
1822 658 95 63 non
1877 658 95 63 est
1918 658 54 63 ma

1228 704 87 57 ior
1277 704 112 57 ratio
1352 704 112 57 quare
1426 704 99 57 vnum
1488 704 99 57 plus
1550 704 199 57 intelligitur
1712 704 99 57 quam
1774 704 112 57 aliud
1848 704 99 57 puta
1898 704 62 57 sor

1221 754 94 55 tes
1274 754 107 55 quam
1341 754 120 55 plato
1421 754 94 55 vel
1475 754 161 55 vtrumque
1595 754 80 55 vt
1635 754 214 55 distinguitur
1809 754 80 55 ab
1836 754 67 55 ali

1219 792 201 57 telligitur
1377 792 101 57 vel
1434 792 172 57 neutrum.
1564 792 86 57 Si
1607 792 216 57 respectiuum
1779 792 172 57 terminet
1894 792 72 57 cum

1214 836 175 58 respectus
1348 836 94 58 non
1402 836 216 58 intelligatur
1578 836 108 58 sine
1645 836 175 58 extremis.
1780 836 108 58 ergo
1834 836 121 58 intelli

1234 885 138 57 gendo
1326 885 138 57 illum
1418 885 184 57 respectu
1555 885 199 57 intelligo
1709 885 123 57 illa
1785 885 169 57 extrema
1892 885 77 57 di-

1220 923 153 64 stincta.
1335 923 76 64 et
1373 923 89 64 sic
1424 923 140 64 habetur
1526 923 191 64 propositum.
1679 923 64 64 â‹
1704 923 102 64 Ideo
1768 923 102 64 dico
1832 923 102 64 quod
1883 923 89 64 sicut

1224 967 93 59 in
1270 967 139 59 prima
1363 967 232 59 apphensione
1549 967 124 59 siue
1626 967 217 59 formatione
1781 967 186 59 complexum:

1227 1014 108 57 heo
1288 1014 123 57 vnum
1365 1014 139 57 actum
1458 1014 185 57 respectu
1596 1014 185 57 subiecti
1735 1014 139 57 alium
1812 1014 154 57 respectu

1230 1058 195 63 praedicati:
1386 1058 78 63 et
1425 1058 143 63 tertium
1529 1058 156 63 respectu
1647 1058 156 63 compule:
1764 1058 91 63 ita
1816 1058 104 63 post
1868 1058 104 63 primam

1217 1114 237 50 formationem
1407 1114 190 50 mediante
1549 1114 158 50 habitu
1660 1114 221 50 inclinante
1834 1114 111 50 per
1881 1114 95 50 vnum

1226 1153 117 55 actum
1304 1153 130 55 numero
1395 1153 130 55 possum
1486 1153 104 55 ista
1551 1153 104 55 tria
1615 1153 208 55 intelligere:
1784 1153 91 55 ita
1836 1153 104 55 quod
1888 1153 78 55 ista

1230 1190 107 58 tria
1296 1190 107 58 siue
1363 1190 107 58 isti
1430 1190 107 58 tres
1496 1190 173 58 conceptus
1630 1190 160 58 absoluti
1750 1190 173 58 terminant
1870 1190 93 58 illam

1232 1241 236 52 intellectionem
1429 1241 79 52 et
1468 1241 92 52 non
1520 1241 144 52 aliquis
1625 1241 170 52 respectus
1756 1241 157 52 rationis
1874 1241 92 52 nec
1913 1241 66 52 rea

1233 1280 102 57 lis.
1297 1280 76 57 et
1335 1280 76 57 ex
1373 1280 102 57 illo
1436 1280 102 57 actu
1500 1280 178 57 frequinter
1639 1280 140 57 elicito
1741 1280 127 57 potest
1830 1280 152 57 generari
1931 1280 51 57 ha

1230 1322 132 60 bitus
1319 1322 118 60 vnus
1392 1322 162 60 numero.
1510 1322 88 60 Si
1554 1322 132 60 dicas
1642 1322 118 60 quod
1716 1322 88 60 in
1760 1322 132 60 prima
1834 1322 147 60 apprehen

1237 1370 122 49 sione
1319 1370 95 49 per
1373 1370 81 49 te
1414 1370 109 49 sunt
1482 1370 109 49 tres
1549 1370 122 49 actus
1631 1370 163 49 respectu
1753 1370 176 49 complexi.
1889 1370 81 49 et
1916 1370 54 49 ex

1227 1409 124 62 illis
1310 1409 166 62 gnrantur
1434 1409 110 62 tres
1503 1409 152 62 habitus
1613 1409 207 62 inclinantes
1779 1409 83 62 ad
1820 1409 110 62 tres
1875 1409 97 62 actus

1229 1453 117 56 forte
1307 1453 156 56 alterius
1425 1453 169 56 rationis:
1555 1453 104 56 quia
1620 1453 117 56 actus
1698 1453 156 56 respectu
1816 1453 156 56 subiecti
1920 1453 52 56 et

1245 1505 188 51 praedicatim
1396 1505 138 51 possunt
1496 1505 100 51 esse
1559 1505 151 51 alterius
1672 1505 163 51 rationis.
1797 1505 100 51 Ergo
1848 1505 125 51 medianti

1243 1549 99 51 bus
1300 1549 128 51 istis
1385 1549 142 51 tribus
1484 1549 185 51 habitibus
1626 1549 99 51 non
1683 1549 142 51 posset
1782 1549 128 51 elici
1853 1549 128 51 aliquis

1237 1586 174 61 habitus
1364 1586 127 61 vnus
1443 1586 174 61 numerus
1570 1586 190 61 respectu
1712 1586 206 61 complexi:
1870 1586 111 61 sed
1918 1586 63 61 ne

1237 1629 159 56 cessario
1356 1629 119 56 erunt
1436 1629 119 56 tres.
1515 1629 173 56 Respondeo
1648 1629 133 56 posito
1741 1629 106 56 quod
1807 1629 106 56 sint
1874 1629 106 56 tres
1927 1629 53 56 a-

1239 1671 119 67 ctus
1313 1671 119 67 modo
1388 1671 208 67 praedicto:
1551 1671 134 67 tamen
1640 1671 134 67 actus
1729 1671 208 67 terminatus
1892 1671 89 67 ad
1922 1671 59 67 co

1235 1716 136 66 pulam
1325 1716 105 66 vel
1386 1716 196 66 conceptum
1536 1716 166 66 compule
1657 1716 105 66 non
1717 1716 211 66 terminatur
1883 1716 105 66 ibi
1928 1716 60 66 ab

1230 1774 152 48 solute:
1341 1774 97 48 sed
1396 1774 125 48 simul
1479 1774 97 48 cum
1535 1774 97 48 hoc
1590 1774 83 48 ad
1632 1774 180 48 subiectum
1770 1774 83 48 et
1798 1774 180 48 praedicatum

1244 1818 85 44 et
1286 1818 113 44 ideo
1357 1818 127 44 actus
1441 1818 113 44 quae
1512 1818 127 44 solum
1596 1818 211 44 terminantur
1765 1818 85 44 ad
1808 1818 183 44 subiectum
1935 1818 56 44 et

1238 1853 215 62 predicatum
1407 1853 123 62 sunt
1483 1853 230 62 incomplexi:
1668 1853 107 62 sed
1729 1853 138 62 actus
1806 1853 184 62 terminatus

1236 1895 83 58 ad
1278 1895 166 58 compulam
1402 1895 97 58 est
1457 1895 180 58 complexus
1595 1895 152 58 quantum
1706 1895 193 58 terminatur
1844 1895 138 58 immedia-

1243 1938 83 56 te
1285 1938 83 56 ad
1326 1938 124 56 totum
1409 1938 193 56 complexum:
1560 1938 83 56 et
1601 1938 110 56 iste
1670 1938 152 56 dicitur
1780 1938 193 56 compositio
1918 1938 69 56 vel

1240 1992 177 56 diuisio.
1373 1992 88 56 et
1417 1992 88 56 ex
1461 1992 118 56 actu
1535 1992 118 56 isto
1608 1992 103 56 vno
1667 1992 191 56 generatur
1814 1992 162 56 habitus
1917 1992 74 56 in-

1240 2025 172 61 clinans
1365 2025 94 61 ad
1412 2025 141 61 actus
1506 2025 219 61 consimiles
1678 2025 188 61 respectu
1819 2025 156 61 totius
1913 2025 78 61 com

1251 2073 155 62 plexi.
1359 2073 124 62 Unde
1436 2073 93 62 si
1483 2073 124 62 isti
1560 2073 124 62 tres
1638 2073 139 62 actus
1731 2073 139 62 solum
1808 2073 186 62 terminaren

1245 2118 93 53 tur
1298 2118 80 53 ad
1338 2118 173 53 conceptum
1470 2118 159 53 compule:
1590 2118 106 53 tunc
1656 2118 119 53 ratio
1736 2118 159 53 superius
1855 2118 119 53 facta
1922 2118 66 53 ha-

1251 2166 140 58 beret
1345 2166 233 58 euidentiam.
1531 2166 93 58 Si
1578 2166 155 58 queras
1686 2166 140 58 vtrum
1780 2166 93 58 in
1826 2166 140 58 prima
1904 2166 93 58 for-

1251 2204 167 54 matione
1372 2204 182 54 complexi
1508 2204 121 54 sint
1584 2204 212 54 necessario
1751 2204 121 54 tres
1826 2204 151 54 actus:
1917 2204 76 54 di-

1256 2249 77 63 co
1295 2249 103 63 quod
1359 2249 103 63 non:
1423 2249 103 63 quia
1487 2249 77 63 si
1525 2249 154 63 formetur
1641 2249 167 63 complexum
1769 2249 154 63 mediante
1872 2249 128 63 cogniti-

1252 2295 102 54 one
1311 2295 190 54 intuitiua
1457 2295 117 54 siue
1529 2295 219 54 abstractiua
1704 2295 233 54 incomnplexa:
1894 2295 87 54 et
1923 2295 73 54 hoc

1254 2340 119 53 siue
1328 2340 163 53 extrema
1447 2340 178 53 complexi
1580 2340 252 53 distinguantur
1788 2340 119 53 siue
1862 2340 119 53 non.
1921 2340 74 53 nam

1252 2383 229 64 requiruntur
1435 2383 107 64 duo
1496 2383 153 64 actus:
1603 2383 122 64 vnus
1679 2383 107 64 quo
1740 2383 198 64 intelligo
1877 2383 122 64 extre-

1252 2430 84 57 ma
1294 2430 140 57 solum:
1392 2430 84 57 et
1434 2430 126 57 alius
1519 2430 98 57 quo
1575 2430 183 57 intelligo
1715 2430 168 57 compulam
1842 2430 98 57 cum
1884 2430 112 57 extre-

1260 2478 125 58 mis.
1338 2478 125 58 Quia
1416 2478 94 58 si
1463 2478 219 58 intelligam
1635 2478 156 58 aliqua
1744 2478 172 58 extrema
1854 2478 140 58 distin-

1261 2514 115 67 cta
1326 2514 164 67 specie
1441 2514 214 67 intuitiue
1606 2514 115 67 vno
1671 2514 148 67 actu:
1770 2514 131 67 puta
1852 2514 99 67 si
1885 2514 115 67 simul

1264 2561 186 54 videam
1394 2561 149 54 vnam
1487 2561 241 54 albedinem
1673 2561 111 54 et
1729 2561 260 54 nigredinem
1914 2561 93 54 vno

1270 2603 130 71 actu
1351 2603 277 71 intelligendi:
1579 2603 98 71 et
1628 2603 130 71 tunc
1709 2603 163 71 formem
1823 2603 114 71 hoc
1872 2603 130 71 comple
