2300 3091
318 260 118 64 tum.
392 260 133 64 Album
481 260 104 64 non
540 260 104 64 est
599 260 148 64 nigrum
703 260 178 64 mediante
836 260 118 64 ista
895 260 148 64 cogniti-

317 311 98 48 one
373 311 196 48 intuitiua.
527 311 98 48 hic
583 311 126 48 tamen
667 311 126 48 habeo
750 311 168 48 duplicem
876 311 126 48 actum
946 311 98 48 intui

311 352 125 60 tiuum
394 352 194 60 terminatum
547 352 83 60 ad
588 352 180 60 albedinem
727 352 83 60 et
769 352 208 60 nigredinem:
935 352 83 60 et
963 352 69 60 ali

309 396 89 55 um
354 396 194 55 complexum
503 396 104 55 quo
562 396 164 55 negatur
681 396 149 55 albedo
786 396 74 55 a
816 396 194 55 nigredine
950 396 89 55 quam

304 438 197 47 terminatur
459 438 85 47 ad
501 438 169 47 compulam
628 438 85 47 et
670 438 155 47 extrema
783 438 183 47 negatiue:
924 438 85 47 et
952 438 85 47 tan-

297 479 108 59 tum
358 479 138 59 habeo
450 479 138 59 istos
543 479 123 59 duos
620 479 154 59 actus.
727 479 200 59 Similiter
881 479 92 59 si
912 479 123 59 stante

297 518 124 68 illa
374 518 216 68 cognitione
544 518 201 68 intuitiua
698 518 201 68 intelligo
837 518 201 68 abstractiue

303 575 142 49 eadem
398 575 174 49 extrema
524 575 221 49 cognitione
698 575 237 49 incomplexa:
887 575 126 49 tunc
950 575 79 49 ha-

307 611 102 55 beo
366 611 116 55 vnum
438 611 131 55 actum
525 611 218 55 incomplexum
700 611 203 55 terminatum
860 611 87 55 ad
903 611 116 55 ipsa
961 611 73 55 ex-

297 655 129 65 trema
383 655 115 65 quae
454 655 172 65 cognosco
583 655 201 65 intuitiue:
741 655 86 65 et
784 655 86 65 si
827 655 115 65 tunc
885 655 143 65 mediante

311 705 113 49 actu
382 705 113 49 isto
453 705 142 49 formem
552 705 99 49 hoc
609 705 184 49 complexum
750 705 184 49 praedicto
892 705 128 49 modo.
963 705 71 49 Al-

314 745 95 55 dum
368 745 95 55 non
422 745 95 55 est
476 745 149 55 nigrum:
584 745 122 55 habeo
665 745 122 55 alium
746 745 122 55 actum
827 745 189 55 terminatum
975 745 81 55 ad

297 796 195 52 conceptum
447 796 165 52 compule
567 796 195 52 negatiue.
716 796 90 52 Et
761 796 105 52 cum
821 796 105 52 hoc
881 796 90 52 ad
911 796 120 52 extre-

308 835 94 52 ma.
361 835 81 52 Et
402 835 121 52 sicut
482 835 108 52 isti
550 835 94 52 duo
604 835 121 52 actus
684 835 188 52 sufficiunt
832 835 135 52 quando
913 835 121 52 extrema

301 876 185 63 complexi
439 876 247 63 distinguntur
640 876 200 63 realiter:
794 876 216 63 multomagis
948 876 108 63 quan-

298 920 87 66 do
341 920 116 66 sunt
413 920 130 66 iidem
500 920 174 66 realiter
630 920 202 66 sufficiunt
789 920 101 66 duo
847 920 130 66 actus
934 920 72 66 ⁋
948 920 87 66 Con-

310 970 97 59 tra
366 970 111 59 ista
435 970 111 59 sunt
505 970 125 59 multa
589 970 139 59 dubia.
686 970 125 59 Primo
769 970 153 59 videtur
881 970 111 59 quod
937 970 97 59 intel

302 1009 139 64 lectus
400 1009 97 64 non
455 1009 139 64 potest
553 1009 139 64 habere
650 1009 167 64 notitiam
775 1009 195 64 intuitiuam
915 1009 111 64 respe-

295 1060 100 56 ctu
352 1060 214 56 singularis:
523 1060 114 56 quia
594 1060 214 56 intellectus
766 1060 186 56 abstrahit
909 1060 71 56 a
923 1060 114 56 condi-

304 1098 184 64 tionibus
442 1098 246 64 materialibus
642 1098 123 64 puta
718 1098 92 64 ab
764 1098 123 64 esse
841 1098 108 64 hic
903 1098 92 64 et
933 1098 108 64 nunc:

294 1142 108 66 sed
355 1142 108 66 nec
417 1142 184 66 cognitio
555 1142 200 66 intuitiua
708 1142 108 66 nec
770 1142 200 66 singulare
908 1142 123 66 abstra

305 1184 125 68 huntur
392 1184 62 68 a
417 1184 162 68 predictis
542 1184 225 68 conditionibus.
729 1184 100 68 ergo
792 1184 100 68 etc.
854 1184 62 68 ⁋
879 1184 100 68 Item
942 1184 112 68 illud

309 1233 105 64 quod
374 1233 118 64 ponit
453 1233 197 64 intellectum
610 1233 79 64 in
650 1233 131 64 errore
742 1233 92 64 non
794 1233 118 64 debet
873 1233 105 64 poni
938 1233 79 64 in
964 1233 66 64 in-

304 1277 160 52 tellectu:
427 1277 86 52 sed
476 1277 135 52 notitia
575 1277 160 52 intuitiua
698 1277 86 52 est
747 1277 172 52 huiusmodi.
882 1277 123 52 patet:
956 1277 74 52 quia

293 1316 82 62 si
334 1316 191 62 destruatur
485 1316 96 62 res
539 1316 82 62 et
580 1316 137 62 maneat
676 1316 164 62 cognitio
799 1316 191 62 intuitiua:
935 1316 82 62 tunc

296 1367 74 61 per
339 1367 95 61 illam
402 1367 106 61 iudico
476 1367 74 61 rem
518 1367 84 61 esse
571 1367 106 61 quando
645 1367 74 61 non
687 1367 84 61 est.
740 1367 84 61 ergo
792 1367 84 61 etc.
845 1367 53 61 ⁋
866 1367 74 61 Ite
908 1367 84 61 quod
951 1367 63 61 sin-

298 1412 154 58 gulare
405 1412 108 58 nec
467 1412 200 58 intuitiue
620 1412 108 58 nec
682 1412 231 58 abstractiue
851 1412 169 58 intelliga

289 1458 83 55 tur
336 1458 201 55 multiplicitur
502 1458 154 55 probatur:
620 1458 95 55 quia
679 1458 118 55 quando
762 1458 118 55 aliqua
845 1458 95 55 sunt
892 1458 130 55 simillima

297 1489 154 65 quicquid
412 1489 90 65 est
464 1489 179 65 similitudo
604 1489 115 65 vnius
681 1489 90 65 est
732 1489 115 65 etiam
809 1489 179 65 similitudo
937 1489 77 65 alte

294 1539 144 54 rius.
390 1539 208 54 Exemplum.
550 1539 240 54 Accipiantur
742 1539 144 54 multe
822 1539 176 54 albedines

297 1583 110 55 eodem
370 1583 110 55 gradu
444 1583 147 55 quicquid
554 1583 86 55 est
603 1583 122 55 simile
689 1583 98 55 vni:
750 1583 86 55 est
799 1583 122 55 simile
885 1583 73 55 et
909 1583 98 55 alteri

298 1621 82 74 sed
345 1621 177 74 intellectio
487 1621 82 74 est
534 1621 165 74 similitudo
663 1621 141 74 obiecti:
769 1621 94 74 quia
828 1621 82 74 per
875 1621 94 74 quod
923 1621 82 74 intel

290 1663 137 64 lectus
386 1663 191 64 intelligit
536 1663 96 64 per
591 1663 123 64 illud
673 1663 205 64 assimilatur
837 1663 164 64 obiecto:
947 1663 68 64 hoc

296 1717 103 56 autem
364 1717 80 56 est
410 1717 80 56 per
456 1717 206 56 intellectionem
627 1717 80 56 non
673 1717 80 56 per
719 1717 126 56 speciem
810 1717 137 56 secundum
902 1717 114 56 predicta

288 1755 88 63 Si
332 1755 118 63 ergo
406 1755 221 63 accipiantur
583 1755 133 63 multa
671 1755 192 63 indiuidua
819 1755 192 63 simillima
951 1755 74 63 pu-

288 1803 77 58 ta
327 1803 116 58 multi
404 1803 129 58 angeli
495 1803 77 58 in
533 1803 116 58 eadem
611 1803 142 58 specie:
714 1803 90 58 vel
766 1803 116 58 anime
830 1803 181 58 intellectiue

300 1841 90 55 qua
352 1841 142 55 ratione
455 1841 193 55 intellectio
609 1841 90 55 per
661 1841 103 55 quam
725 1841 167 55 intelligo
854 1841 103 55 vnum
918 1841 90 55 est
957 1841 64 55 si-

291 1891 158 57 militudo
409 1891 158 57 alterius
528 1891 118 57 eadem
606 1891 145 57 ratione
712 1891 79 57 et
751 1891 131 57 omnium
830 1891 184 57 simillimorum

288 1934 140 57 aliorum
390 1934 77 57 ex
429 1934 89 57 quo
480 1934 102 57 sunt
544 1934 179 57 simillima:
684 1934 102 57 ergo
748 1934 89 57 per
799 1934 115 57 talem
863 1934 153 57 intellecti

295 1981 112 59 onem
365 1981 181 59 intelligo
504 1981 181 59 quodlibet
644 1981 195 59 singulare:
797 1981 98 59 vel
853 1981 139 59 nullum
936 1981 70 59 clo

283 2029 139 57 quendo
381 2029 84 57 de
422 2029 195 57 simillimis
576 2029 139 57 semper
673 2029 98 57 Sed
729 2029 98 57 non
785 2029 195 57 quodlibet.
924 2029 98 57 patet

295 2067 74 58 de
332 2067 86 58 se.
381 2067 98 58 ergo
442 2067 123 58 nullum
528 2067 196 58 intelligitur
688 2067 86 58 nec
737 2067 172 58 intuitiue:
872 2067 86 58 nec
909 2067 98 58 abstra

292 2107 106 62 ctiue.
367 2107 53 62 ⁋
388 2107 85 62 Item
441 2107 170 62 contrusiohoc
579 2107 85 62 quod
632 2107 117 62 dicitur
717 2107 64 62 de
749 2107 149 62 cognitione
865 2107 138 62 intuitiua
961 2107 53 62 per

282 2150 102 61 fecta
350 2150 68 61 et
384 2150 170 61 imperfecta:
519 2150 91 61 quia
576 2150 136 61 secundum
678 2150 102 61 illud
746 2150 124 61 videtur
836 2150 91 61 quod
893 2150 102 61 nulla
949 2150 57 61 sit

286 2198 165 61 cognitio
410 2198 207 61 abstractiua
575 2198 207 61 simpliciter
741 2198 83 61 in
782 2198 207 61 intellectu:
933 2198 83 61 quia

284 2247 120 61 nulla
364 2247 94 61 est
417 2247 107 61 quin
484 2247 134 61 possim
578 2247 94 61 per
631 2247 94 61 eam
685 2247 201 61 intelligere
845 2247 107 61 quod
912 2247 94 61 res
952 2247 54 61 a-

293 2279 124 62 liquando
386 2279 93 62 fuit.
448 2279 52 62 ⁋
469 2279 83 62 Item
520 2279 155 62 cnclusiohoc
645 2279 83 62 quod
696 2279 72 62 non
738 2279 114 62 ponitur
821 2279 114 62 species
903 2279 62 62 in
924 2279 83 62 intel-

286 2323 121 69 lectu:
370 2323 84 69 sed
419 2323 145 69 habitus:
527 2323 97 69 quia
588 2323 97 69 pars
648 2323 157 69 sensitiua
769 2323 109 69 licet
841 2323 121 69 habeat
913 2323 97 69 cogni-

282 2371 122 62 tionem
367 2371 183 62 intuitiuam:
513 2371 110 62 tamen
586 2371 73 62 si
623 2371 110 62 prius
696 2371 134 62 recipit
794 2371 146 62 speciem:
891 2371 122 62 sequitur

296 2422 83 55 quod
347 2422 165 55 consimiliter
482 2422 165 55 intellectus.
616 2422 165 55 consequentia
750 2422 103 55 patet:
822 2422 83 55 quia
874 2422 93 55 sicut
925 2422 83 55 sensus

282 2465 88 50 ad
326 2465 219 50 sensibilia:
501 2465 102 50 ita
560 2465 219 50 intellectus
735 2465 88 50 ad
764 2465 248 50 intelligibilia.

276 2497 59 70 ⁋
300 2497 94 70 Item
358 2497 117 70 tertio
440 2497 70 70 de
476 2497 106 70 anima
546 2497 129 70 dicitur
640 2497 70 70 in
675 2497 117 70 multis
757 2497 106 70 locis
827 2497 94 70 quod
886 2497 94 70 pars
933 2497 82 70 intel

284 2546 147 64 lectiua
390 2546 93 64 est
444 2546 173 64 receptiua
577 2546 173 64 specierum
710 2546 80 64 et
750 2546 120 64 anima
830 2546 93 64 est
884 2546 133 64 locus:
964 2546 53 64 et

278 2599 90 50 quod
334 2599 102 50 lapis
402 2599 79 50 non
447 2599 79 50 est
492 2599 68 50 in
526 2599 113 50 anima:
605 2599 79 50 sed
651 2599 124 50 species
741 2599 124 50 lapidis
831 2599 68 50 et
854 2599 147 50 intellectus

269 2631 92 76 est
322 2631 119 76 omnia
401 2631 251 76 intelligibilia:
612 2631 119 76 sicut
691 2631 132 76 sensus
784 2631 119 76 omnia
850 2631 158 76 sensibilia

1120 251 68 90 ⁋
1148 251 95 90 Ite
1202 251 203 90 intellectus
1364 251 95 90 non
1418 251 135 90 tantum
1512 251 95 90 est
1566 251 81 90 in
1607 251 162 90 potentia
1715 251 162 90 essentiali

1133 329 66 57 ad
1166 329 153 57 congnitiom
1286 329 175 57 complexorum:
1428 329 76 57 sed
1472 329 98 57 etiam
1537 329 197 57 incomplexorum:
1701 329 76 57 sed
1745 329 98 57 illud
1799 329 66 57 quod

1139 361 141 63 reducit
1242 361 192 63 intellectum
1395 361 77 63 de
1434 361 154 63 potentia
1549 361 179 63 essentiali
1690 361 77 63 ad
1715 361 141 63 accidenta

1146 407 70 67 lem
1186 407 70 67 non
1226 407 100 67 potest
1296 407 80 67 esse
1345 407 110 67 habitus
1425 407 70 67 cum
1465 407 170 67 praesuppionat
1605 407 100 67 actum:
1675 407 60 67 et
1704 407 70 67 per
1734 407 120 67 consequens

1134 449 221 67 praesupponit
1313 449 207 67 intellectum
1479 449 165 67 inductum
1603 449 83 67 de
1644 449 165 67 potentia
1755 449 110 67 essen-

1135 503 124 59 tiali:
1222 503 87 59 tum
1271 503 99 59 quia
1333 503 137 59 habitus
1433 503 87 59 non
1482 503 87 59 est
1532 503 99 59 nisi
1594 503 149 59 respectu
1694 503 161 59 complexorum

1138 545 72 51 et
1174 545 84 51 per
1222 545 168 51 consequens
1354 545 72 51 si
1390 545 132 51 habitus
1486 545 120 51 posset
1571 545 144 51 reducere
1679 545 180 51 intellectum
1811 545 48 51 de

1127 587 168 63 potentia
1253 587 196 63 essentiali
1407 587 84 63 ad
1449 587 224 63 accidentalem
1632 587 168 63 respectu
1744 587 112 63 cogni-

1130 637 126 46 tionis
1219 637 164 46 complexe:
1345 637 88 46 non
1395 637 113 46 tamen
1471 637 151 46 respectu
1584 637 189 46 cognitionis
1722 637 139 46 incomple-

1127 678 76 60 xe.
1171 678 76 60 Tum
1214 678 87 60 quia
1269 678 174 60 praesupponit
1410 678 109 60 actum:
1487 678 65 60 et
1519 678 76 60 per
1563 678 153 60 consequens
1683 678 174 60 praesupponit
1813 678 44 60 in

1129 722 168 59 tellectu
1255 722 168 59 reductum
1381 722 84 59 de
1423 722 168 59 potentia
1549 722 210 59 essentiali.
1717 722 70 59 ⁋
1745 722 98 59 Ite
1787 722 70 59 per

1133 758 112 64 eandem
1211 758 134 64 rationem
1311 758 78 64 per
1356 758 100 64 quamn
1423 758 78 64 tum
1468 758 112 64 probas
1546 758 123 64 habitum
1635 758 89 64 esse
1691 758 67 64 in
1713 758 134 64 intellectu

1126 808 66 55 et
1159 808 78 55 non
1203 808 122 55 speciem
1292 808 111 55 potest
1370 808 122 55 probari
1458 808 89 55 quod
1514 808 78 55 sit
1558 808 66 55 in
1591 808 144 55 fantasia:
1702 808 89 55 quia
1757 808 78 55 nos
1791 808 55 55 non

1123 856 177 50 experimur
1260 856 109 50 quod
1328 856 123 50 sumus
1409 856 82 50 in
1450 856 163 50 potentia
1573 856 82 50 ad
1614 856 218 50 fantasiandum
1777 856 82 50 nisi

1123 893 122 53 prius
1205 893 122 53 sumus
1286 893 203 53 fantasiati:
1448 893 108 53 ergo
1515 893 81 53 ex
1556 893 108 53 illo
1623 893 108 53 actu
1677 893 176 53 fantasiandi

1118 940 210 55 dereliquitur
1289 940 144 55 habitus
1394 940 171 55 inclinans
1525 940 79 55 ad
1564 940 118 55 actus
1643 940 184 55 consimiles
1774 940 79 55 quod

1124 977 70 72 est
1164 977 120 72 contrsio
1254 977 149 72 philosophum
1373 977 60 72 in
1403 977 60 72 de
1433 977 90 72 sonno
1493 977 60 72 et
1522 977 110 72 vigilia
1602 977 80 72 quae
1652 977 90 72 dicit
1712 977 80 72 quod
1761 977 60 72 in
1781 977 70 72 absen

1116 1028 93 54 tia
1169 1028 120 54 rerum
1249 1028 134 54 manent
1343 1028 160 54 ymagines
1463 1028 134 54 rerum.
1556 1028 107 54 Item
1623 1028 80 54 si
1663 1028 107 54 sic:
1730 1028 107 54 tunc
1783 1028 67 54 im-

1116 1074 202 54 tellectus
1272 1074 249 54 intelligendo
1474 1074 109 54 non
1536 1074 202 54 indigeret
1676 1074 187 54 fantasmate

1135 1116 96 60 quia
1195 1116 120 60 quando
1279 1116 132 60 aliquid
1376 1116 84 60 est
1424 1116 72 60 in
1460 1116 144 60 potentia
1568 1116 181 60 accidentali
1713 1116 84 60 non
1749 1116 108 60 indiget

1117 1157 122 56 motore
1202 1157 170 56 extrinseco
1336 1157 73 56 ad
1372 1157 85 56 hoc
1421 1157 97 56 quod
1482 1157 110 56 exeat
1555 1157 73 56 in
1591 1157 122 56 actum.
1677 1157 97 56 ergo
1737 1157 73 56 si
1762 1157 85 56 talis

1115 1198 181 62 habitus
1246 1198 115 62 sit
1312 1198 98 62 in
1361 1198 230 62 intellectu
1541 1198 98 62 et
1590 1198 115 62 non
1656 1198 181 62 species
1771 1198 82 62 Cum

1126 1241 154 58 fantasma
1242 1241 90 58 sit
1293 1241 116 58 motor
1370 1241 193 58 extrinsecus
1525 1241 167 58 sequitur.
1653 1241 103 58 ergo
1718 1241 103 58 etc.
1782 1241 64 58 ⁋
1808 1241 77 58 Ad

1116 1284 126 69 primum
1204 1284 138 69 istorum
1305 1284 100 69 dico
1368 1284 100 69 quod
1430 1284 188 69 intellectus
1581 1284 113 69 primo
1657 1284 176 69 intelligit
1782 1284 63 69 sin

1116 1343 125 47 gulare
1203 1343 175 47 intuitiue:
1340 1343 87 47 tum
1390 1343 100 47 quia
1452 1343 187 47 intellectus
1602 1343 175 47 intelligit
1739 1343 75 47 id
1764 1343 75 47 quod

1119 1381 84 57 est
1167 1381 72 57 in
1203 1381 72 57 re
1239 1381 168 57 intuitiue:
1372 1381 84 57 sed
1420 1381 108 57 nihil
1492 1381 84 57 est
1540 1381 96 57 tale
1600 1381 96 57 nisi
1660 1381 168 57 singulare:
1781 1381 60 57 tum

1125 1420 103 61 quia
1189 1420 90 61 hoc
1241 1420 154 61 conuenit
1357 1420 154 61 potentie
1472 1420 219 61 imperfectiori
1652 1420 103 61 puta
1716 1420 129 61 sensui
1794 1420 51 61 et

1130 1472 80 50 est
1175 1472 195 50 perfectionis.
1336 1472 92 50 ergo
1393 1472 92 50 etc.
1450 1472 92 50 Item
1507 1472 103 50 illud
1576 1472 92 50 quod
1633 1472 149 50 cognoscit
1748 1472 126 50 aliquid

1133 1517 65 51 vt
1166 1517 76 51 est
1209 1517 87 51 hoc:
1264 1517 65 51 et
1296 1517 65 51 in
1329 1517 76 51 hoc
1372 1517 98 51 situ:
1438 1517 65 51 et
1470 1517 65 51 in
1503 1517 76 51 hoc
1546 1517 98 51 nunc:
1612 1517 65 51 et
1644 1517 76 51 sic
1688 1517 65 51 de
1720 1517 98 51 aliis
1775 1517 65 51 cir-

1146 1548 181 64 unmstantiis
1291 1548 169 64 perfectius
1424 1548 169 64 cognoscit:
1557 1548 73 64 et
1593 1548 85 64 est
1642 1548 193 64 perfectioris
1787 1548 60 64 na-

1126 1596 98 65 ture
1187 1596 98 65 quam
1248 1596 110 65 illud
1322 1596 98 65 quod
1383 1596 86 65 sic
1432 1596 86 65 non
1481 1596 171 65 cognoscit.
1615 1596 73 65 si
1652 1596 98 65 ergo
1713 1596 122 65 sensus
1787 1596 61 65 sic

1137 1645 152 65 ognoscat
1252 1645 76 65 et
1290 1645 190 65 intellectus
1442 1645 102 65 non:
1505 1645 190 65 intellectus
1658 1645 89 65 est
1696 1645 152 65 perfectior

1116 1680 126 67 sensu:
1205 1680 101 67 ideo
1268 1680 101 67 dico
1331 1680 101 67 quod
1394 1680 189 67 intellectus
1545 1680 164 67 cognoscit
1671 1680 164 67 intuitiue
1785 1680 63 67 sin

1108 1735 119 57 gulare:
1195 1735 65 57 vt
1227 1735 87 57 haec
1281 1735 65 57 et
1314 1735 87 57 nunc
1368 1735 65 57 et
1400 1735 130 57 secundum
1498 1735 97 57 omnes
1563 1735 162 57 conditiones
1693 1735 130 57 secundum
1779 1735 65 57 quas

1109 1781 166 48 cognoscit
1237 1781 141 48 sensus.
1340 1781 77 48 et
1378 1781 115 48 etiam
1455 1781 154 48 secundum
1570 1781 141 48 plures:
1673 1781 102 48 vnde
1724 1781 115 48 angelus

1109 1817 79 61 et
1148 1817 106 61 homo
1215 1817 132 61 sciunt
1307 1817 185 61 perfectius
1453 1817 93 61 vbi
1506 1817 79 61 et
1546 1817 132 61 quando
1638 1817 93 61 hoc
1691 1817 132 61 corpus
1771 1817 79 61 moue

1110 1860 101 66 tur:
1173 1860 75 66 et
1211 1860 88 66 sic
1261 1860 75 66 de
1299 1860 113 66 aliis
1375 1860 214 66 conditionibus
1551 1860 214 66 materialibus:
1727 1860 101 66 quam
1777 1860 63 66 ali

1106 1908 97 54 qua
1162 1908 167 54 potentia
1287 1908 195 54 sensitiua.
1440 1908 70 54 ⁋
1468 1908 84 54 Si
1510 1908 125 54 dicas
1593 1908 111 54 quod
1663 1908 139 54 sensus
1746 1908 84 54 repe

1108 1951 86 62 rit
1157 1951 135 62 debitum
1255 1951 111 62 situm
1329 1951 135 62 obiecti
1427 1951 148 62 secundum
1538 1951 123 62 lineam
1624 1951 123 62 rectam
1710 1951 74 62 et
1735 1951 98 62 deter-

1102 1988 165 59 minatam
1222 1988 285 59 approximationem
1462 1988 90 59 et
1507 1988 225 59 intellectus
1687 1988 120 59 non.
1747 1988 90 59 Con-

1102 2032 94 63 tra
1155 2032 135 63 sensus
1250 2032 135 63 potest
1344 2032 94 63 per
1398 2032 94 63 eum
1452 2032 175 63 intuitiue
1587 2032 189 63 cognoscere
1735 2032 94 63 rem
1775 2032 54 63 ab

1118 2073 108 70 sentem
1194 2073 65 70 et
1227 2073 76 70 non
1270 2073 163 70 existentem.
1400 2073 87 70 ergo
1454 2073 87 70 sine
1509 2073 195 70 contradictione
1671 2073 108 70 potest
1747 2073 76 70 res
1780 2073 54 70 vi-

1105 2123 99 65 deri
1166 2123 99 65 sine
1228 2123 173 65 situatione
1364 2123 124 65 saltem
1450 2123 86 65 per
1500 2123 161 65 potentiam
1623 2123 148 65 diuinam:
1735 2123 74 65 et
1759 2123 62 65 ita

1113 2164 122 68 potest
1198 2164 196 68 intellectus.
1358 2164 73 68 et
1394 2164 110 68 sicut
1468 2164 122 68 sensus
1553 2164 86 68 non
1602 2164 122 68 potest
1676 2164 159 68 naturaliter

1098 2215 155 53 videre
1206 2215 185 53 obiectum
1345 2215 124 53 nisi
1422 2215 201 53 deteriate
1577 2215 247 53 approximatum
1762 2215 62 53 et

1101 2251 144 69 situatum
1209 2251 144 69 secundum
1317 2251 120 69 lineam
1401 2251 132 69 rectam.
1496 2251 84 69 ita
1544 2251 84 69 nec
1592 2251 180 69 intellectus
1724 2251 96 69 potest

1096 2295 222 63 naturaliter
1274 2295 163 63 intueri
1392 2295 104 63 rem
1451 2295 222 63 apprehensam
1629 2295 178 63 mediante
1747 2295 74 63 vi-

1103 2339 82 58 su
1144 2339 110 58 nisi
1213 2339 96 58 sit
1268 2339 137 58 debito
1364 2339 124 58 modo:
1447 2339 82 58 et
1488 2339 82 58 eo
1529 2339 110 58 modo
1598 2339 96 58 quo
1653 2339 137 58 sensui
1735 2339 96 58 appro

1099 2384 152 67 ximata:
1210 2384 111 67 quia
1279 2384 208 67 naturaliter
1446 2384 125 67 nihil
1529 2384 166 67 intuitur
1640 2384 180 67 intellectus

1106 2430 112 66 nisi
1176 2430 168 66 mediante
1303 2430 126 66 sensu
1387 2430 183 66 existente
1527 2430 84 66 in
1569 2430 112 66 actu
1639 2430 112 66 suo:
1710 2430 98 66 sed
1752 2430 70 66 su-

1099 2476 223 65 pernaturaliter
1284 2476 136 65 potest:
1383 2476 74 65 et
1420 2476 87 65 ita
1470 2476 136 65 sensus.
1569 2476 74 65 Et
1606 2476 99 65 ideo
1668 2476 99 65 dico
1730 2476 99 65 quod
1779 2476 50 65 ha

1096 2521 112 59 bere
1166 2521 210 59 cognitionem
1334 2521 196 59 materialem
1489 2521 196 59 dupliciter
1643 2521 140 59 potest
1727 2521 98 59 intel

1094 2557 117 74 ligi.
1172 2557 91 74 vno
1224 2557 104 74 modo
1289 2557 104 74 quod
1354 2557 143 74 aliquid
1458 2557 130 74 habeat
1548 2557 195 74 cognitionem
1704 2557 104 74 quae
1756 2557 65 74 per

1094 2601 157 65 ficiat
1204 2601 188 65 materiam
1345 2601 204 65 extensiue
1502 2601 141 65 sicut
1596 2601 141 65 forma
1674 2601 157 65 materia-

1106 2651 115 70 lis.
1177 2651 86 70 et
1221 2651 101 70 sic
1278 2651 144 70 sensus
1378 2651 129 70 habet
1465 2651 215 70 cognitionem
1637 2651 201 70 materialem
1781 2651 57 70 et
