2305 3091
319 220 89 79 Si
364 220 133 79 dicas
452 220 163 79 quantum
571 220 89 79 ad
615 220 178 79 exemplum
748 220 163 79 positum
867 220 89 79 de
911 220 148 79 duobus
1000 220 59 79 ca

322 274 161 56 loribus
440 274 117 56 quod
513 274 132 56 calor
601 274 190 56 productus
747 274 132 56 licet
835 274 103 56 non
879 274 176 56 determinet

323 330 136 46 certum
419 330 123 46 agens
501 330 150 46 eiusdem
610 330 177 46 rationis:
746 330 123 46 tamen
828 330 191 46 determinat
964 330 82 46 sibi

321 370 122 56 certam
406 370 146 56 materiam
516 370 73 56 in
552 370 85 56 qua
601 370 134 56 produci
699 370 134 56 potest:
796 370 85 56 ita
845 370 97 56 quod
906 370 85 56 non
955 370 73 56 in
979 370 73 56 alia

320 417 81 47 et
361 417 95 47 ita
415 417 95 47 non
469 417 163 47 sequitur
591 417 108 47 quod
659 417 108 47 idem
727 417 122 47 calor
808 417 135 47 numero
889 417 163 47 producatur

311 459 78 55 a
343 459 156 55 duobus
452 459 203 55 agentibus
608 459 94 55 et
655 459 94 55 in
702 459 156 55 duabus
812 459 203 55 materiis:
968 459 109 55 sed

330 507 108 55 quod
397 507 108 55 vnus
464 507 121 55 calor
545 507 188 55 producitur
693 507 67 55 a
720 507 135 55 duobus
814 507 175 55 agentibus
949 507 81 55 in
976 507 67 55 vna

319 547 167 53 materia
440 547 121 53 quam
516 547 121 53 sibi
592 547 212 53 determinat
758 547 91 53 et
804 547 136 53 alius
895 547 91 53 ab
925 547 121 53 eisdem

320 585 85 61 in
362 585 113 61 alia
433 585 155 61 materia
545 585 113 61 quam
616 585 113 61 sibi
686 585 127 61 etiam
771 585 211 61 determinat.
926 585 127 61 Respon-

320 632 92 59 deo
372 632 105 59 quod
438 632 78 59 ex
477 632 92 59 quo
529 632 144 59 materie
634 632 105 59 sunt
699 632 144 59 eiusdem
804 632 170 59 rationis:
934 632 92 59 non
974 632 65 59 vi-

317 675 136 64 detur
407 675 136 64 ratio
498 675 136 64 quare
588 675 181 64 effectus
724 675 121 64 plus
799 675 211 64 determinat
950 675 90 64 sibi

321 727 103 63 vnam
385 727 154 63 materiam
501 727 103 63 quam
565 727 129 63 aliam:
655 727 103 63 quia
720 727 141 63 materia
822 727 103 63 eque
887 727 90 63 est
925 727 116 63 illimi-

324 771 108 49 tata
391 771 81 49 et
431 771 229 49 indeterminata
620 771 81 49 ad
660 771 108 49 vnam
727 771 135 49 formam
821 771 81 49 et
862 771 81 49 ad
902 771 135 49 aliam.
983 771 67 49 Nec

324 813 132 51 potest
416 813 106 51 alia
483 813 119 51 ratio
562 813 172 51 assignari
695 813 119 51 quare
774 813 159 51 effectus
893 813 106 51 sibi
946 813 106 51 deter-

323 859 129 54 ninat
409 859 173 54 materiam
538 859 115 54 quin
610 859 115 54 eque
682 859 187 54 concludat
826 859 115 54 quod
883 859 173 54 determinat

317 894 101 68 sibi
381 894 127 68 certum
469 894 127 68 agens.
558 894 76 68 et
596 894 101 68 ideo
660 894 114 68 illud
736 894 89 68 est
786 894 152 68 acceptum
901 894 76 68 in
926 894 114 68 ratione

320 950 151 56 tanquam
430 950 205 56 manifestum.
594 950 68 56 ⁋
622 950 82 56 Ad
663 950 123 56 aliud
745 950 110 56 dico
813 950 110 56 quod
882 950 82 56 in
909 950 137 56 intelle-

317 989 96 60 ctu
372 989 137 60 potest
468 989 110 60 esse
537 989 137 60 aliqua
633 989 165 60 cognitio
757 989 206 60 abstractiua
921 989 96 60 per
963 989 82 60 quam

310 1038 96 54 nec
365 1038 137 54 iudico
461 1038 96 54 rem
516 1038 110 54 esse
585 1038 96 54 nec
640 1038 96 54 non
695 1038 124 54 esse:
777 1038 96 54 nec
832 1038 137 54 fuisse
928 1038 124 54 sicut
997 1038 55 54 su

310 1080 98 59 pra
366 1080 195 59 declaratum
519 1080 112 59 est.
589 1080 112 59 ideo
659 1080 112 59 modo
728 1080 167 59 transeo.
854 1080 70 59 ⁋
882 1080 84 59 Ad
924 1080 125 59 aliud
993 1080 56 59 de

317 1123 130 63 parte
403 1123 187 63 sensitiua
547 1123 130 63 alias
634 1123 173 63 patebit.
763 1123 72 63 ⁋
792 1123 86 63 Ad
835 1123 130 63 omnes
907 1123 130 63 auctor-

316 1172 129 50 ritates
410 1172 165 50 philosophi
540 1172 94 50 dico
599 1172 94 50 quod
658 1172 129 50 accipit
752 1172 129 50 speciem
846 1172 82 50 pro
893 1172 94 50 actu
952 1172 82 50 vel
987 1172 59 50 ha-

313 1205 103 65 bitu.
381 1205 80 65 hoc
427 1205 115 65 patet:
507 1205 92 65 quia
564 1205 172 65 commentator
702 1205 126 65 nunquam
794 1205 126 65 nominat
885 1205 137 65 speciem:
977 1205 57 65 sed

308 1249 111 67 semper
386 1249 78 67 vbi
430 1249 167 67 philosophus
564 1249 100 67 dicit
631 1249 123 67 speciem
720 1249 89 67 ipse
776 1249 123 67 nominat
865 1249 123 67 formam:
954 1249 67 67 et
987 1249 67 67 ac

318 1300 119 59 cipit
397 1300 133 59 formam
490 1300 93 59 pro
543 1300 225 59 intellectione
729 1300 93 59 vel
782 1300 146 59 habitu.
888 1300 66 59 ⁋
914 1300 80 59 Et
941 1300 106 59 quando

307 1343 106 54 dicit
378 1343 95 54 quod
437 1343 83 54 est
484 1343 106 54 locus
555 1343 165 54 specierum.
685 1343 106 54 verum
756 1343 95 54 est:
815 1343 95 54 quia
875 1343 154 54 subiectum
981 1343 59 54 in-

318 1394 200 52 tellectionum
481 1394 75 52 et
519 1394 163 52 habituum.
644 1394 75 52 Si
681 1394 113 52 dicas
756 1394 100 52 quod
819 1394 188 52 philosophus
956 1394 88 52 dicit

314 1439 100 53 quod
377 1439 88 53 est
427 1439 113 53 locus
502 1439 163 53 specierum
627 1439 88 53 non
677 1439 113 53 tota:
752 1439 88 53 sed
802 1439 213 53 intellectiua.
965 1439 75 53 nunc

305 1481 120 48 autem
385 1481 134 48 sensus
479 1481 94 48 est
532 1481 174 48 subiectum
666 1481 134 48 suorum
759 1481 134 48 actuum
853 1481 120 48 sicut
920 1481 107 48 intel-

314 1524 138 56 lectus.
415 1524 101 56 ergo
478 1524 126 56 aliter
566 1524 88 56 est
616 1524 189 56 intellectus
767 1524 113 56 locus
842 1524 163 56 specierum
956 1524 75 56 quam

319 1569 160 59 praedicto
442 1569 111 59 modo.
515 1569 172 59 Respondeo.
651 1569 111 59 verum
724 1569 86 59 est
774 1569 98 59 quod
835 1569 123 59 aliter
921 1569 86 59 est
958 1569 86 59 locus

308 1608 103 57 siue
373 1608 168 57 subiectum
502 1608 103 57 quam
567 1608 142 57 sensus:
670 1608 103 57 quia
735 1608 142 57 recipit
825 1608 207 57 intellectiones

307 1653 81 47 non
354 1653 104 47 solum
423 1653 104 47 eorum
492 1653 93 47 quae
550 1653 162 47 sentiuntur
678 1653 81 47 vno
724 1653 116 47 sensu:
805 1653 81 47 sed
851 1653 104 47 etiam
920 1653 93 47 quae
967 1653 69 47 sen-

311 1697 140 58 tiuntur
413 1697 153 58 quolibet
527 1697 127 58 sensu.
616 1697 102 58 quia
680 1697 127 58 potest
769 1697 191 58 intelligere
909 1697 114 58 sensibi

305 1735 89 64 lia
356 1735 126 64 omnium
444 1735 152 64 sensuum:
558 1735 89 64 non
609 1735 89 64 sic
659 1735 139 64 sensus.
761 1735 76 64 Si
798 1735 114 64 dicas
874 1735 101 64 quod
925 1735 101 64 sensi-

303 1777 113 63 bilia
379 1777 151 63 communia
492 1777 176 63 sentiuntur
630 1777 75 63 ab
667 1777 100 63 omni
730 1777 125 63 sensu.
818 1777 75 63 Ad
855 1777 88 63 hoc
893 1777 138 63 responsum

310 1833 86 54 est
359 1833 111 54 supra
433 1833 172 54 quaestione
568 1833 74 54 de
605 1833 123 54 motum.
691 1833 160 54 Similiter
814 1833 123 54 aliter
900 1833 86 54 est
937 1833 86 54 intel

309 1873 146 57 lectus
411 1873 189 57 subiectum
557 1873 262 57 intellectionum
775 1873 87 57 et
819 1873 146 57 sensus
906 1873 131 57 sensati

313 1917 105 58 onum:
383 1917 93 58 quia
441 1917 174 58 sensationes
581 1917 174 58 extenduntur
720 1917 70 58 in
755 1917 151 58 sensibus:
871 1917 81 58 non
917 1917 105 58 autem
976 1917 46 58 in

294 1957 224 65 tellectiones
476 1957 84 65 in
518 1957 252 65 intellellectu.
729 1957 70 65 ⁋
757 1957 84 65 Ad
799 1957 126 65 aliud
883 1957 112 65 dico
939 1957 84 65 quod

296 2010 140 44 eodem
390 2010 125 44 modo
468 2010 109 44 est
530 2010 171 44 habitus
655 2010 187 44 ponendus
795 2010 187 44 respectu
920 2010 109 44 incom

310 2051 125 59 plexi:
397 2051 112 59 sicut
472 2051 150 59 respectu
584 2051 162 59 complexi:
709 2051 75 59 et
747 2051 137 59 propter
847 2051 125 59 eandem
922 2051 112 59 causam:

302 2097 75 55 sed
345 2097 107 55 quando
420 2097 75 55 hoc
462 2097 75 55 est
505 2097 64 55 et
537 2097 107 55 quando
611 2097 75 55 non
654 2097 75 55 est
696 2097 117 55 oportet
782 2097 138 55 recurrere
888 2097 64 55 ad
909 2097 107 55 experien

294 2141 107 56 tiam:
366 2141 95 56 quia
425 2141 119 56 quando
509 2141 131 56 aliquis
604 2141 83 56 est
652 2141 107 56 magis
723 2141 167 56 inclinatus
854 2141 72 56 ad
878 2141 143 56 intelligen

296 2183 91 58 dum
348 2183 104 58 siue
413 2183 169 58 complexum
544 2183 104 58 siue
609 2183 209 58 incomplexum:
778 2183 104 58 post
843 2183 117 58 actum
909 2183 117 58 frequen

298 2232 97 53 ter
353 2232 166 53 elicitum
478 2232 124 53 circa
561 2232 111 53 tale
630 2232 111 53 quam
699 2232 124 53 ante:
782 2232 111 53 tunc
851 2232 97 53 est
893 2232 138 53 ponendus

301 2272 143 49 respectu
408 2272 131 49 illius.
504 2272 72 49 et
539 2272 119 49 quando
623 2272 95 49 non:
682 2272 83 49 non
730 2272 83 49 est
778 2272 155 49 ponendus.
897 2272 95 49 Unde
945 2272 83 49 sicut

298 2318 98 54 non
354 2318 126 54 omnis
438 2318 154 54 noticia
550 2318 196 54 incomplexa
703 2318 98 54 est
759 2318 196 54 generatiua
899 2318 126 54 habitus

306 2359 193 50 incomplexi:
461 2359 90 50 ita
512 2359 90 50 non
564 2359 116 50 omnis
641 2359 142 50 noticia
744 2359 155 50 complexa
860 2359 90 50 est
899 2359 129 50 generati

297 2407 84 48 ua
339 2407 155 48 habitus
452 2407 183 48 complexi.
592 2407 127 48 Uerbi
677 2407 155 48 gratia.
789 2407 169 48 cognitio
901 2407 127 48 intuiti

304 2449 82 61 ua
345 2449 151 61 ponendo
455 2449 124 61 illam
538 2449 110 61 viam
607 2449 165 61 superius
730 2449 137 61 dictam
827 2449 82 61 de
854 2449 165 61 cognitione

303 2492 169 64 intuitiua
433 2492 78 64 et
472 2492 208 64 abstractiua.
641 2492 104 64 quae
706 2492 117 64 simul
784 2492 117 64 sunt:
862 2492 91 64 non
914 2492 91 64 est
953 2492 78 64 gene

294 2533 134 59 ratiua
387 2533 147 59 habitus
494 2533 187 59 incomplexi
641 2533 93 59 cum
694 2533 120 59 tamen
774 2533 93 59 sit
828 2533 147 59 noticia
921 2533 107 59 incon-

303 2577 128 60 plexa:
393 2577 77 60 et
431 2577 90 60 hoc
483 2577 103 60 quia
547 2577 128 60 nullus
636 2577 167 60 experitur
765 2577 77 60 se
803 2577 115 60 magis
867 2577 154 60 inclinatum

296 2626 91 66 ad
341 2626 244 66 cognoscendum
540 2626 168 66 aliquid
661 2626 198 66 intuitiue
814 2626 122 66 post
875 2626 152 66 intuitio

1154 239 93 70 nem
1207 239 186 70 frequenter
1353 239 146 70 habitam
1459 239 106 70 quam
1526 239 120 70 ante:
1605 239 80 70 et
1645 239 120 70 eodem
1725 239 106 70 modo
1791 239 93 70 est
1831 239 53 70 de

1151 296 190 55 cognitione
1301 296 163 55 complexa
1423 296 95 55 qua
1478 296 136 55 iudico
1573 296 95 55 rem
1627 296 109 55 esse
1695 296 163 55 mediante
1804 296 68 55 co-

1151 341 152 50 gnitione
1266 341 165 50 intuitiua
1393 341 140 50 tanquam
1494 341 114 50 causa
1570 341 165 50 partiali:
1697 341 102 50 quia
1761 341 102 50 illa
1812 341 63 50 co-

1149 387 135 53 gnitio
1243 387 121 53 licet
1324 387 94 53 sit
1378 387 202 53 abstractiua
1540 387 121 53 sicut
1621 387 121 53 supra
1702 387 162 53 ostensum
1810 387 67 53 est

1153 432 73 50 et
1189 432 146 50 complexa
1299 432 146 50 noticia:
1408 432 109 50 tamen
1481 432 85 50 non
1529 432 85 50 est
1578 432 182 50 generatiua.
1723 432 73 50 et
1760 432 85 50 hoc
1796 432 73 50 quia

1151 472 143 50 nullus
1251 472 186 50 experitur
1394 472 86 50 se
1437 472 129 50 magis
1523 472 200 50 inclinatum
1680 472 86 50 ad
1708 472 172 50 iudicandum

1145 518 96 50 rem
1200 518 109 50 esse
1268 518 96 50 vel
1323 518 96 50 non
1378 518 109 50 esse
1446 518 164 50 mediante
1569 518 109 50 illa
1637 518 191 50 cognitione
1774 518 109 50 intui-

1153 559 111 61 tiua:
1227 559 99 61 post
1288 559 148 61 iudicium
1399 559 173 61 frequenter
1535 559 148 61 elicitum
1646 559 99 61 quod
1708 559 99 61 ante
1769 559 99 61 omne
1819 559 49 61 iu

1148 598 130 62 dicium:
1243 598 94 62 quia
1302 598 130 62 numquam
1396 598 118 62 potest
1479 598 83 62 sic
1526 598 177 62 intelligere
1667 598 83 62 rem
1715 598 94 62 esse
1774 598 83 62 vel
1809 598 59 62 non

1140 645 123 55 esse:
1222 645 110 55 nisi
1291 645 164 55 presente
1414 645 82 55 et
1455 645 178 55 existente
1592 645 192 55 cognitione
1729 645 137 55 intuiti-

1131 693 82 51 ua
1172 693 82 51 et
1214 693 137 51 habita
1310 693 110 51 illa
1378 693 82 51 et
1419 693 151 51 formato
1529 693 165 51 complexo
1653 693 110 51 modo
1721 693 123 51 dicto
1790 693 82 51 sta-

1139 736 98 48 tim
1195 736 209 48 intellectus
1362 736 140 48 potest
1460 736 168 48 iudicare
1586 736 84 48 et
1628 736 181 48 assentire
1767 736 84 48 et
1795 736 70 48 sem

1137 782 92 57 per
1189 782 105 57 eque
1255 782 183 57 faciliter.
1399 782 105 57 vnde
1464 782 79 57 in
1503 782 144 57 talibus
1608 782 170 57 habitibus
1739 782 79 57 ad
1765 782 105 57 viden-

1144 825 83 51 dum
1192 825 107 51 vtrum
1263 825 131 51 debeant
1358 825 107 51 poni:
1429 825 71 51 et
1465 825 131 51 quoniam
1560 825 83 51 sic
1608 825 71 51 et
1643 825 131 51 quoniam
1738 825 95 51 non:
1786 825 83 51 recur

1139 873 144 52 rendum
1239 873 101 52 est
1297 873 86 52 ad
1340 873 230 52 experientiam
1526 873 115 52 modo
1598 873 144 52 dicto.
1699 873 72 52 ⁋
1727 873 86 52 Ad
1770 873 129 52 aliud

1142 916 129 46 vtrum
1227 916 100 46 sit
1285 916 171 46 ponendus
1413 916 157 46 habitus
1527 916 86 46 in
1570 916 228 46 sensibilibus
1756 916 100 46 vel
1799 916 71 46 spe

1145 961 110 57 cies
1214 961 124 57 alias
1297 961 166 57 patebit.
1421 961 69 57 ⁋
1449 961 83 57 Ad
1490 961 124 57 aliud
1573 961 110 57 dico
1642 961 110 57 quod
1711 961 97 57 ita
1753 961 110 57 conclu

1144 999 86 59 dit
1193 999 123 59 contra
1279 999 148 59 ponentes
1390 999 136 59 species
1489 999 111 59 sicut
1563 999 123 59 contra
1649 999 86 59 me.
1698 999 99 59 Unde
1760 999 111 59 sicut
1822 999 49 59 ip

1129 1045 72 53 si
1165 1045 121 53 dicunt
1250 1045 97 53 quod
1310 1045 133 53 praeter
1406 1045 133 53 speciem
1503 1045 84 53 non
1551 1045 169 53 requiritur
1684 1045 109 53 motor
1744 1045 121 53 extrinse

1132 1090 89 52 cus
1183 1090 77 52 ad
1222 1090 115 52 actum
1298 1090 217 52 intelligendi:
1477 1090 89 52 ita
1528 1090 102 52 dico
1592 1090 89 52 ego
1643 1090 102 52 quod
1707 1090 140 52 praeter
1796 1090 64 52 ha-

1135 1132 125 63 bitum
1218 1132 97 63 non
1274 1132 194 63 requiritur
1426 1132 125 63 alius
1509 1132 125 63 motor
1592 1132 208 63 extrinsecus
1744 1132 125 63 tanquam

1129 1182 126 56 causa
1213 1182 182 56 partialis
1352 1182 168 56 respectu
1478 1182 126 56 actus
1562 1182 223 56 intelligendi
1743 1182 98 56 nec
1785 1182 84 56 fan-

1129 1218 137 59 tasma:
1225 1218 96 59 nec
1280 1218 151 59 aliquid
1390 1218 82 59 in
1431 1218 137 59 sensu.
1528 1218 82 59 et
1569 1218 96 59 hoc
1624 1218 82 59 in
1665 1218 192 59 cognitione
1802 1218 69 59 ab-

1133 1266 168 57 stractiua
1262 1266 116 57 licet
1340 1266 116 57 forte
1418 1266 91 57 sit
1469 1266 168 57 oppositum
1599 1266 78 57 in
1637 1266 181 57 cognitione
1767 1266 103 57 intui-

1136 1309 128 51 tiua.
1221 1309 85 51 et
1263 1309 113 51 ideo
1334 1309 128 51 nulla
1419 1309 128 51 talis
1505 1309 184 51 conuersio
1646 1309 85 51 ad
1689 1309 170 51 fantasma
1802 1309 57 51 re

1138 1359 149 51 quiritur
1250 1359 137 51 tanquam
1349 1359 112 51 causa
1424 1359 174 51 partialis.
1561 1359 75 51 In
1598 1359 174 51 cognitione
1735 1359 112 51 tamen
1810 1359 75 51 ad

1130 1395 92 57 hoc
1182 1395 105 57 quod
1248 1395 144 57 aliquis
1353 1395 92 57 sit
1406 1395 79 57 in
1445 1395 158 57 potentia
1563 1395 197 57 accidentali
1721 1395 79 57 ad
1747 1395 118 57 intelli

1125 1447 153 57 gendum
1232 1447 214 57 requiritur
1399 1447 153 57 debita
1506 1447 198 57 complexio
1659 1447 76 57 a
1674 1447 183 57 dispositio

1142 1491 136 50 corporis
1244 1491 68 50 et
1278 1491 113 50 omnium
1357 1491 147 50 virtutum.
1470 1491 68 50 et
1505 1491 79 50 per
1550 1491 159 50 consequens
1675 1491 147 50 fantasie.
1788 1491 68 50 et
1811 1491 45 50 si

1126 1532 96 50 non
1181 1532 138 50 habeat
1278 1532 124 50 talem
1360 1532 234 50 dispositionem
1553 1532 96 50 non
1608 1532 138 50 potest
1690 1532 165 50 intellige-

1133 1573 88 61 re:
1184 1573 75 61 vt
1221 1573 113 61 patet
1297 1573 75 61 in
1334 1573 126 61 pueris
1422 1573 75 61 et
1460 1573 75 61 in
1498 1573 163 61 furiosis.
1623 1573 75 61 et
1661 1573 100 61 ideo
1724 1573 88 61 sic
1774 1573 75 61 ad
1799 1573 63 61 in-

1134 1623 211 49 tellectionem
1305 1623 185 49 requiritur
1450 1623 158 49 fantasma
1569 1623 79 49 et
1608 1623 132 49 aliter
1701 1623 105 49 non.
1767 1623 79 49 et
1793 1623 66 49 for

1120 1665 82 59 te
1161 1665 137 59 aliqua
1257 1665 178 59 complexio
1395 1665 192 59 corporalis
1546 1665 137 59 potest
1642 1665 110 59 esse
1710 1665 123 59 causa
1779 1665 82 59 par-

1129 1711 145 51 tialis
1231 1711 131 51 actus
1318 1711 232 51 intelligendi
1507 1711 102 51 qua
1565 1711 203 51 necessario
1711 1711 145 51 requiri-

1124 1755 115 51 tur
1189 1755 82 51 ⁋
1222 1755 98 51 Ad
1271 1755 196 51 rationes
1418 1755 213 51 opinionis
1582 1755 164 51 prime.
1696 1755 98 51 Ad
1729 1755 131 51 primam

1121 1792 103 61 dico
1186 1792 103 61 quod
1250 1792 116 61 primo
1327 1792 116 61 dicit
1404 1792 103 61 quod
1469 1792 116 61 illud
1546 1792 90 61 per
1598 1792 103 61 quod
1662 1792 180 61 inellectus
1791 1792 64 61 in-

1132 1836 179 61 telligit
1267 1836 105 61 est
1326 1836 134 61 forma
1416 1836 194 61 inherens:
1565 1836 90 61 et
1610 1836 120 61 post
1685 1836 134 61 dicit
1759 1836 105 61 oppo-

1135 1877 120 61 situm:
1219 1877 96 61 quia
1279 1877 108 61 dicit
1352 1877 96 61 quod
1412 1877 84 61 non
1460 1877 144 61 refertur
1568 1877 72 61 ad
1604 1877 84 61 hoc
1652 1877 96 61 quod
1713 1877 132 61 aliquid
1797 1877 60 61 sit

1123 1924 209 63 principium
1287 1924 194 63 actionis:
1436 1924 134 63 vtrum
1526 1924 104 63 sit
1586 1924 179 63 inherens
1720 1924 104 63 vel
1765 1924 90 63 sub-

1128 1971 178 55 sistens.
1261 1971 192 55 Similiter
1409 1971 104 55 per
1468 1971 104 55 eum
1528 1971 178 55 essentia
1661 1971 148 55 diuina
1749 1971 104 55 intel

1132 2016 134 50 ligitur
1230 2016 86 50 per
1278 2016 122 50 seipam
1364 2016 86 50 non
1413 2016 86 50 per
1462 2016 147 50 speciem:
1572 2016 73 50 et
1609 2016 110 50 tamen
1682 2016 147 50 essentia
1780 2016 73 50 diui

1123 2065 92 59 na
1169 2065 107 59 non
1230 2065 107 59 est
1291 2065 138 59 forma
1383 2065 184 59 inherens
1522 2065 245 59 intellectui.
1721 2065 123 59 Ideo
1782 2065 77 59 di-

1130 2108 81 45 co
1170 2108 107 45 quod
1237 2108 188 45 argumentum
1385 2108 94 45 non
1439 2108 134 45 valet:
1533 2108 107 45 quia
1600 2108 121 45 illud
1680 2108 94 45 quo
1721 2108 134 45 intelli-

1119 2148 91 62 git
1171 2148 195 62 intellectus
1327 2148 143 62 tanquam
1431 2148 117 62 causa
1508 2148 156 62 partiali
1625 2148 130 62 potest
1716 2148 104 62 esse
1768 2148 91 62 subsi

1118 2183 139 71 stens:
1215 2183 111 71 puta
1285 2183 83 71 in
1326 2183 236 71 intellectione
1521 2183 181 71 sustantie
1660 2183 194 71 intuitiua.
1798 2183 56 71 et

1131 2235 150 61 potest
1236 2235 120 61 esse
1311 2235 180 61 inherens
1446 2235 165 61 alteri:
1565 2235 105 61 non
1625 2235 135 61 tamen
1700 2235 150 61 intelle-

1121 2285 140 44 ctui:
1215 2285 93 44 vt
1262 2285 140 44 patet
1355 2285 93 44 in
1402 2285 218 44 cognitione
1573 2285 202 44 intuitiua
1713 2285 140 44 albedi-

1115 2326 116 63 nis:
1187 2326 87 63 et
1230 2326 145 63 potest
1332 2326 116 63 esse
1404 2326 174 63 inherens
1534 2326 232 63 intellectui:
1723 2326 87 63 et
1752 2326 101 63 tamen

1122 2372 103 57 non
1181 2372 161 57 species
1298 2372 103 57 sed
1357 2372 176 57 habitus:
1489 2372 117 57 ideo
1562 2372 132 57 ratio
1650 2372 132 57 nihil
1724 2372 117 57 valet.

1126 2409 77 61 ⁋
1156 2409 93 61 Ad
1203 2409 139 61 aliud
1295 2409 123 61 dico
1373 2409 123 61 quod
1450 2409 93 61 ad
1496 2409 232 61 cognitionem
1666 2409 185 61 intuitiuam

1120 2463 148 53 angeli
1224 2463 178 53 sufficit
1357 2463 178 53 obiectum
1491 2463 89 53 et
1535 2463 89 53 ad
1579 2463 237 53 abstractivam
1757 2463 89 53 suf-

1122 2501 132 54 ficit
1211 2501 177 54 habitus:
1343 2501 88 54 et
1387 2501 103 54 per
1446 2501 132 54 illam
1534 2501 147 54 potest
1637 2501 132 54 omnia
1711 2501 132 54 intelli

1107 2556 119 48 gere
1181 2556 119 48 sine
1255 2556 148 48 aliqua
1359 2556 163 48 specie.
1478 2556 74 48 ⁋
1507 2556 89 48 Ad
1552 2556 133 48 aliud
1641 2556 119 48 dico
1715 2556 119 48 quod
1774 2556 74 48 non

1116 2598 205 44 requiritur
1278 2598 117 44 ante
1351 2598 132 44 actum
1439 2598 235 44 intelligendi
1630 2598 147 44 aliqua
1718 2598 132 44 assimi-

1111 2631 111 75 latio
1185 2631 123 75 preuia
1271 2631 99 75 quae
1332 2631 86 75 sit
1382 2631 86 75 per
1431 2631 148 75 speciem:
1542 2631 86 75 sed
1591 2631 148 75 sufficit
1690 2631 160 75 assimilatio
