2306 3075
424 237 100 79 quae
486 237 87 79 sit
536 237 87 79 per
586 237 112 79 actum
660 237 199 79 intelligendi
822 237 100 79 quae
885 237 87 79 est
935 237 175 79 similitudo
1072 237 87 79 rei
1109 237 50 79 co

441 286 116 70 gnite:
522 286 93 70 quia
580 286 139 70 secundum
684 286 162 70 augustinum
812 286 116 70 quanto
893 286 69 70 de
928 286 150 70 trinitate
1043 286 116 70 quando
1113 286 46 70 a-

431 325 117 73 liquid
513 325 187 73 intelligitur
665 325 70 73 vt
701 325 82 73 est
747 325 70 73 in
782 325 82 73 se:
829 325 94 73 tunc
888 325 164 73 intellecto
1017 325 82 73 est
1052 325 105 73 similis

432 375 91 68 rei:
488 375 68 68 et
522 375 79 68 non
567 375 158 68 requiritur
692 375 124 68 praeter
783 375 204 68 intellectionem
952 375 113 68 aliqua
1020 375 136 68 similitudo

444 416 59 70 ⁋
468 416 71 70 Ad
503 416 106 70 aliud
574 416 94 70 dico
633 416 94 70 quod
692 416 141 70 secundum
798 416 82 70 eum
845 416 94 70 illa
904 416 94 70 quae
963 416 153 70 causantur
1081 416 71 70 ab
1104 416 59 70 eo-

429 456 99 80 dem
486 456 142 80 agente
585 456 241 80 assimilantur.
783 456 113 80 Nunc
854 456 99 80 aut
911 456 156 80 esentia
1024 456 142 80 angeli
1109 456 57 80 et

428 505 94 73 res
481 505 107 73 quam
548 505 188 73 intelligit
696 505 175 73 causantur
831 505 81 73 ab
871 505 121 73 eodem
951 505 148 73 agente.
1059 505 107 73 quia
1113 505 40 73 a

430 553 104 67 deo.
495 553 104 67 ergo
560 553 222 67 assimilantur.
743 553 104 67 ergo
809 553 144 67 angelus
913 553 91 67 per
965 553 170 67 essentiam
1083 553 78 67 suam

434 598 101 75 aliis
501 598 180 75 assimilatur.
647 598 56 75 ⁋
669 598 67 75 Si
703 598 112 75 dicas.
782 598 90 75 quod
838 598 79 75 per
883 598 90 75 idem
939 598 79 75 non
984 598 112 75 potest
1051 598 101 75 aliquid

435 638 162 68 assimilari
563 638 139 68 diuersis
667 638 139 68 seclitum
771 638 93 68 est.
829 638 93 68 quia
886 638 93 68 deus
944 638 81 68 per
991 638 150 68 essentiam
1095 638 69 68 suam

431 682 218 73 simplicissimam
612 682 181 73 assimilatur
757 682 133 73 omnibus
854 682 97 73 quae
914 682 169 73 intelligit
1047 682 109 73 extra
1108 682 60 73 se.

441 734 69 68 ⁋
469 734 82 68 Ad
510 734 124 68 aliud
592 734 110 68 dico
661 734 110 68 quod
730 734 82 68 si
771 734 110 68 bene
840 734 192 68 procederet
977 734 179 68 concluderet

439 771 101 74 quod
503 771 139 74 species
604 771 76 74 si
641 771 164 74 poneretur
768 771 114 74 esset
844 771 152 74 nobilior
957 771 126 74 angelo
1033 771 139 74 superiori

439 818 78 66 si
478 818 144 66 angelus
583 818 157 66 inferior
700 818 183 66 intelligat
844 818 183 66 superiore:
988 818 78 66 et
1027 818 131 66 angelo
1106 818 65 66 in-

438 861 170 73 telligente:
574 861 113 73 quorum
653 861 136 73 vtrumque
755 861 113 73 filtum
835 861 91 73 est.
891 861 91 73 quia
948 861 125 73 species
1039 861 102 73 esset
1096 861 79 73 perfe

434 917 102 62 ctio
498 917 203 62 accidentalis
663 917 76 62 si
701 917 127 62 esset.
790 917 76 62 Et
828 917 114 62 eodem
905 917 102 62 modo
968 917 89 62 est
1019 917 76 62 de
1045 917 114 62 habitu-

446 956 87 70 qui
495 956 87 70 est
545 956 161 70 perfectio
668 956 210 70 accidentalis.
841 956 74 70 et
879 956 87 70 est
928 956 173 70 principium
1052 956 111 70 partia-

434 992 83 75 le
476 992 167 75 respectu
601 992 125 75 actus
684 992 222 75 intelligendi
865 992 194 75 essentiam.
1017 992 69 75 ⁋
1045 992 83 75 Ad
1073 992 97 75 aliud

437 1038 98 74 dico
498 1038 98 74 quod
560 1038 111 74 nulla
633 1038 111 74 forma
707 1038 86 74 est
756 1038 111 74 intra
830 1038 184 74 intellectum
978 1038 98 74 quae
1039 1038 86 74 sit
1076 1038 86 74 prin-

440 1080 139 72 cipium
537 1080 97 72 quo
593 1080 208 72 intellectus
759 1080 208 72 intelligat:
925 1080 97 72 sed
981 1080 111 72 bene
1050 1080 97 72 est
1092 1080 69 72 ali

428 1126 105 76 qua
488 1126 135 76 forma
578 1126 90 76 in
623 1126 105 76 eo.
683 1126 120 76 puta
758 1126 165 76 habitus
878 1126 105 76 qui
938 1126 105 76 est
983 1126 180 76 principium

438 1170 163 81 partiale
561 1170 95 81 quo
615 1170 204 81 intellectus
778 1170 204 81 intelligit.
941 1170 68 81 ⁋
968 1170 81 81 Ad
995 1170 163 81 commentato

431 1225 93 68 rem
484 1225 106 68 dico
550 1225 106 68 quod
617 1225 93 68 non
670 1225 186 68 intelligit
816 1225 106 68 quod
883 1225 80 68 in
923 1225 133 68 motore
1002 1225 160 68 intellecto

434 1268 89 66 sit
485 1268 128 66 aliqua
575 1268 192 66 distinctio:
728 1268 77 66 et
766 1268 102 66 quod
830 1268 115 66 aliud
907 1268 204 66 intelligatur
1073 1268 77 66 ab
1098 1268 64 66 vno

448 1312 140 62 motore:
550 1312 76 62 et
588 1312 114 62 aliud
664 1312 76 62 ab
702 1312 114 62 alio.
778 1312 89 62 sed
829 1312 102 62 quod
892 1312 114 62 aliud
969 1312 152 62 prouenit
1083 1312 63 62 a
1096 1312 63 62 mon

440 1346 118 78 tore
514 1346 132 78 primo
602 1346 88 78 in
646 1346 103 78 vno
705 1346 162 78 motore:
823 1346 88 78 et
867 1346 132 78 aliud
955 1346 88 78 in
999 1346 132 78 alio.
1088 1346 74 78 ⁋
1117 1346 88 78 Ad

441 1403 122 57 aliud
523 1403 108 57 dico
590 1403 108 57 quod
658 1403 162 57 essentia
780 1403 135 57 angeli
874 1403 95 57 non
928 1403 162 57 sufficit
1050 1403 81 57 ad
1077 1403 95 57 cogno

442 1437 146 68 scendum
548 1437 106 68 alia
614 1437 66 68 a
640 1437 93 68 se.
693 1437 106 68 quia
759 1437 79 68 in
799 1437 185 68 cognitione
945 1437 172 68 intuitiua
1064 1437 119 68 concur-

440 1490 97 69 runt
501 1490 158 69 opposita:
623 1490 110 69 sicut
696 1490 122 69 causae
781 1490 158 69 partiales
903 1490 73 69 et
939 1490 146 69 rationes
1037 1490 134 69 distincte

449 1525 196 72 cognoscendi.
608 1525 110 72 tamen
681 1525 98 72 bene
742 1525 171 72 intelligit
876 1525 86 72 per
925 1525 159 72 essentiam
1048 1525 98 72 suam
1096 1525 86 72 sicut

453 1571 74 75 per
496 1571 106 75 causam
570 1571 138 75 partialem
676 1571 95 75 omnia
740 1571 85 75 alia
793 1571 74 75 per
835 1571 159 75 intellectum
962 1571 85 75 suum
1015 1571 74 75 qui
1057 1571 95 75 nullo
1110 1571 64 75 modo

458 1613 203 70 distinguitur
623 1613 76 70 ab
661 1613 152 70 essentia
775 1613 63 70 ⁋
801 1613 76 70 Ad
839 1613 114 70 aliud
915 1613 114 70 patet
991 1613 101 70 quid
1054 1613 89 70 sit
1092 1613 89 70 dicen

455 1658 94 75 dum
508 1658 94 75 per
562 1658 189 75 solutionem
711 1658 81 75 ad
751 1658 162 75 tertium.
873 1658 67 75 ⁋
900 1658 81 75 Ad
940 1658 175 75 argumenta
1062 1658 121 75 secunde

465 1708 190 67 istionis.
612 1708 117 67 Dico
685 1708 88 67 ad
729 1708 146 67 primum
831 1708 117 67 quod
904 1708 132 67 maior
977 1708 205 67 propinquitas

458 1748 98 73 vel
514 1748 127 73 minor
599 1748 84 73 ad
641 1748 112 73 deum
711 1748 98 73 non
767 1748 141 73 arguit
866 1748 112 73 quod
936 1748 211 73 paucioribus
1091 1748 98 73 indi-

449 1796 124 68 geat
526 1796 93 68 in
572 1796 232 68 cognoscendo
757 1796 108 68 nec
819 1796 93 68 in
866 1796 216 68 cognitione
1020 1796 170 68 intuitiua

454 1838 99 62 nec
511 1838 227 62 abstractiua.
695 1838 99 62 sed
752 1838 142 62 arguit
851 1838 114 62 quod
922 1838 142 62 natura
1007 1838 185 62 propinquior

446 1881 102 68 deo
505 1881 87 68 in
548 1881 174 68 entitate
679 1881 174 68 respectu
809 1881 131 68 vnius
897 1881 87 68 et
940 1881 160 68 eiusdem
1042 1881 145 68 obiectum

455 1934 132 61 habet
543 1934 234 61 perfectiorem
734 1934 264 61 cognitionequam
954 1934 147 61 natura
1041 1934 147 61 remotior

467 1967 102 75 qui
526 1967 131 75 habet
613 1967 218 75 perfectiore
787 1967 203 75 intellectu
946 1967 102 75 que
1004 1967 102 75 non
1062 1967 102 75 est
1106 1967 87 75 prin

457 2010 140 73 cipalis
559 2010 128 73 causa:
649 2010 89 73 sed
700 2010 166 73 partialis
827 2010 153 73 respectu
942 2010 115 73 actus
1006 2010 179 73 intelligendi

463 2054 75 76 Et
501 2054 125 76 quando
589 2054 113 76 dicit
664 2054 100 76 quod
727 2054 100 76 puer
790 2054 88 76 non
840 2054 125 76 potest
928 2054 188 76 intelligere
1078 2054 100 76 sine
1128 2054 63 76 ma-

472 2098 95 76 gna
527 2098 216 76 explicatione
702 2098 122 76 illud
784 2098 108 76 quod
851 2098 122 76 alius
932 2098 122 76 stati
1014 2098 176 76 concipit.
1135 2098 68 76 hoc

475 2140 98 71 non
531 2140 139 71 arguit
628 2140 112 71 quod
698 2140 112 71 puer
768 2140 167 71 pluribus
893 2140 167 71 indigeat
1019 2140 84 71 in
1047 2140 153 71 acquiren-

465 2186 74 72 do
502 2186 161 72 scientiam
625 2186 99 72 quam
687 2186 124 72 alius.
774 2186 87 72 sed
823 2186 87 72 vel
873 2186 124 72 arguit
959 2186 99 72 quod
1021 2186 111 72 multi
1083 2186 111 72 habitus

471 2231 228 74 acquiruntur
653 2231 121 74 seni
729 2231 106 74 qui
789 2231 137 74 puero
880 2231 106 74 non
941 2231 243 74 acquiruntur.
1123 2231 76 74 vel

481 2282 140 61 arguit
579 2282 182 61 bonitatem
719 2282 224 61 complexionis
901 2282 84 61 in
943 2282 112 61 isto
1013 2282 112 61 plus
1083 2282 112 61 quam
1139 2282 56 61 in

473 2332 120 59 alio.
553 2332 80 59 et
593 2332 107 59 ideo
660 2332 80 59 ex
700 2332 93 59 vno
753 2332 174 59 principio
887 2332 134 59 habito
980 2332 134 59 potest
1073 2332 107 59 vnus
1127 2332 80 59 plu-

477 2363 85 75 res
526 2363 195 75 conclusiones
684 2363 183 75 inuestigare
831 2363 98 75 quam
892 2363 122 75 alius.
977 2363 73 75 et
1014 2363 98 75 quod
1063 2363 146 75 perfectior

479 2415 146 62 natura
582 2415 102 62 non
640 2415 146 62 arguit
743 2415 190 62 paucitate
889 2415 176 62 rationum
1006 2415 205 62 cognoscendi.

480 2450 125 79 patet
563 2450 83 79 in
605 2450 153 79 exemplo
716 2450 194 79 manifesto.
868 2450 97 79 Nam
924 2450 111 79 homo
993 2450 97 79 est
1049 2450 111 79 quid
1104 2450 111 79 perfe-

482 2496 121 72 ctius
562 2496 121 72 igne.
643 2496 81 72 et
683 2496 121 72 tamen
764 2496 161 72 pluribus
885 2496 148 72 indiget
993 2496 81 72 ad
1033 2496 148 72 agendum
1127 2496 81 72 quam

489 2539 137 80 ignis.
585 2539 82 80 Et
626 2539 137 80 quando
722 2539 151 80 dicitur
832 2539 82 80 de
873 2539 246 80 architectonica
1078 2539 110 80 etc.
1133 2539 82 80 Dico

489 2592 94 68 quod
548 2592 176 68 paucioribus
689 2592 129 68 indiget
783 2592 94 68 quam
841 2592 141 68 scientia
947 2592 153 68 inferior.
1064 2592 94 68 quia
1123 2592 82 68 non
1158 2592 59 68 re-

491 2626 122 91 spicit
576 2626 97 91 illa
637 2626 97 91 quae
698 2626 146 91 respicit
808 2626 146 91 scientia
917 2626 158 91 inferior:
1039 2626 85 91 nec
1076 2626 146 91 considerat

1242 195 70 85 de
1277 195 117 85 illis.
1360 195 59 85 ⁋
1383 195 70 85 Ad
1418 195 141 85 rationes
1524 195 94 85 ioh.
1583 195 106 85 prima
1653 195 200 85 multipliciter
1817 195 141 85 desicit.
1911 195 59 85 Pri

1237 255 65 74 mo
1270 255 86 74 enim
1324 255 97 74 illud
1388 255 86 74 quod
1443 255 119 74 assumit
1529 255 76 74 est
1572 255 108 74 dubium
1648 255 130 74 scilicet
1745 255 86 74 quod
1799 255 151 74 vniversale
1907 255 65 74 etc.

1249 305 107 75 Quia
1315 305 120 75 quero
1395 305 107 75 quid
1462 305 186 75 intelligit
1608 305 93 75 per
1661 305 200 75 vniversale:
1821 305 93 75 aut
1861 305 120 75 specien

1243 348 98 65 aut
1299 348 154 65 aliquid
1411 348 126 65 extra
1495 348 154 65 animam:
1607 348 98 65 aut
1664 348 154 65 aliquid
1776 348 84 65 in
1818 348 140 65 anima:
1902 348 70 65 aut

1251 402 152 55 aliquid
1362 402 194 55 compositum
1514 402 83 55 ex
1556 402 111 55 hiis
1625 402 97 55 non
1680 402 125 55 primo
1763 402 125 55 modo.
1846 402 97 55 Tum
1888 402 83 55 quia

1256 437 95 69 tunc
1315 437 130 69 peteret
1410 437 95 69 quod
1469 437 142 69 intendit
1575 437 130 69 probare
1670 437 95 69 quod
1729 437 130 69 species
1823 437 83 69 sit
1859 437 118 69 praesens

1255 481 169 67 intellectui
1390 481 79 67 per
1435 481 79 67 hoc
1479 481 90 67 quod
1536 481 157 67 vniversale
1659 481 79 67 est
1704 481 135 67 praesens
1805 481 180 67 intellectui.
1940 481 45 67 si

1253 527 112 62 tunc
1323 527 98 62 per
1379 527 196 62 vniuersale
1533 527 196 62 intelligat
1687 527 168 62 speciem.
1813 527 112 62 ergo
1869 527 112 62 probet

1265 571 93 72 quod
1323 571 128 72 species
1416 571 81 72 est
1463 571 151 72 praesens:
1579 571 70 72 et
1613 571 81 72 hoc
1660 571 151 72 supponit.
1776 571 81 72 Tum
1822 571 93 72 quia
1880 571 93 72 tunc
1927 571 46 72 di

1255 615 93 67 ceret
1317 615 83 67 quod
1368 615 145 67 vniversale
1482 615 93 67 esset
1544 615 124 67 praesens
1637 615 72 67 per
1678 615 155 67 vniversale.
1802 615 72 67 Nec
1843 615 114 67 secundo
1926 615 83 67 modo

1265 655 101 76 quia
1329 655 114 76 sicut
1405 655 190 76 impossibile
1557 655 89 76 est
1608 655 101 76 quod
1671 655 139 76 aliquid
1772 655 127 76 omnino
1849 655 139 76 indistin-

1262 700 108 67 ctum
1329 700 203 67 representet
1491 700 149 67 aliquid
1599 700 95 67 sub
1653 700 189 67 distinctis
1802 700 81 67 et
1829 700 149 67 oppositum

1253 747 175 67 rationibus.
1393 747 82 67 ita
1440 747 175 67 impossibile
1580 747 82 67 est
1627 747 93 67 quod
1685 747 128 67 aliquid
1779 747 128 67 existat
1872 747 82 67 sub
1907 747 70 67 oper

1269 799 120 55 positis
1357 799 164 55 rationibus.
1488 799 77 55 sed
1532 799 77 55 per
1575 799 77 55 eum
1619 799 186 55 repraesentare
1772 799 153 55 vniversale
1892 799 77 55 sub
1925 799 44 55 re

1281 841 69 58 et
1315 841 172 58 vniversalis
1452 841 69 58 et
1486 841 194 58 repraesentare
1646 841 80 58 sub
1692 841 126 58 ratione
1784 841 183 58 particularis
1921 841 57 58 non

1260 878 199 68 conueniunt
1416 878 100 68 vni
1473 878 171 68 speciei.
1601 878 114 68 quia
1672 878 213 68 opponuntur.
1843 878 114 68 ergo
1900 878 85 68 esse

1261 935 128 55 realiter
1357 935 150 55 vniversale
1475 935 64 55 et
1507 935 160 55 particulare
1635 935 75 55 non
1678 935 118 55 possunt
1764 935 139 55 conuenire
1870 935 96 55 eidem
1924 935 64 55 rea-

1259 970 133 63 liter.
1352 970 107 63 quia
1419 970 93 63 non
1472 970 120 63 minus
1552 970 173 63 opponutur
1685 970 80 63 in
1725 970 147 63 essendo
1831 970 107 63 quam
1898 970 80 63 in
1925 970 53 63 re

1276 1014 201 59 resentando.
1437 1014 107 59 quia
1504 1014 175 59 singulare
1638 1014 67 59 a
1665 1014 121 59 parte
1745 1014 94 59 rei
1799 1014 94 59 est
1839 1014 148 59 determina

1250 1058 94 58 tum
1303 1058 80 58 ad
1343 1058 121 58 vnum:
1424 1058 188 58 vniversale
1571 1058 94 58 non
1625 1058 94 58 est
1679 1058 214 58 determinatum
1853 1058 80 58 ad
1880 1058 80 58 vnum

1262 1099 86 65 est
1311 1099 185 65 indifferens
1459 1099 74 65 ad
1495 1099 123 65 multa.
1582 1099 86 65 cum
1631 1099 98 65 ergo
1692 1099 148 65 secundum
1803 1099 111 65 omnes
1877 1099 74 65 in
1914 1099 74 65 re
1938 1099 62 65 ex-

1255 1145 77 74 tra
1299 1145 77 74 est
1343 1145 155 74 singulare.
1465 1145 166 74 impossibile
1598 1145 77 74 est
1642 1145 88 74 quod
1697 1145 66 74 in
1731 1145 66 74 re
1764 1145 77 74 sit
1808 1145 155 74 vniversale
1919 1145 66 74 idem

1258 1191 196 68 singulari.
1412 1191 98 68 Nec
1468 1191 140 68 tertio
1566 1191 126 68 modo.
1649 1191 112 68 quia
1719 1191 126 68 illud
1803 1191 112 68 quod
1873 1191 98 68 est
1915 1191 70 68 sic

1264 1233 86 66 in
1307 1233 129 66 anima
1393 1233 172 66 sequitur
1522 1233 129 66 actum
1608 1233 230 66 intelligendi
1795 1233 101 66 per
1852 1233 115 66 eum.
1924 1233 101 66 sed

1263 1278 236 64 vniuersale
1449 1278 219 64 precedit.
1617 1278 152 64 ergo.
1718 1278 118 64 Nec
1786 1278 169 64 quarto
1887 1278 101 64 modo

1273 1317 91 77 qui
1325 1317 104 77 tunc
1390 1317 143 77 quantum
1495 1317 78 77 ad
1534 1317 117 77 illud
1612 1317 104 77 quod
1677 1317 91 77 est
1729 1317 183 77 compositum
1873 1317 78 77 ex
1899 1317 104 77 aliquo

1270 1366 166 68 existente
1398 1366 76 68 in
1436 1366 127 68 anima:
1525 1366 153 68 sequitur
1640 1366 115 68 actum
1716 1366 204 68 intelligendi
1881 1366 102 68 quod
1932 1366 64 68 est

1267 1414 131 60 contra
1359 1414 105 60 eum.
1424 1414 79 60 et
1463 1414 144 60 quantum
1568 1414 79 60 ad
1607 1414 118 60 aliud
1686 1414 92 60 non
1738 1414 144 60 possunt
1843 1414 105 60 sibi
1895 1414 105 60 compe-

1268 1451 92 72 tere
1326 1451 150 72 distincte
1441 1451 138 72 rationes
1545 1451 69 72 et
1580 1451 150 72 opposite.
1695 1451 92 72 Item
1753 1451 81 72 sua
1799 1451 185 72 consequentia
1937 1451 58 72 non

1279 1496 92 68 valet
1340 1496 154 68 intellectus
1463 1496 102 68 potest
1535 1496 102 68 habere
1607 1496 123 68 obiectum
1699 1496 133 68 praesens:
1801 1496 82 68 ergo
1853 1496 92 68 habet
1904 1496 92 68 speciem

1271 1555 237 55 intelligibilem.
1470 1555 162 55 probatur:
1595 1555 100 55 quia
1657 1555 87 55 aut
1707 1555 175 55 intelligit
1844 1555 87 55 per
1881 1555 125 55 obiectum

1281 1586 136 75 praesens
1383 1586 125 75 aliquid
1474 1586 114 75 fictum
1553 1586 68 75 et
1587 1586 80 75 ens
1633 1586 148 75 rationis:
1747 1586 80 75 aut
1792 1586 80 75 ens
1838 1586 114 75 reale.
1917 1586 68 75 si
1940 1586 68 75 pri-

1273 1630 80 67 mo
1313 1630 121 67 modo:
1393 1630 107 67 tunc
1460 1630 94 67 non
1514 1630 147 67 oportet
1621 1630 147 67 propter
1728 1630 107 67 tale
1795 1630 161 67 obiectum
1902 1630 107 67 ponere

1274 1674 163 67 aliquam
1393 1674 163 67 speciem
1512 1674 149 67 preuia
1616 1674 208 67 cognitione
1764 1674 238 67 representantem

1276 1718 92 67 qui
1328 1718 118 67 illud
1407 1718 92 67 ens
1459 1718 118 67 reale
1538 1718 157 67 causatur
1656 1718 92 67 per
1708 1718 118 67 actum
1787 1718 223 67 intelligendi.
1958 1718 52 67 si

1286 1766 114 61 secundo
1368 1766 93 61 modo:
1431 1766 83 61 tunc
1482 1766 83 61 sine
1534 1766 83 61 omni
1586 1766 104 61 specie
1658 1766 72 61 per
1700 1766 114 61 seipsum
1783 1766 104 61 potest
1855 1766 83 61 esse
1896 1766 104 61 praesens

1286 1806 75 63 in
1324 1806 138 63 ratione
1425 1806 138 63 obiecti
1525 1806 201 63 intellectui:
1689 1806 113 63 sicut
1764 1806 88 63 est
1815 1806 151 63 praesens
1915 1806 101 63 sensui

1279 1855 109 59 sine
1347 1855 109 59 omni
1416 1855 150 59 specie:
1525 1855 123 59 sicut
1606 1855 123 59 supra
1688 1855 136 59 dictum
1783 1855 109 59 est.
1838 1855 177 59 Confirmatur

1271 1894 89 69 nam
1322 1894 152 69 secundum
1436 1894 89 69 eum
1487 1894 114 69 motum
1564 1894 76 69 et
1602 1894 127 69 mobile
1691 1894 114 69 causa
1767 1894 76 69 et
1805 1894 152 69 effectus
1907 1894 114 69 possunt

1284 1935 183 70 distingui
1425 1935 113 70 loco
1495 1935 84 70 et
1537 1935 127 70 situ.
1622 1935 197 70 vniuersale
1777 1935 127 70 autem
1861 1935 99 70 est
1903 1935 113 70 mouens

1291 1984 206 62 intellectus
1456 1984 110 62 vero
1525 1984 96 62 est
1580 1984 151 62 mobile.
1690 1984 110 62 ergo
1759 1984 96 62 non
1814 1984 165 62 obstante
1924 1984 82 62 quod

1295 2026 210 67 intellectus
1463 2026 168 67 existens
1589 2026 126 67 extra
1673 2026 140 67 animam
1771 2026 140 67 distet
1869 2026 84 67 ab
1897 2026 126 67 intelle

1288 2072 113 72 ctu:
1359 2072 212 72 nihilominus
1529 2072 142 72 potest
1628 2072 156 72 causare
1741 2072 255 72 intellectionem
1939 2072 71 72 pa-

1291 2116 174 64 tialiter
1422 2116 116 64 sine
1495 2116 116 64 omni
1568 2116 232 64 speciemedia.
1756 2116 87 64 Ad
1800 2116 145 64 primam
1887 2116 131 64 probati

1292 2163 101 61 onem
1355 2163 114 61 conse
1431 2163 139 61 quentie
1532 2163 126 61 quaero
1620 2163 88 61 quo
1671 2163 177 61 intelligit
1810 2163 101 61 quod
1873 2163 139 61 species
1961 2163 63 61 sen

1296 2206 157 62 sibilis
1410 2206 114 62 siue
1481 2206 200 62 fantastica
1638 2206 228 62 repraesentat
1824 2206 186 62 singulare
1953 2206 71 62 sub

1297 2250 134 61 ratione
1394 2250 183 61 singularis:
1541 2250 85 61 aut
1590 2250 171 61 intelligit
1724 2250 98 61 quod
1785 2250 195 61 repraesentat
1932 2250 85 61 diffe

1301 2293 153 62 rentiam
1412 2293 222 62 indiuidualem
1593 2293 97 62 aut
1649 2293 209 62 quidditatem
1815 2293 97 62 aut
1857 2293 167 62 compositum

1292 2347 81 68 ex
1332 2347 108 68 his:
1399 2347 108 68 quia
1467 2347 121 68 plura
1548 2347 94 68 non
1602 2347 162 68 ponuntur
1723 2347 81 68 in
1763 2347 189 68 singulari.
1912 2347 94 68 Non
1952 2347 81 68 pri-

1297 2377 67 68 mo
1330 2377 100 68 modo.
1397 2377 78 68 Tum
1441 2377 89 68 quia
1497 2377 100 68 illud
1564 2377 89 68 quod
1619 2377 200 68 repraesentatur
1786 2377 78 68 per
1831 2377 122 68 speciem
1920 2377 78 68 est
1953 2377 78 68 ratio

1300 2429 110 63 agendi
1377 2429 131 63 secundum
1475 2429 88 63 eum.
1530 2429 77 63 Tum
1574 2429 88 63 quia
1629 2429 99 63 illud
1694 2429 88 63 quod
1749 2429 99 63 primo
1815 2429 197 63 repraesentatur
1968 2429 55 63 per

1307 2479 143 63 speciem
1411 2479 91 63 est
1463 2479 117 63 illud
1542 2479 104 63 quod
1607 2479 117 63 primo
1685 2479 196 63 cognoscitur
1841 2479 78 63 et
1881 2479 130 63 teriat
1959 2479 78 63 actu

1305 2512 222 67 cognoscendi.
1486 2512 209 67 differentia
1653 2512 125 67 autem
1736 2512 236 67 indiuisibilis
1931 2512 97 67 non
1972 2512 70 67 co-

1315 2555 172 81 gnoscitur
1447 2555 66 81 a
1474 2555 119 81 sensu
1553 2555 93 81 nec
1606 2555 146 81 terinat
1712 2555 119 81 actum
1791 2555 146 81 videndi
1884 2555 159 81 sensitiuum

1303 2599 100 73 etiam
1369 2599 133 73 secundum
1469 2599 89 73 eum:
1524 2599 78 73 nec
1569 2599 122 73 secundo
1657 2599 100 73 modo:
1724 2599 89 73 quia
1779 2599 89 73 tunc
1835 2599 122 73 species
1912 2599 133 73 sensibilis
