2300 3060
375 201 203 58 naturaliter:
540 201 114 58 adhuc
616 201 178 58 requiritur
756 201 178 58 existentia
895 201 152 58 obiecti.
1010 201 76 58 et
1035 201 76 58 tunc

379 247 119 55 vltra
458 247 106 55 omne
525 247 119 55 illud
604 247 106 55 quod
670 247 186 55 necessario
816 247 186 55 requiritur
962 247 80 55 ad
989 247 119 55 aliquem

379 295 168 56 effectum
505 295 182 56 causandum
645 295 210 56 naturaliter
814 295 126 56 habet
898 295 154 56 aliquam
996 295 112 56 causa-

395 334 134 68 litatem
492 334 146 68 respectu
601 334 122 68 illius
687 334 146 68 effectus
796 334 85 68 per
845 334 207 68 propositionem
1003 334 109 68 frequen

380 390 91 51 ter
432 390 168 51 acceptam:
561 390 104 51 quia
626 390 155 51 effectus
743 390 207 51 sufficienter
911 390 155 51 dependet
1027 390 78 51 et
1053 390 52 51 c.

386 421 61 64 ⁋
410 421 171 64 Respondeo.
544 421 110 64 verum
618 421 85 64 est
666 421 98 64 quod
727 421 159 64 intuitiua
850 421 85 64 non
898 421 122 64 potest
972 421 146 64 conseruari

385 464 173 59 destructo
518 464 160 59 obiecto:
638 464 106 59 nisi
704 464 93 59 per
757 464 173 59 potentiam
890 464 160 59 diuinam:
1010 464 120 59 tamen
1077 464 53 59 si

375 506 208 63 naturaliter
541 506 138 63 posset
638 506 194 63 conseruari
791 506 111 63 sine
860 506 194 63 existentia
998 506 125 63 obiecti

382 553 171 58 causaret
510 553 228 58 abstractiuam
695 553 143 58 primam
795 553 228 58 sufficientem
980 553 100 58 cum
1023 553 100 58 aliis

385 597 109 63 causis.
465 597 60 63 Et
494 597 99 63 quando
564 597 109 63 dicitur
644 597 119 63 quicquid
733 597 149 63 neccessario
852 597 149 63 requiritur.
972 597 80 63 dico
1022 597 80 63 quod
1061 597 50 63 vel

386 642 117 58 illud
464 642 104 58 quod
528 642 181 58 necessario
671 642 181 58 requiritur
813 642 91 58 est
865 642 117 58 causa
943 642 168 58 immediata
1059 642 52 58 il

390 694 76 52 lius
437 694 123 52 effectus:
532 694 66 52 vel
570 694 66 52 est
608 694 85 52 causa
665 694 95 52 causae
731 694 95 52 illius
798 694 123 52 effectus:
893 694 85 52 sicut
950 694 66 52 est
988 694 57 52 in
1007 694 104 52 proposito

382 735 90 56 nam
434 735 116 56 licet
511 735 155 56 obiectum
627 735 90 56 non
679 735 90 56 sit
730 735 116 56 causa
808 735 168 56 immediata
937 735 155 56 respectu
1040 735 90 56 prime

386 775 194 63 abstractiue:
543 775 109 63 tamen
616 775 85 63 est
664 775 109 63 causa
737 775 182 63 cognitionis
882 775 169 63 intuitiue.
1015 775 85 63 qui
1051 775 61 63 est

387 817 136 61 causa
477 817 226 61 cognitionis
658 817 241 61 abstractiue.
855 817 91 61 Et
900 817 136 61 eodem
990 817 121 61 modo
1066 817 91 61 ad

394 862 120 60 aliud
474 862 107 60 dico
541 862 107 60 quod
608 862 160 60 effectus
728 862 214 60 sufficientur
902 862 160 60 dependet
1022 862 80 60 ex
1049 862 80 60 suis

393 914 151 54 causis
499 914 258 54 essentialibus
711 914 242 54 approximatis
908 914 91 54 et
938 914 182 54 dispositis

397 949 78 66 et
436 949 208 66 conseruatis:
605 949 91 66 ita
657 949 104 66 quod
722 949 117 66 nihil
801 949 117 66 aliud
879 949 182 66 requiritur
1009 949 117 66 necessa

394 996 93 56 rio
447 996 79 56 ad
486 996 119 56 talem
566 996 159 56 effectum
685 996 159 56 absolute
804 996 159 56 loquendo
923 996 119 56 tamen
1002 996 119 56 aliud
1068 996 53 56 a-

387 1039 162 59 liquando
509 1039 190 59 requiritur
658 1039 190 59 necessario
807 1039 81 59 ad
848 1039 244 59 conseruationem
1037 1039 95 59 cause

398 1084 179 64 naturaliter
541 1084 143 64 loquendo
649 1084 95 64 quod
708 1084 84 64 non
756 1084 84 64 est
804 1084 107 64 causa
875 1084 119 64 illius
959 1084 155 64 effectus:
1066 1084 60 64 sic

395 1122 88 64 est
446 1122 76 64 in
484 1122 164 64 proposito
609 1122 76 64 et
647 1122 101 64 poni
710 1122 126 64 potest
798 1122 151 64 exemplum
911 1122 76 64 de
949 1122 126 64 aliis.
1037 1122 63 64 ⁋
1050 1122 88 64 Aliud

402 1172 95 58 hic
457 1172 163 58 sciendum
579 1172 95 58 est
634 1172 109 58 quod
702 1172 163 58 cognitio
824 1172 122 58 prima
905 1172 204 58 abstractiua
1055 1172 68 58 est

391 1214 107 58 illa
458 1214 161 58 mediante
578 1214 94 58 qua
632 1214 201 58 intellectus
793 1214 94 58 non
846 1214 147 58 iudicat
954 1214 94 58 rem
1007 1214 107 58 esse
1061 1214 67 58 vel

397 1257 92 67 non
449 1257 118 67 esse:
528 1257 92 67 nec
580 1257 131 67 fuisse
672 1257 92 67 vel
724 1257 92 67 non
777 1257 144 67 fuisse:
881 1257 92 67 nec
934 1257 144 67 videtur
1038 1257 79 67 de
1065 1257 65 67 ali

401 1302 71 58 qua
441 1302 152 58 differentia
563 1302 122 58 imporis.
655 1302 81 58 quod
705 1302 132 58 probatur:
807 1302 71 58 tum
848 1302 81 58 quia
898 1302 61 58 si
929 1302 122 58 mediante
1020 1302 81 58 illa
1061 1302 71 58 causa

402 1348 129 62 tanquam
496 1348 106 62 causa
567 1348 141 62 partiali
673 1348 177 62 intellectus
814 1348 153 62 iudicaret
932 1348 82 62 rem
979 1348 141 62 secundum
1073 1348 59 62 ali

404 1398 107 53 quam
470 1398 213 53 differentiam
643 1398 173 53 temporis:
777 1398 107 53 tunc
843 1398 93 53 non
896 1398 120 53 esset
963 1398 173 53 abstractiua

402 1438 87 60 sed
451 1438 162 60 intuitiua
576 1438 150 60 perfecta
689 1438 87 60 vel
739 1438 175 60 imperfecta
876 1438 175 60 contrarium
1001 1438 137 60 vtriusque

398 1479 119 65 prius
477 1479 132 65 dictum
569 1479 105 65 est.
635 1479 92 65 Nam
688 1479 79 65 si
727 1479 158 65 mediante
846 1479 105 65 illa
912 1479 119 65 sicut
991 1479 119 65 causa
1057 1479 79 65 par-

407 1522 121 61 tiali
487 1522 201 61 intellectus
648 1522 174 61 iudicaret
782 1522 94 61 rem
835 1522 134 61 fuisse
929 1522 94 61 vel
983 1522 121 61 fore:
1050 1522 80 61 tunc

406 1565 122 61 esset
488 1565 177 61 intuitiua
624 1565 163 61 perfecta
746 1565 122 61 sicut
828 1565 122 61 prius
910 1565 136 61 dictum
1005 1565 109 61 est.
1059 1565 82 61 Simi

411 1609 120 63 liter
491 1609 160 63 cognitio
611 1609 147 63 dicitur
717 1609 213 63 abstractiua:
891 1609 107 63 quia
958 1609 173 63 abstrahit
1078 1609 53 63 ab

402 1656 159 63 existentia
527 1656 68 63 et
561 1656 80 63 non
606 1656 171 63 existentia.
743 1656 68 63 Et
777 1656 80 63 non
823 1656 80 63 sic
868 1656 182 63 intelligitur
1016 1656 91 63 quod
1061 1656 80 63 obie-

405 1696 113 60 ctum
475 1696 127 60 cuius
560 1696 99 60 est
616 1696 155 60 notitia
729 1696 225 60 abstractiua:
912 1696 99 60 nec
968 1696 113 60 sit:
1038 1696 99 60 nec
1081 1696 70 60 non

408 1750 95 57 sit:
467 1750 95 57 quia
527 1750 83 57 hoc
574 1750 83 57 est
621 1750 189 57 impossibile:
775 1750 83 57 sed
823 1750 83 57 sic
870 1750 189 57 intelligitur
1024 1750 95 57 quod
1071 1750 83 57 medi-

412 1792 113 49 ante
483 1792 212 49 abstractiua
652 1792 156 49 tanquam
765 1792 127 49 causa
850 1792 170 49 partiali
963 1792 184 49 intellectus

414 1834 99 52 non
470 1834 155 52 iudicat
583 1834 99 52 rem
639 1834 183 52 existere:
780 1834 99 52 nec
837 1834 99 52 non
893 1834 183 52 existere:
1034 1834 99 52 nec
1077 1834 70 52 est

412 1883 144 45 secundum
520 1883 132 45 aliquam
616 1883 192 45 differentiam
772 1883 156 45 temporis.
892 1883 84 45 Cum
940 1883 96 45 ergo
1000 1883 96 45 ista
1060 1883 84 45 sit
1096 1883 48 45 ab

412 1917 155 57 stractiua
532 1917 179 57 simpliciter
675 1917 143 57 sequitur
783 1917 96 57 etc.
842 1917 72 57 Si
878 1917 108 57 dicas
950 1917 96 57 quod
1010 1917 120 57 potest
1081 1917 60 57 da-

416 1959 69 61 ri
451 1959 81 61 vna
497 1959 93 61 alia
555 1959 173 61 abstractiua
694 1959 173 61 simpliciter
833 1959 69 61 in
867 1959 173 61 intellectum
1006 1959 93 61 quae
1052 1959 93 61 potest

416 2003 131 58 stare
504 2003 102 58 cum
562 2003 189 58 intuitiua
708 2003 87 58 et
752 2003 146 58 manere
854 2003 117 58 post
926 2003 204 58 intuitiuam
1072 2003 73 58 il-

413 2047 78 62 la
452 2047 155 62 scilicet
568 2047 91 62 per
620 2047 104 62 quam
685 2047 155 62 cognosco
801 2047 142 62 aliquid
905 2047 168 62 intuitiue
1022 2047 129 62 cognitum

418 2101 113 57 puta
489 2101 184 57 albedinem
630 2101 85 57 in
673 2101 85 57 se
715 2101 85 57 et
758 2101 170 57 absolute
885 2101 142 57 primo.
984 2101 85 57 et
1027 2101 99 57 est
1069 2101 85 57 ista

411 2144 183 51 cognitio
548 2144 198 51 intuitiua
700 2144 228 51 inconplexa:
882 2144 91 51 et
928 2144 122 51 post
989 2144 152 51 mediante

423 2184 101 59 ista
486 2184 139 59 tanquam
587 2184 113 59 causa
663 2184 151 59 partiali
776 2184 126 59 potest
865 2184 189 59 intellectus
1003 2184 139 59 assentire

416 2231 137 55 alicui
512 2231 164 55 complexo
635 2231 191 55 necessario
786 2231 109 55 quod
854 2231 96 55 non
909 2231 178 55 concernit
1032 2231 109 55 diffe-

431 2274 129 52 entiam
521 2274 142 52 aliquam
624 2274 168 52 temporis:
753 2274 77 52 et
792 2274 103 52 illa
857 2274 90 52 est
908 2274 142 52 notitia
998 2274 155 52 abstracti-

420 2312 87 62 ua
463 2312 217 62 simpliciter
637 2312 188 62 complexa.
782 2312 188 62 Exemplum.
926 2312 87 62 si
970 2312 130 62 primo
1042 2312 116 62 videam

412 2358 199 51 albedinem
565 2358 199 51 intuitiue
718 2358 92 51 et
764 2358 123 51 post
841 2358 184 51 cognosco
978 2358 153 51 eandem
1070 2358 77 51 al-

425 2404 162 54 bedinem
543 2404 236 54 abstractiue:
735 2404 88 54 si
779 2404 118 54 tunc
853 2404 221 54 intellectus
1015 2404 147 54 mediante

418 2450 113 52 ista
488 2450 197 52 cognitione
643 2450 141 52 formet
742 2450 99 52 hoc
798 2450 183 52 complexum
939 2450 141 52 albedo
1037 2450 99 52 est
1080 2450 70 52 qua

417 2492 129 55 litas
503 2492 86 55 in
546 2492 101 55 hoc
604 2492 101 55 est
661 2492 173 55 cognitio
791 2492 216 55 abstractiua
963 2492 173 55 complexa
1078 2492 72 55 sim

430 2532 126 64 plicitur
524 2532 84 64 quae
576 2532 73 64 non
618 2532 136 64 concernit
723 2532 115 64 aliquam
807 2532 168 64 differentiam
944 2532 136 64 temporis:
1049 2532 84 64 ergo
1091 2532 73 64 prae-

431 2576 90 65 ter
483 2576 180 65 praedictam
624 2576 206 65 abstractiuam
792 2576 129 65 primam
882 2576 90 65 est
934 2576 103 65 dare
998 2576 103 65 alia
1050 2576 103 65 abstra

1207 179 127 65 ctiuam
1296 179 89 65 que
1347 179 89 65 non
1398 179 89 65 est
1448 179 178 65 principium
1588 179 165 65 iudicandi
1714 179 152 65 secundum
1816 179 114 65 aliquam

1213 239 216 54 differentiam
1389 239 176 54 temporis.
1524 239 68 54 ⁋
1551 239 149 54 Contra.
1660 239 122 54 licet
1741 239 108 54 ista
1795 239 135 54 cognitio

1216 276 164 57 actualis
1340 276 96 57 vel
1394 276 192 57 habitualis
1545 276 96 57 non
1600 276 96 57 sit
1654 276 192 57 principium
1791 276 151 57 iudicandi

1213 321 154 68 respectu
1329 321 180 68 praedicati
1470 321 103 68 quod
1535 321 90 68 non
1586 321 167 68 concernit
1714 321 141 68 aliquam
1804 321 129 68 differen

1210 370 99 51 tiam
1272 370 149 51 temporis
1384 370 162 51 cuiusmodi
1508 370 87 51 est
1558 370 99 51 omne
1620 370 186 51 praedicatum
1769 370 99 51 quod
1819 370 124 51 conuenit

1212 413 150 55 subiecto
1324 413 200 55 neccessario.
1486 413 112 55 sicut
1561 413 87 55 est
1611 413 75 55 in
1649 413 137 55 exemplo
1749 413 87 55 iam
1799 413 125 55 posito
1874 413 62 55 al-

1213 452 112 60 bedo
1283 452 98 60 est
1339 452 168 60 qualitas
1466 452 98 60 cum
1522 452 126 60 eadem
1606 452 168 60 cognitio
1732 452 140 60 numero
1831 452 98 60 sit
1873 452 70 60 di-

1211 499 156 56 stinctam
1328 499 65 56 a
1354 499 117 56 prima
1432 499 195 56 abstractiua
1588 499 130 56 potest
1679 499 104 56 esse
1744 499 182 56 principium
1874 499 65 56 iu-

1206 543 123 56 dicandi
1295 543 134 56 respectu
1396 543 168 56 praedicati:
1531 543 90 56 quod
1587 543 146 56 concernit
1699 543 179 56 differentiam
1833 543 112 56 temporis

1215 589 170 58 cuiusmodi
1346 589 92 58 est
1398 589 118 58 istud
1477 589 197 58 praedicatum
1634 589 105 58 quod
1700 589 157 58 conuenit
1805 589 131 58 subiecto

1212 632 228 61 contingenti.
1397 632 186 61 Exemplum.
1540 632 129 61 licet
1626 632 114 61 enim
1697 632 114 61 ista
1769 632 171 61 cognitio
1883 632 57 61 ab

1207 676 210 58 stractiua
1368 676 113 58 per
1433 676 129 58 quan
1513 676 194 58 cognosco
1659 676 194 58 albedine
1788 676 161 58 absolute

1210 720 76 56 non
1254 720 76 56 sit
1297 720 153 56 principium
1417 720 142 56 iudicandi
1526 720 131 56 secundum
1624 720 174 56 differentiam
1766 720 131 56 temporis
1853 720 87 56 respe-

1216 766 99 57 ctu
1273 766 128 57 huius
1358 766 199 57 praedicati
1514 766 142 57 albedo
1613 766 113 57 suit
1684 766 99 57 vel
1740 766 99 57 est
1797 766 85 57 in
1826 766 113 57 corpre

1220 810 93 57 vel
1273 810 107 57 fuit
1340 810 80 57 in
1379 810 146 57 corpore
1486 810 186 57 subiectiue
1632 810 120 57 tamen
1712 810 107 57 ista
1779 810 160 57 cognitio
1885 810 67 57 est

1213 855 189 61 principium
1361 855 175 61 partiale.
1496 855 81 61 et
1536 855 108 61 ista
1603 855 94 61 non
1657 855 94 61 est
1711 855 81 61 ad
1752 855 202 61 propositum.
1900 855 54 61 Si

1211 901 119 59 dicas
1290 901 106 59 quod
1357 901 106 59 illa
1423 901 159 59 cognitio
1543 901 93 59 non
1596 901 93 59 est
1649 901 186 59 principium
1795 901 146 59 iudicii
1888 901 66 59 sed

1220 945 128 53 aliquam
1314 945 187 53 differentiam
1465 945 140 53 temporis
1570 945 140 53 respectu
1676 945 175 53 cuiuscunque
1804 945 140 53 praedicati

1214 986 107 62 sicut
1286 986 107 62 patet
1357 986 84 62 per
1405 986 143 62 rationes
1512 986 107 62 supra
1584 986 131 62 dictas.
1680 986 72 62 Ex
1715 986 95 62 isto
1775 986 155 62 sequitur.
1882 986 72 62 quod

1224 1029 205 58 abstractiua
1388 1029 123 58 quamn
1470 1029 96 58 tum
1525 1029 123 58 ponis
1607 1029 96 58 non
1661 1029 218 58 distinguitur
1839 1029 68 58 a
1852 1029 96 58 prima

1230 1077 196 56 abstractiua:
1389 1077 98 56 quia
1451 1077 110 56 prima
1524 1077 160 56 sufficit.
1647 1077 98 56 ergo
1708 1077 160 56 quaelibet
1831 1077 74 56 al
1868 1077 74 56 ia
1893 1077 61 56 su-

1217 1118 160 64 perfluit.
1340 1118 98 64 ideo
1401 1118 135 64 oportet
1499 1118 98 64 quod
1561 1118 86 64 non
1610 1118 86 64 sit
1659 1118 123 64 aliqua
1745 1118 98 64 alia
1794 1118 160 64 abstractiva

1217 1166 180 56 simplicitur
1361 1166 60 56 a
1385 1166 120 56 prima.
1470 1166 96 56 quia
1530 1166 84 56 non
1578 1166 84 56 est
1626 1166 132 56 iudicii
1722 1166 168 56 principium
1843 1166 120 56 secundum

1227 1208 134 57 aliquam
1324 1208 195 57 differentiam
1482 1208 158 57 temporis.
1604 1208 85 57 Sed
1653 1208 97 57 tunc
1714 1208 85 57 est
1762 1208 122 57 dubium
1847 1208 61 57 a
1872 1208 85 57 quo
1908 1208 49 57 ge

1220 1249 148 59 neretur
1327 1249 148 59 habitus
1435 1249 175 59 inclinans
1569 1249 81 59 ad
1609 1249 161 59 secundam
1730 1249 215 59 abstractiuam
1891 1249 81 59 quae

1229 1295 144 54 dicitur
1334 1295 170 54 intuitiua
1465 1295 196 54 imperfecta.
1622 1295 105 54 quia
1687 1295 157 54 mediante
1805 1295 79 54 re
1844 1295 131 54 potest
1923 1295 52 54 in

1225 1345 161 51 tellectus
1349 1345 149 51 iudicare
1460 1345 99 51 quod
1522 1345 87 51 res
1572 1345 161 51 aliquando
1696 1345 112 51 fuit.
1770 1345 87 51 non
1820 1345 99 51 enim
1870 1345 99 51 potest

1233 1391 161 44 generari
1353 1391 80 44 ab
1393 1391 174 44 intuitiua
1527 1391 80 44 vt
1567 1391 134 44 dictum
1661 1391 94 44 est
1715 1391 80 44 et
1755 1391 174 44 probatum.
1889 1391 94 44 nec
1929 1391 40 44 a

1222 1426 119 71 prima
1301 1426 211 71 abstractiua.
1473 1426 106 71 quia
1539 1426 145 71 habitus
1645 1426 132 71 semper
1737 1426 159 71 inclinat
1856 1426 79 71 ad
1883 1426 93 71 actus

1227 1470 187 65 consimiles
1374 1470 120 65 illis
1454 1470 67 65 a
1481 1470 147 65 quaibus
1587 1470 187 65 generatur.
1734 1470 94 65 sed
1788 1470 120 65 prima
1855 1470 120 65 abstra-

1243 1513 97 58 ctiua
1308 1513 76 58 non
1351 1513 76 58 est
1394 1513 151 58 principium
1513 1513 119 58 iudicii
1600 1513 130 58 secundum
1697 1513 119 58 aliquam
1783 1513 162 58 differentia
1902 1513 65 58 tem-

1227 1559 129 68 poris
1312 1559 86 68 vt
1355 1559 129 68 prius
1441 1559 172 68 probatum
1570 1559 114 68 est.
1641 1559 114 68 ergo
1713 1559 157 68 habitus
1813 1559 157 68 generatus

1235 1605 90 61 ex
1280 1605 136 61 prima
1371 1605 226 61 abstractiua
1551 1605 211 61 inclinabit
1717 1605 90 61 ad
1762 1605 166 61 aliquem
1868 1605 105 61 actum

1233 1650 195 53 abstractiuum
1391 1650 85 53 qui
1440 1650 85 53 sit
1489 1650 171 53 principium
1623 1650 146 53 iudicii.
1732 1650 97 53 quia
1793 1650 97 53 tunc
1854 1650 85 53 non
1891 1650 85 53 incli

1233 1695 110 61 naret
1306 1695 73 61 ad
1342 1695 110 61 actus
1416 1695 171 61 consimiles
1550 1695 97 61 etc.
1611 1695 73 61 et
1647 1695 85 61 per
1696 1695 171 61 consequens
1830 1695 134 61 habitus
1915 1695 61 61 ge-

1226 1745 154 47 neratus
1338 1745 84 47 ex
1380 1745 126 47 prima
1464 1745 210 47 abstractiua
1632 1745 98 47 non
1688 1745 168 47 inclinat
1814 1745 84 47 ad
1842 1745 140 47 secundam

1242 1781 197 57 abstractiuam
1402 1781 99 57 quae
1463 1781 86 57 est
1513 1781 160 57 intuitiua
1636 1781 185 57 imperfecta.
1784 1781 99 57 ergo
1845 1781 136 57 oportet
1932 1781 49 57 da

1237 1834 67 46 re
1270 1834 100 46 alium
1337 1834 123 46 habitum
1426 1834 167 46 inclinantem
1560 1834 67 46 ad
1594 1834 100 46 alium
1661 1834 100 46 actum
1728 1834 134 46 scilicet
1828 1834 56 46 a
1850 1834 78 46 quo
1884 1834 89 46 genera

1228 1870 94 66 tur
1281 1870 107 66 ille
1348 1870 161 66 habitus.
1468 1870 174 66 Responsio
1602 1870 120 66 huius
1682 1870 120 66 patet
1763 1870 94 66 per
1816 1870 120 66 supra
1883 1870 107 66 dctam.

1384 1924 259 94 Trum
1546 1924 194 94 in
1610 1924 357 94 potentia.

1415 1994 174 59 sensitiua
1548 1994 94 59 vel
1602 1994 80 59 in
1642 1994 134 59 organo
1735 1994 160 59 causetur
1856 1994 147 59 aliquid

1412 2047 93 48 seu
1465 2047 133 48 aliqua
1558 2047 147 48 species
1665 2047 133 48 preter
1759 2047 120 48 actum
1825 2047 147 48 sentiendi

1255 2077 132 82 presium
1351 2077 180 82 nattraliter
1495 2077 96 82 ipsi
1555 2077 108 82 actui
1628 2077 168 82 sentiendi.
1760 2077 96 82 quod
1820 2077 84 82 sic
1856 2077 120 82 probatur

1248 2131 151 58 secundo
1358 2131 82 58 de
1399 2131 137 58 anima.
1495 2131 137 58 sensus
1592 2131 96 58 est
1646 2131 206 58 susceptiuus
1811 2131 137 58 sperum
1894 2131 82 58 sine

1241 2179 143 55 materia
1345 2179 78 55 et
1384 2179 208 55 distinguitur
1553 2179 78 55 ab
1592 2179 104 55 actu
1657 2179 78 55 et
1696 2179 91 55 est
1748 2179 195 55 principium.
1891 2179 91 55 ergo.

1249 2220 71 60 ⁋
1277 2220 85 60 Ad
1320 2220 185 60 oppositum
1462 2220 199 60 Augustinus
1618 2220 85 60 de
1661 2220 185 60 trinitate
1803 2220 128 60 causa
1888 2220 100 60 ii.
1931 2220 57 60 po

1251 2275 87 43 rit
1300 2275 74 43 in
1337 2275 112 43 sensu
1412 2275 161 43 exteriori
1536 2275 174 43 trinitatem
1672 2275 149 43 scilicet
1784 2275 112 43 primo
1858 2275 112 43 ipsam
1920 2275 62 43 rem

1251 2312 107 59 quam
1318 2312 161 59 videmus.
1439 2312 148 59 secundo
1546 2312 175 59 visionem.
1680 2312 81 59 et
1721 2312 134 59 tertio
1815 2312 121 59 animi
1882 2312 94 59 inte-

1255 2352 120 61 tionem
1339 2352 96 61 quae
1399 2352 108 61 docet
1470 2352 120 61 sensum
1554 2352 72 61 in
1590 2352 72 61 ea
1626 2352 84 61 re.
1674 2352 84 61 sed
1722 2352 72 61 si
1758 2352 108 61 esset
1829 2352 84 61 ibi
1865 2352 108 61 species

1254 2398 92 59 esset
1315 2398 72 59 ibi
1356 2398 164 59 quaternitas.
1490 2398 82 59 ergo
1541 2398 72 59 etc
1583 2398 51 59 ⁋
1603 2398 72 59 hic
1644 2398 113 59 dicitur
1726 2398 144 59 communiter
1839 2398 82 59 quod
1881 2398 92 59 necesse

1255 2441 94 57 est
1308 2441 241 57 quandamspeciem
1509 2441 134 57 ponere
1602 2441 94 57 tam
1656 2441 80 57 in
1696 2441 120 57 sensu
1776 2441 174 57 interiori
1897 2441 80 57 quam

1256 2495 187 48 exteriori.
1402 2495 147 48 preuiam
1509 2495 200 48 naturaliter
1669 2495 120 48 actui
1749 2495 173 48 sentiendi
1883 2495 80 48 de
1909 2495 67 48 sen

1255 2528 73 60 su
1291 2528 159 60 exteriori
1414 2528 61 60 ⁋
1438 2528 147 60 Probatur
1548 2528 86 60 per
1597 2528 208 60 commentatorem
1768 2528 86 60 ii.
1817 2528 73 60 de
1854 2528 110 60 anima
1915 2528 61 60 con

1244 2576 152 76 mento.
1350 2576 122 76 xxi.
1427 2576 107 76 vbi
1488 2576 183 76 assignat
1625 2576 152 76 causam
1731 2576 137 76 quare
1823 2576 152 76 plante
1914 2576 61 76 no
