2334 3091
341 214 145 71 tatiua
442 214 102 71 vel
500 214 232 71 debilitatiua
689 214 160 71 organi:
805 214 87 71 et
848 214 116 71 illa
921 214 102 71 est
964 214 116 71 alteri

351 280 78 51 us
390 280 155 51 rationis
506 280 78 51 ab
545 280 142 51 obiecto
649 280 117 51 extra
726 280 117 51 sicut
804 280 104 51 illa
869 280 78 51 in
908 280 117 51 visu:
985 280 78 51 et
1011 280 65 51 est

346 327 115 49 alia
418 327 173 49 generata
547 327 101 49 per
605 327 130 49 actum
691 327 187 49 generandi
835 327 115 49 quae
907 327 101 49 non
965 327 101 49 est
1008 327 72 49 sub

344 362 153 63 iectiue
455 362 84 63 in
497 362 153 63 organo:
609 362 84 63 vt
650 362 223 63 distinguitur
831 362 139 63 contra
915 362 153 63 potentiam

342 413 199 56 precedens
495 413 230 56 qualitatem:
679 413 107 56 sed
740 413 107 56 est
801 413 214 56 subiectiue
970 413 92 56 in
1000 413 77 56 po-

347 458 150 57 tentia:
457 458 82 57 vt
498 458 218 57 distinguitur
675 458 137 57 contra
771 458 150 57 organum
880 458 123 57 sicut
962 458 109 57 ipse
1016 458 55 57 a-

347 496 114 55 ctus
418 496 228 55 fantasiandi:
603 496 85 55 et
646 496 114 55 illa
717 496 171 55 qualitas
845 496 157 55 secunda
959 496 100 55 non
1002 496 71 55 est

337 544 169 60 alicuius
464 544 141 60 actus:
562 544 99 60 sed
619 544 99 60 est
675 544 155 60 habitus
788 544 183 60 generatus
929 544 99 60 per
971 544 99 60 actum

334 585 207 52 fantasiandi
500 585 180 52 inclinans
638 585 124 52 sicut
721 585 124 52 causa
804 585 180 52 partialis
942 585 83 52 ad
969 585 97 52 actus

341 631 202 56 consimiles
499 631 87 56 in
543 631 173 56 absentia
673 631 101 56 rei
730 631 217 56 sensibilis:
904 631 130 56 sicut
976 631 101 56 posui

338 680 120 60 prius
418 680 80 60 in
458 680 200 60 intellectu:
617 680 93 60 ita
671 680 107 60 quod
737 680 107 60 post
804 680 133 60 primum
897 680 120 60 actum
977 680 80 60 si
1003 680 67 60 ip-

334 725 99 48 sum
390 725 184 48 sensibile
532 725 198 48 destruatur
687 725 141 48 potest
786 725 169 48 potentia
899 725 169 48 fantastica

340 764 108 51 cum
401 764 124 51 illo
479 764 155 51 habitu
587 764 186 51 generato
726 764 93 51 ex
773 764 139 51 primo
866 764 124 51 actu
928 764 139 51 elicere

339 810 140 54 actum
432 810 233 54 fantasiandi
618 810 217 54 terminatum
788 810 93 54 ad
835 810 124 54 idem
897 810 171 54 sensibile

340 852 154 58 numero
447 852 200 58 quodprius
601 852 138 58 vidi.
693 852 138 58 sicut
785 852 184 58 cognitio
908 852 169 58 abstracti

339 901 92 51 ua
385 901 230 51 intellectus
568 901 214 51 terminatur
737 901 92 51 ad
783 901 123 51 idem
860 901 199 51 singulare
997 901 77 51 nu-

332 946 113 53 mero
403 946 113 53 quod
473 946 113 53 vidi
544 946 184 53 intuitiue
685 946 85 53 in
728 946 212 53 intellectu:
897 946 85 53 et
940 946 99 53 non
982 946 85 53 ter-

337 986 168 65 minatur
459 986 92 65 ad
505 986 168 65 aliquam
627 986 260 65 similitudinem
842 986 107 65 vel
887 986 184 65 ymaginatio

341 1030 86 59 nem
390 1030 111 59 sicut
464 1030 185 59 ymaginantur
612 1030 123 59 aliqui
698 1030 74 59 et
735 1030 123 59 false.
821 1030 98 59 quia
882 1030 111 59 omnia
956 1030 98 59 illa
1005 1030 62 59 que

337 1071 75 64 a
367 1071 210 64 prophentis
532 1071 135 64 sctis
622 1071 90 64 et
667 1071 210 64 doctoribus
816 1071 255 64 vocanufantasma-

331 1119 92 58 ta
377 1119 199 58 simulacra
529 1119 137 58 ydola
621 1119 122 58 sunt
697 1119 168 58 ipsamet
820 1119 214 58 sensibilia
972 1119 92 58 pris

335 1158 145 65 sensata
440 1158 79 65 et
480 1158 105 65 post
546 1158 198 65 fantasiata:
704 1158 79 65 et
743 1158 92 65 non
796 1158 145 65 species
888 1158 185 65 sensibilium.

343 1206 147 53 eundem
446 1206 118 53 enim
520 1206 162 53 hominem
637 1206 118 53 quem
711 1206 132 53 prius
799 1206 118 53 vidi
873 1206 118 53 nunc
932 1206 132 53 ymagior

332 1257 73 57 et
368 1257 86 57 non
417 1257 134 57 species
515 1257 147 57 hominis.
625 1257 73 57 et
662 1257 98 57 ideo
723 1257 73 57 de
759 1257 110 57 istis
833 1257 147 57 dicendum
943 1257 86 57 est
979 1257 86 57 sicut

337 1293 124 58 dictum
424 1293 87 58 est
473 1293 75 58 in
511 1293 112 58 primo
585 1293 75 58 de
623 1293 124 58 ydeis:
710 1293 149 58 scilicet
822 1293 100 58 quod
884 1293 112 58 sicut
958 1293 100 58 ydea
1008 1293 50 58 ip

327 1336 87 65 sa
371 1336 102 65 est
429 1336 160 65 ipsamet
546 1336 102 65 res
604 1336 233 65 singulariter
794 1336 160 65 cognita
911 1336 87 65 et
954 1336 102 65 non
998 1336 73 65 ali

336 1388 94 58 qua
389 1388 147 58 species
496 1388 120 58 eius:
576 1388 94 58 sed
630 1388 147 58 ipsamet
737 1388 94 58 res
790 1388 187 58 singularis
937 1388 107 58 quai
991 1388 80 58 nunc

331 1435 107 45 est
392 1435 92 45 in
438 1435 168 45 effectu
560 1435 92 45 et
605 1435 92 45 ab
651 1435 153 45 eterno
758 1435 214 45 terminauit
910 1435 153 45 cognitio

334 1476 83 57 nem
382 1476 143 57 diuinam.
489 1476 119 57 quaere
572 1476 72 57 in
608 1476 119 57 primo.
692 1476 107 57 Eodem
763 1476 95 57 modo
823 1476 95 57 modo
882 1476 83 57 est
930 1476 72 57 in
954 1476 119 57 proposi-

340 1522 98 60 to:
396 1522 112 60 quia
466 1522 154 60 ipsamet
578 1522 98 60 res
634 1522 196 60 singularis
787 1522 112 60 quae
857 1522 126 60 primo
927 1522 140 60 terminat

332 1562 125 52 actum
415 1562 153 52 videndi
526 1562 194 52 corporalem
679 1562 111 52 ipsa
748 1562 139 52 omnino
845 1562 222 52 indistincta:
1012 1562 55 52 et

330 1610 191 47 terminat
473 1610 143 47 actum
568 1610 238 47 fantasiandi
759 1610 95 47 et
807 1610 254 47 intelligendi
998 1610 79 47 ab-

336 1647 188 62 stractiue:
484 1647 81 62 et
524 1647 121 62 nulla
605 1647 148 62 species
713 1647 175 62 terminat.
847 1647 81 62 et
888 1647 121 62 sicut
968 1647 94 62 hoc
1009 1647 67 62 no-

338 1694 100 53 men
395 1694 115 53 ydea
467 1694 100 53 vel
524 1694 186 53 conceptus
667 1694 186 53 aliquando
810 1694 200 53 significat
953 1694 115 53 princi

341 1737 158 49 paliter
456 1737 129 49 ipsam
542 1737 101 49 rem
600 1737 201 49 singularem
758 1737 158 49 creatam
873 1737 187 49 econnotat
1002 1737 58 49 a-

337 1783 118 54 ctum
411 1783 236 54 intelligendi
603 1783 177 54 diuinum.
736 1783 103 54 sic
795 1783 103 54 hoc
854 1783 133 54 nomen
928 1783 133 54 fantas-

338 1830 85 55 ma
380 1830 99 55 vel
437 1830 183 55 conceptus
578 1830 113 55 eius
648 1830 197 55 significat
803 1830 240 55 principaliter
987 1830 71 55 ips

338 1865 111 57 sam
402 1865 111 57 rem
465 1865 223 57 ymaginatam
640 1865 223 57 connotando
815 1865 143 57 actum
895 1865 175 57 fantasiam

331 1915 87 54 di.
380 1915 75 54 Et
418 1915 149 54 secundum
530 1915 112 54 istud
604 1915 112 54 patet
679 1915 100 54 quod
741 1915 100 54 quot
804 1915 100 54 sunt
866 1915 162 54 indiuidua
978 1915 87 54 fanta

333 1955 117 58 stica
411 1955 104 58 siue
475 1955 104 58 sint
540 1955 142 58 eiusdem
644 1955 142 58 speciei
747 1955 104 58 siue
812 1955 155 58 alterius
929 1955 91 58 tot
967 1955 91 58 habet

324 1991 191 63 fantasmata.
477 1991 77 63 et
516 1991 89 63 sic
567 1991 140 63 commune
669 1991 128 63 dictum
758 1991 89 63 est
809 1991 128 63 falsum
898 1991 102 63 quod
949 1991 115 63 species

341 2040 126 58 habet
425 2040 140 58 tantum
523 2040 112 58 vnum
593 2040 182 58 fantasma:
732 2040 112 58 quia
802 2040 98 58 tot
858 2040 112 58 sunt
914 2040 154 58 fantasma-

326 2095 99 50 ta
375 2095 132 50 quot
457 2095 230 50 indiuidua.
638 2095 99 50 Si
688 2095 148 50 dicas
786 2095 99 50 ex
836 2095 115 50 quo
901 2095 148 50 ponis
984 2095 82 50 ha-

336 2130 117 53 bitum
414 2130 156 53 generari
531 2130 78 53 ex
570 2130 117 53 primo
648 2130 104 53 actu
714 2130 195 53 fantasiandi
870 2130 65 53 a
896 2130 91 53 quo
935 2130 130 53 causatur

336 2174 131 62 primus
427 2174 118 62 actus
506 2174 196 62 fantasiandi
663 2174 92 62 non
715 2174 78 62 ab
754 2174 144 62 obiecto
859 2174 183 62 sensibili:
990 2174 78 62 quia

340 2227 91 49 tunc
396 2227 136 49 fantasia
498 2227 102 49 esset
566 2227 68 49 in
600 2227 91 49 actu
657 2227 91 49 suo:
713 2227 113 49 quando
792 2227 113 49 sensus
872 2227 68 49 ex
906 2227 102 49 esset
973 2227 68 49 in
996 2227 68 49 actu

330 2265 91 54 et
375 2265 121 54 tunc
451 2265 182 54 potentia
587 2265 212 54 fantastica
753 2265 166 54 haberet
859 2265 197 54 cognitionem

331 2305 183 63 intuitiuam:
477 2305 97 63 quia
538 2305 183 63 cognitionem
684 2305 73 63 in
720 2305 170 63 praesentia
854 2305 85 63 rei
903 2305 110 63 sicut
964 2305 97 63 poten-

326 2355 101 52 tia
383 2355 159 52 visiua.
499 2355 116 52 quod
572 2355 159 52 videtur
688 2355 159 52 falsum:
803 2355 101 52 nec
861 2355 87 52 ab
905 2355 116 52 illa
963 2355 101 52 quali

328 2393 110 56 tate
397 2393 220 56 debilitatiua
576 2393 96 56 vel
631 2393 234 56 conseruatiua:
824 2393 110 56 quia
893 2393 110 56 illa
962 2393 96 56 per
1003 2393 55 56 te

326 2445 92 49 non
378 2445 92 49 est
431 2445 157 49 obiectum
548 2445 157 49 alicuius
666 2445 131 49 actus.
757 2445 92 49 tum
810 2445 105 49 quia
875 2445 105 49 illa
940 2445 118 49 simul
1006 2445 52 49 im

331 2484 169 53 primitur
458 2484 99 53 cum
514 2484 113 53 actu
585 2484 226 53 fantasiandi:
768 2484 99 53 nec
824 2484 85 53 in
867 2484 169 53 absentia
979 2484 85 53 sem-

329 2536 158 49 sibilis
443 2536 158 49 remanet
558 2536 158 49 aliquid
672 2536 86 49 in
715 2536 129 49 sensu
801 2536 200 49 exteriori:
944 2536 115 49 parti-

342 2577 142 55 culari:
445 2577 90 55 vel
497 2577 142 55 communi
601 2577 103 55 quod
665 2577 129 55 possit
756 2577 90 55 cum
807 2577 155 55 potentia
911 2577 155 55 fantastica

325 2621 140 57 primum
423 2621 126 57 actum
507 2621 210 57 fantasiandi
675 2621 168 57 causare:
801 2621 112 57 quia
871 2621 112 57 ille
927 2621 140 57 potentie

1167 227 106 79 non
1227 227 121 79 sunt
1303 227 196 79 receptiue
1454 227 211 79 qualitatum
1620 227 211 79 acceptarum
1786 227 106 79 sic
1832 227 60 79 ab

1170 298 192 49 extrinseco:
1324 298 90 49 sed
1375 298 128 49 tantum
1465 298 128 49 illius
1554 298 179 49 qualitatis
1695 298 179 49 corruptiue
1823 298 64 49 vel

1172 329 245 61 conseruatiue:
1373 329 72 61 a
1402 329 101 61 quo
1460 329 115 61 ergo
1532 329 216 61 conseruatur
1705 329 144 61 primus
1791 329 101 61 actus

1161 375 202 54 fantasiandi
1349 375 175 54 Respondeo
1484 375 94 54 vna
1538 375 121 54 causa
1619 375 175 54 partialis
1754 375 94 54 est
1795 375 94 54 visio

1161 428 219 48 corporalis:
1337 428 88 48 et
1381 428 117 48 alia
1454 428 102 48 est
1512 428 175 48 potentia
1644 428 219 48 fantastica.
1804 428 88 48 Iste

1160 461 112 60 due
1224 461 255 60 sufficienter
1431 461 176 60 causant
1559 461 112 60 cum
1623 461 112 60 deo
1687 461 160 60 primum
1782 461 112 60 actum

1157 511 204 52 fantasiandi
1320 511 82 52 et
1361 511 163 52 obiectum
1483 511 177 52 sensibile
1619 511 122 52 extra
1701 511 95 52 non
1755 511 95 52 est
1796 511 95 52 causa

1168 551 109 55 illius
1244 551 109 55 actus:
1321 551 76 55 sed
1364 551 109 55 tantum
1441 551 76 55 est
1484 551 98 55 causa
1550 551 109 55 cause.
1626 551 87 55 quia
1681 551 65 55 si
1713 551 87 55 deus
1757 551 131 55 destrueret

1169 596 183 64 sensibile
1310 596 141 64 extra:
1408 596 84 64 et
1450 596 211 64 conseruaret
1619 596 84 64 in
1661 596 127 64 oculo
1731 596 155 64 cognitio-

1163 640 102 58 nem
1222 640 116 58 eius
1294 640 218 58 intuitiuam:
1469 640 131 58 adhuc
1556 640 146 58 posset
1658 640 146 58 virtus
1745 640 146 58 fantasti

1168 693 78 54 ca
1207 693 78 54 in
1246 693 116 54 actum
1323 693 194 54 fantasiandi
1478 693 194 54 sensibilis:
1633 693 90 54 sed
1685 693 78 54 si
1724 693 155 54 cognitio
1827 693 65 54 in-

1156 733 161 52 tuitiva
1274 733 205 52 destruatur
1435 733 117 52 siue
1508 733 147 52 maneat
1611 733 190 52 sensibile
1757 733 117 52 siue
1816 733 73 52 non

1168 773 207 55 impossibile
1333 773 96 55 est
1389 773 138 55 primum
1485 773 124 55 actum
1568 773 207 55 fantasiandi
1733 773 138 55 haberi
1815 773 83 55 natu

1158 821 151 53 raliter.
1272 821 101 53 nunc
1335 821 113 53 autem
1410 821 88 53 per
1460 821 214 53 propositionem
1636 821 176 53 frequenter
1762 821 126 53 acceptam

1168 864 116 61 quando
1250 864 128 61 aliquid
1342 864 81 61 sic
1389 864 70 61 se
1424 864 104 61 habet
1493 864 93 61 quod
1551 864 93 61 illo
1609 864 116 61 posito
1690 864 116 61 potest
1771 864 104 61 aliud
1829 864 70 61 poni

1163 916 205 48 naturaliter:
1330 916 77 48 et
1369 916 103 48 illo
1433 916 90 48 non
1484 916 128 48 posito
1574 916 90 48 non
1625 916 128 48 potest
1715 916 116 48 aliud
1792 916 103 48 poni
1844 916 51 48 na

1169 952 149 57 turaliter
1283 952 103 57 illud
1352 952 80 57 est
1397 952 103 57 causa
1466 952 126 57 illius:
1557 952 80 57 sed
1603 952 80 57 sic
1649 952 80 57 est
1695 952 69 57 de
1729 952 160 57 cognitione
1843 952 46 57 in

1158 1001 166 53 tuitiua
1279 1001 166 53 sensus.
1400 1001 91 53 et
1445 1001 136 53 primo
1536 1001 121 53 actu
1611 1001 227 53 fantasiandi
1792 1001 91 53 et
1822 1001 76 53 non

1157 1046 82 59 de
1198 1046 150 59 obiecto
1307 1046 177 59 sensibili
1443 1046 82 59 in
1484 1046 109 59 actu
1552 1046 218 59 fantasiandi:
1729 1046 109 59 ergo
1783 1046 109 59 cogni-

1157 1091 96 55 tio
1212 1091 178 55 intuitiua
1349 1091 137 55 sensus
1444 1091 96 55 est
1499 1091 123 55 causa
1581 1091 178 55 partialis
1717 1091 164 55 respectu
1827 1091 68 55 pri

1161 1128 90 69 mi
1206 1128 135 69 actus
1296 1128 225 69 fantasiandi
1476 1128 90 69 et
1521 1128 105 69 non
1580 1128 195 69 sensibile
1730 1128 135 69 extra
1835 1128 60 69 Ex

1164 1175 107 54 istis
1236 1175 143 54 sequitur
1343 1175 95 54 quod
1402 1175 119 54 primus
1486 1175 107 54 actus
1557 1175 179 54 fantasiandi
1700 1175 95 54 tunc
1760 1175 83 54 est
1796 1175 95 54 quando

1166 1213 142 64 sensus
1265 1213 171 64 exterior
1393 1213 100 64 est
1450 1213 85 64 in
1493 1213 114 64 actu
1564 1213 156 64 elicito
1678 1213 128 64 circa
1749 1213 142 64 sensibi-

1164 1263 86 58 le:
1213 1263 98 58 quia
1274 1263 123 58 primus
1360 1263 86 58 non
1410 1263 123 58 potest
1496 1263 123 58 haberi
1582 1263 86 58 non
1631 1263 160 58 existente
1741 1263 148 58 cognitione

1154 1311 180 50 intuitiua
1293 1311 153 50 sensus:
1404 1311 111 50 quia
1473 1311 111 50 tunc
1542 1311 153 50 deficit
1653 1311 97 50 vna
1709 1311 125 50 causa
1778 1311 111 50 partia

1160 1350 97 56 lis
1215 1350 193 56 necessario
1367 1350 193 56 requisita:
1519 1350 97 56 nec
1574 1350 152 56 remanet
1684 1350 152 56 aliquid
1794 1350 83 56 in
1822 1350 69 56 po-

1162 1397 138 59 tentia
1259 1397 180 59 exteriori
1397 1397 111 59 post
1466 1397 124 59 actum
1549 1397 111 59 quae
1618 1397 111 59 eius
1688 1397 124 59 vicem
1757 1397 138 59 suppleat

1179 1436 101 61 Sed
1237 1436 115 61 tunc
1309 1436 101 61 est
1366 1436 144 61 dubium
1467 1436 129 61 vtrum
1553 1436 115 61 illa
1625 1436 129 61 prima
1711 1436 172 61 cognitio
1826 1436 72 61 fam

1163 1489 117 48 tasie
1241 1489 91 48 sit
1293 1489 168 48 intuitiua
1422 1489 91 48 vel
1474 1489 194 48 abstractiua
1629 1489 142 48 videtur
1733 1489 104 48 quod
1784 1489 104 48 intui-

1157 1535 119 45 tiua.
1236 1535 92 45 tum
1289 1535 105 45 quia
1355 1535 158 45 mediante
1473 1535 105 45 illa
1539 1535 132 45 potest
1631 1535 158 45 potentia
1737 1535 158 45 iudicatiua

1163 1573 136 57 iudicare
1264 1573 79 57 rem
1310 1573 90 57 esse
1366 1573 113 57 quando
1445 1573 90 57 est:
1502 1573 68 57 et
1536 1573 79 57 non
1581 1573 90 57 esse
1637 1573 113 57 quando
1716 1573 79 57 non
1762 1573 79 57 est
1796 1573 90 57 stante

1162 1616 197 61 cognitione
1317 1616 197 61 sensitiua:
1471 1616 84 61 et
1513 1616 112 61 tunc
1584 1616 169 61 cognitio
1710 1616 169 61 mediante
1823 1616 70 61 qua

1164 1659 85 57 sic
1213 1659 158 57 iudicatur
1334 1659 85 57 est
1383 1659 158 57 intuitiua
1505 1659 122 57 parte.
1590 1659 85 57 tum
1639 1659 97 57 quia
1699 1659 110 57 omnis
1760 1659 122 57 cognitio

1159 1704 216 45 abstractiua
1332 1704 101 45 rei
1389 1704 231 45 praesupponit
1577 1704 87 45 in
1620 1704 130 45 eadem
1707 1704 173 45 potentia
1822 1704 72 45 co-

1161 1742 168 62 gnitionem
1290 1742 181 62 intuitiuam
1432 1742 142 62 eiusdem
1535 1742 103 62 rei:
1600 1742 90 62 sed
1652 1742 155 62 potentia
1755 1742 129 62 fantasti

1152 1800 92 46 ca
1198 1800 199 46 cognoscit
1351 1800 107 46 rem
1412 1800 230 46 abstractiue
1597 1800 199 46 destructa
1735 1800 153 46 cognitum

1154 1840 96 51 one
1209 1840 191 51 sensitiua:
1359 1840 109 51 quia
1428 1840 164 51 mediante
1550 1840 137 51 habitu
1646 1840 164 51 generato
1769 1840 82 51 ex
1796 1840 96 51 primo

1155 1880 113 53 actu.
1230 1880 100 53 ergo
1292 1880 113 53 prius
1367 1880 163 53 cognoscit
1492 1880 125 53 eandem
1580 1880 88 53 rem
1630 1880 175 53 intuitiue.
1755 1880 138 53 Respondeo

1152 1923 183 52 pluralitas
1296 1923 92 52 non
1348 1923 92 52 est
1400 1923 144 52 ponenda
1505 1923 105 52 sine
1570 1923 183 52 neccesste:
1714 1923 92 52 sed
1766 1923 92 52 non
1806 1923 92 52 appa-

1160 1970 98 52 ret
1216 1970 195 52 necessitas
1369 1970 153 52 ponendi
1481 1970 125 52 talem
1564 1970 209 52 cognitionem
1718 1970 167 52 intuitiuam

1151 2013 80 55 in
1191 2013 173 55 fantasia.
1323 2013 106 55 Ideo
1390 2013 106 55 dico
1456 2013 106 55 quod
1523 2013 120 55 prima
1603 2013 106 55 eius
1669 2013 159 55 cognitio
1789 2013 93 55 est
1829 2013 66 55 ab-

1154 2054 178 57 stractiua:
1294 2054 102 57 quia
1358 2054 76 57 in
1396 2054 89 57 vna
1446 2054 114 57 forma
1523 2054 102 57 quae
1586 2054 89 57 est
1637 2054 178 57 principium
1764 2054 127 57 multarum

1157 2100 233 54 cognitionum
1344 2100 187 54 sufficit
1484 2100 109 54 vna
1546 2100 187 54 cognitio
1686 2100 202 54 intuitiua
1826 2100 62 54 re

1164 2142 133 59 spectu
1257 2142 120 59 vnius
1337 2142 147 59 obiecti
1443 2142 120 59 vnius
1523 2142 160 59 potentie
1643 2142 133 59 illius
1736 2142 133 59 forme:
1816 2142 67 59 sed

1157 2195 105 46 tota
1223 2195 119 46 forma
1302 2195 171 46 sensitiua
1434 2195 79 46 in
1473 2195 132 46 homine
1566 2195 92 46 est
1618 2195 92 46 vna
1671 2195 132 46 forma:
1763 2195 119 46 licet
1829 2195 53 46 ha

1156 2229 113 59 beat
1227 2229 141 59 partes
1326 2229 170 59 diuersas
1453 2229 170 59 extensas
1580 2229 99 59 sub
1637 2229 170 59 diuersis
1750 2229 141 59 partibus

1151 2278 220 51 quantitatis:
1330 2278 110 51 ideo
1399 2278 165 51 respectu
1522 2278 124 51 vnius
1605 2278 151 51 obiecti
1714 2278 165 51 sufficit
1824 2278 69 51 co-

1161 2325 132 46 gnitio
1253 2325 172 46 intuitiua
1385 2325 119 46 vnius
1465 2325 158 46 potentie
1583 2325 132 46 illius
1676 2325 119 46 forme
1755 2325 79 46 et
1782 2325 92 46 respe

1162 2371 84 53 ctu
1210 2371 144 53 alterius
1318 2371 144 53 sufficit
1427 2371 156 53 congnitio
1547 2371 156 53 intuitiva
1667 2371 144 53 alterius
1764 2371 120 53 potentie

1164 2408 128 58 eiusdem
1257 2408 105 58 forme
1327 2408 81 58 non
1374 2408 105 58 solum
1444 2408 128 58 eiusdem
1537 2408 151 58 potentie:
1653 2408 105 58 sicut
1723 2408 105 58 patet
1793 2408 70 58 de
1816 2408 70 58 sen-

1157 2450 155 67 sibilibus
1276 2450 131 67 quinque
1371 2450 131 67 sensuum
1467 2450 179 67 exteriorum:
1609 2450 71 67 et
1645 2450 95 67 ideo
1705 2450 179 67 cognitiones
1835 2450 48 67 po

1155 2495 175 63 tentiarum
1289 2495 256 63 intellectiuarum
1504 2495 135 63 eiusde
1598 2495 121 63 forme
1679 2495 108 63 sunt
1733 2495 148 63 abstracti

1153 2538 74 63 ue.
1196 2538 63 63 et
1227 2538 106 63 perper
1301 2538 127 63 rationem
1396 2538 106 63 eandem
1470 2538 84 63 quia
1523 2538 95 63 anima
1586 2538 169 63 intellectiva
1723 2538 169 63 distinguitur
1850 2538 42 63 in

1162 2585 117 53 homine
1244 2585 141 53 realiter
1350 2585 59 53 a
1373 2585 164 53 sensitiua:
1502 2585 94 53 ideo
1561 2585 141 53 requirit
1666 2585 105 53 ipsam
1725 2585 152 53 cognitionem

1153 2627 161 74 intuitiuam
1280 2627 81 74 vel
1326 2627 161 74 sensitiuam
1453 2627 69 74 et
1488 2627 150 74 similiter
1603 2627 185 74 intelligitur
1753 2627 104 74 illud
1811 2627 69 74 quod
