2301 3073
398 176 125 70 loris.
485 176 62 70 ⁋
510 176 149 70 Secundum
622 176 125 70 dubium
709 176 100 70 est:
771 176 100 70 quia
834 176 137 70 videtur
933 176 100 70 quod
996 176 149 70 causatum
1095 176 50 70 a-

398 231 175 60 sensibili
532 231 81 60 in
572 231 121 60 medio
653 231 94 60 non
707 231 94 60 sit
761 231 148 60 eiusdem
868 231 161 60 rationis
989 231 94 60 cum
1029 231 108 60 sensi-

403 278 121 54 bili:
483 278 94 54 nam
537 278 94 54 per
591 278 229 54 commentatorem
779 278 148 54 secundo
887 278 81 54 de
927 278 121 54 anima
994 278 135 54 commento

409 319 119 65 xxvi.
488 319 119 65 sicut
567 319 119 65 color
646 319 119 65 habet
726 319 132 65 duplex
818 319 106 65 esse
884 319 132 65 quorum
977 319 106 65 vnum
1043 319 92 65 est
1082 319 53 65 in

397 363 158 62 corpore
512 363 201 62 terminato:
669 363 86 62 et
713 363 129 62 illud
799 363 101 62 est
856 363 172 62 naturale
985 363 86 62 et
1028 363 129 62 aliud

394 412 93 55 in
441 412 186 55 dyapbono
581 412 109 55 non
643 412 217 55 terminato:
814 412 93 55 et
860 412 109 55 est
922 412 140 55 illud
1015 412 93 55 in
1046 412 78 55 quo

400 451 74 60 est
443 451 127 60 extraneo
538 451 95 60 modo.
601 451 74 60 sic
643 451 137 60 similiter
749 451 95 60 sapor
812 451 95 60 habet
876 451 74 60 duo
918 451 95 60 esse:
981 451 127 60 scilicet
1066 451 63 60 esse

400 495 85 56 in
442 495 142 56 humido
542 495 185 56 saporali:
684 495 85 56 et
727 495 100 56 est
784 495 114 56 esse
855 495 171 56 naturale
983 495 85 56 et
1025 495 114 56 esse
1082 495 57 56 in

396 537 138 70 humido
493 537 97 70 non
548 537 180 70 saporali:
687 537 83 70 et
728 537 97 70 est
783 537 111 70 esse
852 537 194 70 extraneum.
1005 537 111 70 Item
1060 537 69 70 con

404 586 123 62 mento.
490 586 110 62 exvi.
563 586 110 62 sicut
637 586 110 62 color
711 586 110 62 habet
784 586 123 62 duplex
870 586 98 62 esse
931 586 147 62 scilicet
1042 586 74 62 in
1066 586 74 62 cor-

399 626 113 67 pore
469 626 183 67 colorato:
610 626 85 67 et
653 626 99 67 hac
709 626 99 67 est
765 626 113 67 esse
836 626 183 67 corporale
977 626 85 67 et
1019 626 113 67 esse
1076 626 56 67 in

410 671 146 61 dyaphano
520 671 73 61 et
556 671 85 61 hoc
605 671 98 61 esse
666 671 85 61 est
715 671 183 61 spirituale.
861 671 85 61 ita
910 671 98 61 odor
971 671 110 61 habet
1032 671 98 61 duplex

405 717 113 60 esse
476 717 85 60 in
518 717 156 60 corpore
632 717 198 60 odorabili:
788 717 85 60 et
830 717 113 60 esse
901 717 85 60 in
944 717 142 60 medio.
1043 717 128 60 illud

404 763 117 56 autem
482 763 182 56 corporale:
625 763 117 56 istud
703 763 117 56 autem
781 763 195 56 spirituale.
937 763 117 56 illud
1002 763 130 56 naturale

409 805 76 70 et
447 805 89 70 hoc
498 805 177 70 extraneum.
637 805 101 70 Item
700 805 139 70 ibidem.
801 805 190 70 impossibile
953 805 89 70 est
1004 805 101 70 quod
1054 805 76 70 odor

404 847 93 61 sit
457 847 79 61 im
496 847 106 61 aere
563 847 119 61 sicut
642 847 79 61 in
682 847 146 61 corpore
788 847 185 61 composito:
933 847 172 61 simplicia
1053 847 79 61 enim

415 891 101 60 non
472 891 187 60 recipiunt
616 891 144 60 odores
717 891 173 60 remanent
847 891 115 60 ergo
919 891 86 60 vt
962 891 101 60 sit
1020 891 86 60 in
1049 891 86 60 ipso

410 937 134 62 sicut
500 937 134 62 color
589 937 90 62 in
634 937 194 62 dyaphano.
783 937 90 62 Ex
828 937 134 62 istis
917 937 179 62 arguitur
1037 937 104 62 corpo

410 983 101 62 rale
474 983 76 62 et
512 983 190 62 incorporale
664 983 165 62 differunt
791 983 139 62 specie:
892 983 89 62 sed
943 983 114 62 color
1019 983 76 62 in
1044 983 89 62 corpo

402 1022 91 67 re
447 1022 198 67 terminato
600 1022 137 67 habet
691 1022 122 67 esse
767 1022 213 67 corporale:
934 1022 91 67 in
980 1022 137 67 medio
1056 1022 91 67 esse

411 1067 171 64 spirituale.
548 1067 91 64 ergo
605 1067 80 64 etc
651 1067 57 64 ⁋
673 1067 91 64 Item
731 1067 69 64 si
765 1067 114 64 essent
845 1067 126 64 eiusdem
936 1067 137 64 speciei:
1039 1067 91 64 tunc
1085 1067 57 64 non

420 1119 166 52 diceretur
548 1119 102 52 quod
612 1119 115 52 color
689 1119 115 52 habet
766 1119 128 52 duplex
856 1119 102 52 esse
920 1119 77 52 in
958 1119 141 52 corpore
1060 1119 77 52 et
1086 1119 64 52 me-

421 1156 109 61 dio:
490 1156 123 61 sicut
571 1156 95 61 nec
626 1156 150 61 dicitur
735 1156 109 61 quod
803 1156 136 61 albedo
899 1156 136 61 habeat
994 1156 136 61 duplex
1076 1156 68 61 est

418 1200 98 61 se:
474 1200 112 61 quia
544 1200 126 61 habet
627 1200 112 61 esse
697 1200 84 61 in
739 1200 126 61 ligno
823 1200 84 61 et
865 1200 140 61 lapide
963 1200 70 61 ⁋
990 1200 98 61 Ite
1032 1200 112 61 commen

411 1244 102 59 to.
470 1244 87 59 c.
513 1244 145 59 gustus
615 1244 102 59 non
673 1244 160 59 indiget
790 1244 131 59 medio
877 1244 189 59 extraneo:
1022 1244 116 59 ideo
1080 1244 73 59 cum

415 1291 172 58 fuerimus
544 1291 86 58 in
587 1291 115 58 aqua
659 1291 86 58 in
702 1291 115 58 quam
773 1291 172 58 mittitur
903 1291 158 58 aliquod
1017 1291 129 58 dulce
1089 1291 72 58 no-

414 1332 100 60 bis
471 1332 199 60 admiscendo
627 1332 100 60 cum
684 1332 114 60 aqua
755 1332 85 60 ad
798 1332 114 60 hoc:
869 1332 114 60 quia
940 1332 114 60 aqua
1011 1332 100 60 non
1053 1332 100 60 reci-

426 1378 96 56 bit
481 1378 151 56 saporem
591 1378 192 56 abstractum
741 1378 68 56 a
769 1378 164 56 materia:
892 1378 82 56 et
933 1378 137 56 reddit
1029 1378 96 56 eum
1070 1378 82 56 isti

408 1428 147 52 sensui
511 1428 132 52 sicut
600 1428 103 52 est
658 1428 88 52 de
703 1428 147 52 mediis
806 1428 191 52 extraneis
953 1428 118 52 quae
1012 1428 132 52 reddunt

417 1467 191 58 sensibilia
568 1467 178 58 sensibus:
704 1467 109 58 illa
773 1467 109 58 enim
841 1467 96 58 non
895 1467 178 58 recipiunt
1018 1467 137 58 sensibi-

416 1514 91 59 lia
468 1514 91 59 cum
520 1514 182 59 corporibus
663 1514 78 59 in
702 1514 130 59 quibus
793 1514 169 59 existunt:
923 1514 91 59 sed
975 1514 182 59 abstractum
1105 1514 39 59 a

410 1554 160 62 materia.
530 1554 107 62 Item
597 1554 120 62 post.
677 1554 120 62 color
757 1554 93 62 non
810 1554 147 62 videtur
917 1554 93 62 ita
970 1554 107 62 quod
1024 1554 120 62 aliquid

421 1598 80 62 ex
461 1598 80 62 eo
501 1598 201 62 admisceatur
662 1598 94 62 cum
715 1598 107 62 aqua
782 1598 94 62 aut
836 1598 121 62 aere:
916 1598 94 62 nec
970 1598 107 62 quod
1023 1598 121 62 aliquid

409 1648 79 51 ab
448 1648 79 51 eo
488 1648 132 51 currat
580 1648 79 51 in
620 1648 119 51 aquam
699 1648 92 51 aut
751 1648 132 51 aerem:
844 1648 92 51 sed
896 1648 132 51 tantum
989 1648 171 51 recipiunt
1107 1648 53 51 ab

420 1691 92 58 eo
466 1691 229 58 intentionem
649 1691 168 58 coloris
771 1691 214 58 abstractam
939 1691 76 58 a
970 1691 183 58 materia.
1092 1691 61 58 Ex

417 1729 128 56 istis
502 1729 186 56 arguitur.
645 1729 200 56 abstractum
802 1729 71 56 a
831 1729 157 56 materia
945 1729 86 56 et
988 1729 100 56 non
1031 1729 128 56 abstra-

418 1779 109 61 ctum
487 1779 68 61 a
514 1779 150 61 materia
623 1779 178 61 differunt
760 1779 150 61 specie:
869 1779 96 61 sed
924 1779 123 61 color
1006 1779 82 61 in
1033 1779 123 61 obiecto

421 1814 100 64 non
478 1814 100 64 est
535 1814 200 64 abstractus
693 1814 72 64 a
721 1814 172 64 materia:
850 1814 86 64 in
893 1814 129 64 medio
979 1814 115 64 vero
1051 1814 100 64 est
1094 1814 57 64 ab

431 1861 149 66 stractus
542 1861 62 66 a
567 1861 149 66 materia.
679 1861 99 66 ergo
741 1861 99 66 etc.
803 1861 62 66 ⁋
827 1861 99 66 Item
889 1861 149 66 probatur
1001 1861 136 66 ratione
1088 1861 74 66 pri-

418 1903 77 66 mo
457 1903 102 66 sic.
521 1903 179 66 quaecunque
661 1903 102 66 sunt
725 1903 141 66 eiusdem
827 1903 153 66 rationis
942 1903 128 66 habent
1019 1903 128 66 effectus

421 1942 146 63 eiusdem
527 1942 173 63 rationis:
660 1942 93 63 sed
714 1942 120 63 color
794 1942 80 63 in
833 1942 146 63 obiecto
940 1942 80 63 et
980 1942 80 63 in
1020 1942 120 63 medio
1086 1942 67 63 non

431 1996 92 59 sunt
489 1996 161 59 huiusmodi.
616 1996 92 59 ergo
673 1996 92 59 etc.
731 1996 104 59 maior
800 1996 115 59 patet:
880 1996 104 59 minor
949 1996 150 59 probatur.
1064 1996 81 59 tum
1099 1996 69 59 quia

433 2035 128 60 color
518 2035 85 60 in
561 2035 156 60 corpore
675 2035 85 60 et
717 2035 100 60 lux
774 2035 85 60 in
817 2035 156 60 corpore
930 2035 171 60 luminoso
1044 2035 114 60 super-

426 2082 142 69 positi
525 2082 127 69 visui
610 2082 184 69 impediunt
751 2082 184 69 visionem:
893 2082 99 69 sed
950 2082 127 69 color
1035 2082 85 69 in
1063 2082 99 69 medio

435 2133 67 52 et
468 2133 111 52 lumen.
546 2133 145 52 similiter
658 2133 111 52 quando
736 2133 189 52 superponuntur
892 2133 100 52 visui
958 2133 67 52 vt
992 2133 111 52 quando
1059 2133 100 52 tangunt

432 2171 177 63 pupillam
565 2171 132 63 oculi
653 2171 191 63 impediunt
800 2171 147 63 visum:
903 2171 118 63 quia
977 2171 132 63 color
1065 2171 88 63 in
1094 2171 74 63 me-

433 2217 101 55 dio
490 2217 144 55 causat
591 2217 172 55 visionem
720 2217 86 55 et
763 2217 101 55 non
820 2217 86 55 in
863 2217 158 55 corpore
978 2217 187 55 colorato.
1108 2217 57 55 Et

434 2257 151 60 similiter
551 2257 82 60 est
597 2257 70 60 de
632 2257 93 60 luce
691 2257 70 60 et
725 2257 116 60 lumine
807 2257 93 60 quod
865 2257 105 60 tamen
935 2257 82 60 non
982 2257 128 60 oportet
1075 2257 93 60 esse
1121 2257 47 60 ve

438 2301 86 58 rum
487 2301 74 58 si
524 2301 123 58 essent
610 2301 135 58 eiusdem
708 2301 160 58 rationis:
830 2301 74 58 et
867 2301 123 58 quando
953 2301 123 58 aliqua
1039 2301 98 58 sunt
1088 2301 86 58 eius-

442 2347 80 56 dem
487 2347 137 56 rationis
590 2347 69 56 et
625 2347 149 56 differunt
739 2347 103 56 solum
808 2347 137 56 secundum
911 2347 103 56 magis
980 2347 149 56 perfectum
1094 2347 69 56 et
1117 2347 46 56 mi

433 2398 98 49 nus
489 2398 196 49 perfectum.
643 2398 84 49 si
685 2398 210 49 imperfectum
854 2398 224 49 approximatum
1036 2398 126 49 passo
1106 2398 56 49 po

432 2432 123 66 test
508 2432 169 66 causare
631 2432 169 66 aliquem
754 2432 199 66 effectum:
907 2432 215 66 multomagis
1061 2432 107 66 perfe

432 2480 124 56 ctius
515 2480 83 56 si
557 2480 221 56 approximetur
736 2480 124 56 passo
819 2480 138 56 potest
916 2480 152 56 causare
1027 2480 124 56 illum
1096 2480 83 56 effe

431 2519 134 65 ctum.
520 2519 89 65 si
565 2519 119 65 ergo
639 2519 134 65 color
728 2519 89 65 in
773 2519 163 65 corpore
892 2519 89 65 et
936 2519 89 65 in
981 2519 134 65 medio
1055 2519 119 65 essent

433 2566 155 81 eiusdem
546 2566 169 81 rationis
673 2566 85 81 et
715 2566 127 81 color
799 2566 85 81 in
842 2566 127 81 medio
926 2566 113 81 siue
997 2566 155 81 species
1095 2566 85 81 colo

1226 168 115 66 ris
1291 168 99 66 in
1341 168 148 66 medio
1439 168 181 66 tangens
1571 168 165 66 passum
1686 168 165 66 causat
1785 168 181 66 visionem:

1231 212 218 62 multomagis
1403 212 140 62 color
1496 212 93 62 in
1543 212 171 62 corpore
1667 212 249 62 superpositus
1854 212 109 62 visui

1236 256 143 60 causaret
1343 256 154 60 visionem:
1462 256 95 60 quod
1521 256 83 60 est
1569 256 119 60 contra
1652 256 119 60 sensum
1735 256 59 60 ⁋
1759 256 95 60 Item
1818 256 119 60 quando
1890 256 71 60 ali-

1218 300 106 72 qua
1279 300 137 72 forma
1370 300 258 72 augmentabilis
1582 300 182 72 causatur
1718 300 91 72 ab
1764 300 152 72 aliqua
1855 300 106 72 causa

1231 347 126 61 eiusdem
1322 347 137 61 rationis
1425 347 80 61 per
1471 347 115 61 eandem
1551 347 137 61 rationem
1654 347 103 61 causa
1723 347 115 61 potest
1803 347 115 61 augeri
1883 347 69 61 si
1906 347 46 61 ap

1229 390 171 61 proximetur
1363 390 110 61 patet
1437 390 73 61 de
1474 390 122 61 colore
1559 390 98 61 quae
1620 390 122 61 potest
1706 390 122 61 augeri
1792 390 86 61 per
1841 390 110 61 alium
1902 390 61 61 co-

1225 432 109 65 lore
1294 432 109 65 siue
1362 432 178 65 generari.
1499 432 82 65 si
1540 432 109 65 ergo
1608 432 137 65 albedo
1703 432 82 65 in
1744 432 123 65 medio
1826 432 96 65 sit
1867 432 96 65 eius-

1220 489 100 48 dem
1277 489 172 48 rationis
1406 489 100 48 cum
1463 489 172 48 albedine
1592 489 86 48 in
1635 489 157 48 corpore
1749 489 129 48 albo:
1835 489 115 48 ergo
1892 489 72 48 al-

1216 528 137 53 bedo
1301 528 102 53 in
1352 528 154 53 medio
1455 528 188 53 causata
1591 528 102 53 ab
1643 528 205 53 albedine
1796 528 102 53 in
1830 528 137 53 corpo-

1228 566 77 65 re
1267 566 103 65 albo
1331 566 128 65 potest
1421 566 128 65 augeri
1510 566 90 65 per
1562 566 128 65 eandem
1651 566 90 65 vel
1703 566 90 65 per
1754 566 154 65 similem.
1869 566 77 65 et
1895 566 64 65 per

1232 610 162 67 consequens
1360 610 116 67 posset
1441 610 116 67 tantum
1522 610 116 67 augeri
1604 610 93 67 quod
1661 610 104 67 esset
1731 610 81 67 tam
1777 610 104 67 albus
1847 610 81 67 aer
1882 610 81 67 sicut

1239 654 97 64 nix.
1300 654 61 64 ⁋
1324 654 97 64 Item
1385 654 97 64 quae
1446 654 97 64 sunt
1507 654 134 64 eiusdem
1604 654 146 64 rationis
1714 654 158 64 causantur
1836 654 73 64 et
1860 654 110 64 corrum-

1231 698 136 65 puntur
1327 698 136 65 saltem
1422 698 150 65 possunt
1531 698 68 65 a
1558 698 136 65 causis
1653 698 150 65 eiusdem
1762 698 177 65 rationis:
1898 698 95 65 sed

1233 741 125 65 illud
1316 741 111 65 quod
1385 741 166 65 causatur
1510 741 83 65 in
1552 741 125 65 medio
1635 741 208 65 corrumpitur
1801 741 97 65 per
1842 741 125 65 absenti

1229 787 94 56 am
1276 787 156 56 lucis:
1386 787 109 56 nec
1448 787 141 56 manet
1542 787 94 56 in
1589 787 125 56 eius
1667 787 188 56 absentia
1808 787 141 56 color
1886 787 78 56 non

1241 833 219 65 corrumpitur
1417 833 88 65 in
1461 833 176 65 absentia
1593 833 132 65 lucis
1680 833 102 65 sed
1739 833 88 65 in
1783 833 176 65 absentia
1900 833 73 65 ma-

1231 888 103 45 net
1290 888 133 45 sicut
1379 888 88 45 in
1423 888 206 45 presentia.
1585 888 74 45 ⁋
1615 888 118 45 Item
1688 888 88 45 si
1732 888 118 45 sic:
1806 888 118 45 tunc
1865 888 118 45 albedo

1236 926 119 50 esset
1315 926 119 50 causa
1395 926 172 50 efficiens
1527 926 159 50 vniuoca:
1647 926 106 50 quia
1713 926 212 50 quandocunque
1885 926 93 50 est
1925 926 53 50 a-

1235 964 138 57 liqua
1327 964 108 57 res
1388 964 184 57 absoluta
1527 964 215 57 necessario
1695 964 200 57 requisita
1849 964 92 57 ad
1880 964 92 57 exi-

1232 1014 181 56 stentiam
1367 1014 181 56 alterius
1503 1014 105 56 rei
1563 1014 241 56 naturaliter.
1758 1014 120 56 dico
1834 1014 120 56 sine
1894 1014 75 56 qua

1248 1051 81 67 res
1295 1051 81 67 non
1341 1051 116 67 potest
1423 1051 105 67 esse:
1493 1051 70 67 et
1528 1051 93 67 ipsa
1586 1051 116 67 posita
1667 1051 116 67 potest
1749 1051 93 67 alia
1807 1051 81 67 res
1854 1051 105 67 esse:
1912 1051 58 67 il-

1247 1094 72 60 la
1283 1094 84 60 res
1331 1094 84 60 vel
1378 1094 84 60 est
1426 1094 107 60 causa
1498 1094 119 60 illius
1581 1094 143 60 effectus
1689 1094 84 60 vel
1736 1094 107 60 causa
1808 1094 107 60 cause
1880 1094 84 60 vel
1915 1094 60 60 di-

1236 1142 183 57 sponsitio
1377 1142 197 57 necessario
1532 1142 197 57 requisita:
1687 1142 99 57 sed
1743 1142 141 57 albedo
1842 1142 85 57 in
1870 1142 99 57 medio

1242 1194 96 48 non
1297 1194 138 48 potest
1394 1194 207 48 naturaliter
1559 1194 151 48 causari
1669 1194 110 48 nisi
1738 1194 179 48 existente
1876 1194 83 48 et
1903 1194 69 48 pre

1243 1228 127 56 sente
1327 1228 169 56 albedine
1454 1228 84 56 in
1496 1228 155 56 corpore
1609 1228 239 56 quantumcunque
1806 1228 99 56 lux
1862 1228 99 56 sit
1905 1228 70 56 pre

1237 1275 112 55 sens
1307 1275 84 55 in
1349 1275 140 55 medio:
1446 1275 84 55 et
1488 1275 112 55 ipsa
1558 1275 140 55 posita
1656 1275 98 55 cum
1712 1275 112 55 luce
1782 1275 140 55 potest
1865 1275 126 55 causari

1238 1326 131 48 albedo
1330 1326 79 48 in
1369 1326 118 48 medio
1448 1326 92 48 per
1500 1326 92 48 te:
1552 1326 79 48 et
1592 1326 92 48 non
1644 1326 92 48 est
1697 1326 118 48 causa
1775 1326 131 48 cause:
1867 1326 105 48 quia
1919 1326 66 48 nec

1239 1369 132 51 lucis
1328 1369 103 51 nec
1386 1369 177 51 alterius
1519 1369 103 51 nec
1578 1369 206 51 dispositio
1740 1369 147 51 cause:
1843 1369 118 51 quia
1901 1369 74 51 non

1245 1412 232 52 approximatio
1433 1412 174 52 alicuius
1564 1412 131 52 cause
1651 1412 116 52 etc.
1723 1412 116 52 ergo
1796 1412 102 52 est
1854 1412 116 52 vere
1912 1412 73 52 cau

1247 1449 89 64 sa
1292 1449 193 64 efficiens
1440 1449 178 64 respectu
1574 1449 149 64 illius
1678 1449 163 64 causati
1797 1449 89 64 in
1841 1449 134 64 medio
1916 1449 59 64 et

1246 1502 124 52 causa
1329 1502 110 52 dico
1398 1502 193 52 vniuocat⁋s
1549 1502 110 52 Item
1618 1502 83 52 si
1659 1502 96 52 duo
1714 1502 110 52 alba
1783 1502 179 52 videantur
1906 1502 69 52 per

1243 1538 111 62 idem
1312 1538 138 62 medium
1409 1538 124 62 sicut
1492 1538 97 62 est
1547 1538 194 62 possibile:
1699 1538 111 62 tunc
1769 1538 83 62 in
1810 1538 124 62 eadem
1879 1538 97 62 parte

1244 1582 147 60 medii
1342 1582 114 60 vel
1407 1582 163 60 essent
1521 1582 114 60 due
1587 1582 212 60 albedines
1750 1582 180 60 causate
1881 1582 82 60 a
1897 1582 98 60 dua-

1253 1637 101 54 bus
1310 1637 217 54 albedinibus
1484 1637 87 54 in
1527 1637 173 54 obiectis
1657 1637 144 54 visis:
1758 1637 101 54 vel
1816 1637 87 54 si
1845 1637 130 54 faciani

1258 1675 187 63 albedinem
1402 1675 115 63 vnam
1474 1675 159 63 faciunt
1589 1675 187 63 albedinem
1733 1675 231 63 intentiorem.
1906 1675 87 63 quam

1260 1724 143 53 prius:
1360 1724 114 53 quod
1431 1724 157 53 videtur
1545 1724 143 53 falsum
1645 1724 86 53 et
1687 1724 143 53 contra
1787 1724 157 53 sensum.
1901 1724 71 53 ⁋
1915 1724 86 53 Ter-

1244 1761 108 51 tium
1311 1761 135 51 dubium
1405 1761 94 51 est
1459 1761 81 51 de
1499 1761 94 51 hoc
1553 1761 108 51 quod
1620 1761 148 51 videtur
1728 1761 108 51 quod
1795 1761 121 51 eadem
1876 1761 108 51 pars
1930 1761 67 51 non

1254 1806 141 62 potest
1353 1806 127 62 simul
1437 1806 70 62 a
1465 1806 169 62 diuersis
1592 1806 183 62 coloribus
1733 1806 197 62 contrariis
1874 1806 113 62 infor-

1242 1848 117 52 mari
1316 1848 117 52 siue
1389 1848 117 52 illi
1462 1848 176 52 effectus
1594 1848 161 52 causati
1711 1848 88 52 in
1755 1848 132 52 medio
1843 1848 117 52 sint
1902 1848 88 52 eius

1258 1891 94 57 dem
1311 1891 160 57 rationis
1431 1891 94 57 cum
1485 1891 174 57 coloribus
1619 1891 67 57 a
1645 1891 134 57 quibus
1739 1891 174 57 causantur
1873 1891 107 57 siue
1926 1891 67 57 non

1252 1942 68 55 ⁋
1280 1942 137 55 Contra
1375 1942 150 55 aliquid
1485 1942 96 55 est
1540 1942 123 55 natum
1622 1942 123 55 agere
1704 1942 82 55 in
1745 1942 150 55 distans
1854 1942 82 55 et
1895 1942 82 55 in
1923 1942 68 55 me-

1259 1977 121 62 dium:
1339 1977 81 62 et
1380 1977 108 62 omne
1447 1977 135 62 medium
1541 1977 108 62 quod
1609 1977 94 62 non
1663 1977 94 62 est
1717 1977 189 62 receptiuum
1851 1977 135 62 actionis

1249 2028 176 52 agentis
1377 2028 176 52 impedit
1504 2028 144 52 ipsum
1600 2028 144 52 agens
1696 2028 144 52 agere
1792 2028 96 52 in
1823 2028 160 52 distans.

1256 2066 128 68 Istud
1341 2066 142 68 patet:
1441 2066 114 68 quia
1512 2066 85 68 si
1554 2066 114 68 vnus
1625 2066 156 68 angelus
1739 2066 114 68 agat
1810 2066 85 68 in
1853 2066 128 68 alium
1924 2066 71 68 di-

1261 2106 152 72 stantem
1372 2106 83 72 et
1413 2106 97 72 non
1468 2106 83 72 in
1509 2106 152 72 medium:
1620 2106 110 72 tunc
1689 2106 138 72 medium
1785 2106 193 72 quodcunque
1923 2106 69 72 fue

1261 2164 101 56 rit
1318 2164 116 56 siue
1391 2164 145 56 corpus
1492 2164 130 56 rarum
1579 2164 116 56 siue
1651 2164 145 56 corpus
1753 2164 159 56 densum:
1869 2164 116 56 siue
1927 2164 72 56 sit

1259 2201 193 65 proportio
1407 2201 133 65 inter
1496 2201 119 65 vnum
1570 2201 163 65 agentem
1689 2201 89 65 et
1733 2201 133 65 alium
1822 2201 104 65 non
1867 2201 133 65 impedit

1270 2251 165 50 actionem
1394 2251 124 50 vnius
1477 2251 138 50 angeli
1573 2251 83 50 in
1614 2251 138 50 alium:
1711 2251 124 50 licet
1793 2251 96 50 non
1849 2251 110 50 agat
1917 2251 83 50 in
1945 2251 55 50 me

1268 2286 121 68 dium:
1348 2286 107 68 quia
1415 2286 134 68 medium
1509 2286 94 68 non
1563 2286 94 68 est
1617 2286 121 68 natum
1697 2286 161 68 recipere
1818 2286 161 68 effectus
1925 2286 81 68 illi

1266 2333 83 67 us
1308 2333 167 67 agentis:
1433 2333 111 67 ergo
1502 2333 83 67 ex
1544 2333 167 67 opposito
1669 2333 83 67 si
1711 2333 125 67 agens
1794 2333 97 67 sit
1850 2333 125 67 natum
1920 2333 83 67 age-

1261 2377 83 59 re
1303 2377 83 59 in
1344 2377 166 59 terminum
1469 2377 180 59 distantem
1607 2377 83 59 et
1648 2377 83 59 in
1690 2377 152 59 medium.
1800 2377 83 59 si
1842 2377 138 59 medium
1925 2377 69 59 non

1268 2418 161 65 recipiat
1388 2418 161 65 effectum
1509 2418 148 65 agentis
1617 2418 161 65 impedit:
1738 2418 94 65 sed
1791 2418 81 65 si
1832 2418 121 65 album
1912 2418 81 65 et
1939 2418 54 65 ni

1261 2464 116 65 grum
1333 2464 189 65 equaliter
1478 2464 247 65 approximentur
1681 2464 131 65 visui
1768 2464 102 65 per
1826 2464 116 65 idem
1884 2464 116 65 medium

1259 2516 83 53 si
1301 2516 83 53 in
1343 2516 125 53 eodem
1426 2516 125 53 medio
1509 2516 97 53 non
1565 2516 139 53 potest
1662 2516 111 53 esse
1732 2516 167 53 effectus
1843 2516 153 53 albedinis

1267 2554 85 76 et
1309 2554 198 76 nigredinis
1465 2554 156 76 propter
1579 2554 241 76 repugnantiam.
1777 2554 113 76 ergo
1848 2554 85 76 si
1890 2554 85 76 in
1919 2554 99 76 eodem
