2255 3050
368 216 139 55 diri.
460 216 108 55 nec
522 216 185 55 voluntas
661 216 154 55 potest
769 216 216 55 suspendere
938 216 93 55 se
985 216 93 55 ab
1015 216 93 55 omni

381 265 116 61 illo
453 265 130 61 actu:
539 265 116 61 ergo
612 265 101 61 est
670 265 159 61 aliquis
785 265 130 61 actus
872 265 87 61 in
915 265 188 61 voluntate
1045 265 58 61 an

376 315 110 57 geli
445 315 96 57 qui
500 315 165 57 causatur
624 315 69 57 a
651 315 110 57 solo
720 315 110 57 deo.
789 315 110 57 Item
858 315 83 57 si
899 315 96 57 non
954 315 165 57 causetur
1064 315 41 57 a

379 352 125 56 solo
458 352 110 56 deo
520 352 110 56 aut
583 352 157 56 igitur
692 352 78 56 a
724 352 203 56 voluntate
880 352 172 56 damnati
1005 352 110 56 aut
1052 352 63 56 ab

377 391 146 62 habitu
480 391 102 62 non
538 391 73 62 a
567 391 205 62 voluntate:
728 391 117 62 quia
801 391 117 62 tunc
874 391 175 62 voluntas
991 391 117 62 posset

384 435 124 57 illum
467 435 124 57 actum
549 435 179 57 impedire:
687 435 96 57 nec
742 435 82 57 ab
783 435 137 57 habitu
879 435 96 57 cum
934 435 151 57 habitus
1030 435 69 57 sit

378 477 155 62 eiusdem
491 477 169 62 rationis
618 477 85 62 in
660 477 99 62 via
717 477 85 62 et
759 477 85 62 in
801 477 155 62 patria:
914 477 85 62 et
957 477 85 62 in
999 477 99 62 via
1041 477 71 62 non

382 528 202 57 necessitat
540 528 216 57 voluntatem:
713 528 144 57 igitur
814 528 101 57 nec
871 528 86 57 in
915 528 144 57 patria
1001 528 101 57 patet

379 568 83 58 de
421 568 180 58 caritate.
559 568 180 58 Similiter
697 568 83 58 si
738 568 166 58 causetur
862 568 83 58 ab
904 568 138 58 habitu
1001 568 97 58 cum
1042 568 69 58 deo

379 621 170 51 dummodo
502 621 108 51 non
564 621 185 51 causetur
703 621 77 51 a
734 621 216 51 voluntate:
904 621 108 51 sed
950 621 155 51 voluntas

378 657 97 62 sit
434 657 111 62 pure
503 657 153 62 passiua
614 657 167 62 respectu
740 657 153 62 illius:
851 657 167 62 sufficit
976 657 111 62 mihi
1032 657 83 62 quia

378 702 114 59 tunc
449 702 114 59 ille
520 702 128 59 actus
605 702 142 59 potest
705 702 114 59 dici
776 702 227 59 necessarius.
961 702 114 59 Item
1017 702 100 59 actus

381 752 107 51 quo
442 752 152 51 beatus
548 752 122 51 amat
625 752 122 51 deum
701 752 137 51 clare
792 752 137 51 visum
883 752 183 51 causatur
1021 752 76 51 a
1036 752 76 51 so-

388 788 80 64 lo
428 788 94 64 deo
481 788 94 64 sic
535 788 107 64 quod
602 788 94 64 non
655 788 134 64 libere
749 788 161 64 causatur
869 788 67 64 a
896 788 174 64 voluntate
1016 788 94 64 crea-

384 835 98 60 ta.
440 835 112 60 ergo
510 835 98 60 est
567 835 155 60 aliquis
679 835 127 60 actus
764 835 98 60 qui
820 835 98 60 non
876 835 98 60 est
932 835 84 60 in
960 835 155 60 potestate

386 876 205 63 voluntatis
547 876 73 63 â‹
576 876 88 63 Ex
620 876 132 63 istis
708 876 146 63 potest
810 876 190 63 assignari
956 876 132 63 ratio
1029 876 88 63 con-

393 920 218 57 firmationis
568 920 160 57 bonorum
684 920 87 57 et
728 920 247 57 obstinationis
931 920 174 57 malorum.
1047 920 73 57 Nam

397 964 82 69 in
438 964 136 69 beatis
534 964 164 69 causatur
656 964 95 69 tam
711 964 123 69 actus
793 964 150 69 videndi
902 964 109 69 deum
970 964 109 69 quam
1024 964 82 69 dili

388 1005 126 67 gendi
472 1005 98 67 eum
528 1005 70 67 a
556 1005 112 67 solo
626 1005 98 67 deo
682 1005 154 67 tanquam
793 1005 70 67 a
821 1005 126 67 causa
905 1005 140 67 totali
1003 1005 84 67 et
1031 1005 84 67 nul-

389 1052 92 58 lo
435 1052 122 58 modo
511 1052 92 58 ab
557 1052 214 58 intellectu
724 1052 92 58 et
770 1052 198 58 voluntate
923 1052 137 58 sicut
1014 1052 76 58 a
1029 1052 92 58 cau-

392 1092 97 64 sis
448 1092 222 64 partialibus.
628 1092 83 64 et
670 1092 111 64 iste
740 1092 125 64 actus
823 1092 209 64 dilectionis
976 1092 139 64 formali-

394 1145 99 59 ter
450 1145 183 59 opponitur
591 1145 113 59 omni
661 1145 127 59 actui
746 1145 169 59 peccati.
873 1145 84 59 Et
915 1145 113 59 quia
985 1145 113 59 sunt
1042 1145 70 59 for

382 1182 171 66 maliter
507 1182 187 66 oppositi
647 1182 140 66 nullo
741 1182 125 66 modo
819 1182 249 66 compatiuntur
1021 1182 94 66 se
1053 1182 62 66 in

389 1229 142 59 eodem.
488 1229 113 59 Ideo
559 1229 156 59 quandiu
672 1229 113 59 iste
743 1229 127 59 actus
828 1229 212 59 conseruatur
984 1229 127 59 totali-

391 1268 96 64 ter
446 1268 69 64 a
474 1268 110 64 solo
543 1268 96 64 deo
598 1268 124 64 sicut
680 1268 83 64 ab
722 1268 83 64 eo
763 1268 165 64 causatur
887 1268 96 64 tam
942 1268 96 64 diu
997 1268 96 64 est
1038 1268 83 64 com-

391 1312 185 62 firmatus:
533 1312 100 62 ita
590 1312 114 62 quod
662 1312 128 62 nullo
747 1312 114 62 modo
819 1312 128 62 etiam
904 1312 86 62 de
947 1312 171 62 potentia
1061 1312 57 62 ab

383 1356 149 63 soluta
487 1356 208 63 voluntatis
651 1356 149 63 create
755 1356 149 63 potest
859 1356 89 63 in
903 1356 134 63 actum
977 1356 149 63 peccati:

390 1402 96 69 qui
445 1402 96 69 non
500 1402 137 69 potest
596 1402 82 69 in
637 1402 123 69 actum
719 1402 151 69 peccati
829 1402 110 69 nisi
898 1402 137 69 posset
980 1402 137 69 impedire

392 1450 136 55 actum
483 1450 227 55 dilectionis
664 1450 166 55 propter
785 1450 242 55 repugnantiam
967 1450 151 55 formalem

393 1491 132 61 inter
481 1491 132 61 illos
569 1491 147 61 actus:
672 1491 103 61 sed
730 1491 88 61 ex
774 1491 103 61 hoc
833 1491 103 61 non
892 1491 161 61 dicitur
1009 1491 117 61 cogi
1067 1491 59 61 vo

391 1535 163 59 luntas:
510 1535 119 59 quia
584 1535 178 59 voluntas
717 1535 207 59 formaliter
880 1535 119 59 vult
954 1535 89 59 et
984 1535 133 59 diligit

404 1578 100 60 llo
461 1578 129 60 actu:
547 1578 129 60 licet
632 1578 100 60 non
689 1578 171 60 causetur
818 1578 86 60 ab
861 1578 100 60 ea.
918 1578 86 60 Et
961 1578 129 60 eodem
1032 1578 86 60 modo

394 1624 163 66 potest
508 1624 212 66 assignari
671 1624 147 66 ratio
769 1624 277 66 obstinationis
980 1624 147 66 malorum

387 1667 96 64 per
442 1667 96 64 hoc
497 1667 110 64 quod
566 1667 110 64 deus
635 1667 137 64 causat
731 1667 151 64 tanquam
841 1667 124 64 causa
923 1667 151 64 totalis
1019 1667 110 64 quice-

396 1722 116 51 quid
469 1722 189 51 absolutum
615 1722 102 51 est
673 1722 87 51 in
717 1722 116 51 actu
789 1722 160 51 nolendi
906 1722 87 51 et
949 1722 160 51 odiendi
1051 1722 73 51 de-

400 1757 99 59 um:
456 1757 85 59 et
499 1757 113 59 ille
570 1757 127 59 actus
654 1757 99 59 non
711 1757 198 59 compatitur
866 1757 127 59 secum
951 1757 127 59 actum
1022 1757 99 59 dili-

396 1800 137 61 gendi
487 1800 121 61 deum
563 1800 106 61 nec
623 1800 167 61 aliquem
745 1800 137 61 actum
836 1800 137 61 bonum
927 1800 167 61 propter
1033 1800 91 61 repu

409 1854 174 51 gnantiam
539 1854 174 51 formalem
669 1854 130 51 inter
756 1854 130 51 illos
843 1854 87 51 et
887 1854 145 51 stante
988 1854 116 51 isto
1046 1854 87 51 actu

406 1895 86 52 et
449 1895 229 52 conseruatola
634 1895 100 52 deo
691 1895 186 52 totaliter
834 1895 100 52 non
891 1895 143 52 potest
977 1895 143 52 voluntas

396 1938 148 44 creata
500 1938 89 44 in
544 1938 192 44 oppositum
692 1938 89 44 de
736 1938 177 44 potentia
869 1938 103 44 sua
928 1938 192 44 absoluta:
1061 1938 59 44 et

393 1973 114 61 ideo
464 1973 171 61 quandium
592 1973 114 61 stat
664 1973 114 61 iste
735 1973 128 61 actus
821 1973 100 61 est
878 1973 171 61 voluntas
992 1973 128 61 obstina

397 2018 72 60 ta
433 2018 84 60 sic
481 2018 96 60 quod
541 2018 84 60 non
589 2018 120 60 potest
673 2018 156 60 oppositum
793 2018 120 60 velle:
877 2018 72 60 et
913 2018 96 60 quod
973 2018 120 60 potest
1045 2018 72 60 deus

401 2069 157 46 causare
515 2069 128 46 actum
600 2069 157 46 odiendi
714 2069 114 46 deum
785 2069 157 46 quantum
899 2069 85 46 ad
942 2069 114 46 esse
999 2069 128 46 absolu-

396 2103 97 54 tum
452 2103 83 54 in
493 2103 111 54 actu
562 2103 83 54 in
604 2103 180 54 voluntate
742 2103 152 54 creata:
853 2103 180 54 probatur.
992 2103 111 54 quia
1047 2103 83 54 deus

410 2145 133 58 potest
503 2145 107 58 omne
570 2145 173 58 absolutum
703 2145 147 58 causare
810 2145 107 58 sine
877 2145 107 58 omni
943 2145 107 58 alio
1010 2145 107 58 quod
1063 2145 67 58 non

402 2194 99 49 est
459 2194 114 49 idem
530 2194 99 49 cum
586 2194 114 49 illo
657 2194 185 49 absoluto:
799 2194 99 49 sed
856 2194 128 49 actus
941 2194 156 49 odiendi
1041 2194 85 49 deum

404 2248 140 48 quantum
506 2248 77 48 ad
545 2248 102 48 esse
609 2248 166 48 absolutum
736 2248 77 48 in
775 2248 77 48 eo
813 2248 89 48 non
864 2248 89 48 est
915 2248 102 48 idem
979 2248 89 48 cum
1017 2248 115 48 diffor-

396 2284 147 58 mitate
499 2284 88 58 et
544 2284 162 58 malicia
661 2284 88 58 in
706 2284 133 58 actu.
794 2284 118 58 ergo
868 2284 118 58 deus
941 2284 147 58 potest
1030 2284 103 58 causa

400 2330 85 50 re
442 2330 171 50 quicquid
571 2330 185 50 absolutum
713 2330 100 50 est
770 2330 85 50 in
813 2330 114 50 actu
884 2330 157 50 odiendi
998 2330 114 50 deum
1055 2330 71 50 vel

401 2374 172 53 nolendi
526 2374 109 53 non
589 2374 187 53 causando
729 2374 172 53 aliquam
854 2374 265 53 difformitatem
1057 2374 78 53 vel

403 2415 163 49 maliciam
526 2415 82 49 in
567 2415 122 49 actu.
648 2415 109 49 ergo
716 2415 109 49 etc.
784 2415 109 49 Item
852 2415 95 49 non
907 2415 122 49 minus
988 2415 136 49 posset
1070 2415 68 49 se-

397 2456 156 63 parari
506 2456 233 63 difformitas
693 2456 93 63 ab
740 2456 125 63 odio
818 2456 109 63 dei
880 2456 125 63 quam
958 2456 171 63 bonitas
1067 2456 62 63 mo

400 2500 131 51 ralis
488 2500 73 51 a
517 2500 204 51 dilectione
678 2500 117 51 dei:
751 2500 102 51 sed
809 2500 175 51 dilectio
940 2500 102 51 dei
999 2500 88 51 in
1028 2500 102 51 ange-

403 2547 85 48 lo
445 2547 128 48 beato
531 2547 142 48 poteso
630 2547 170 48 separari
758 2547 71 48 a
786 2547 170 48 bonitate
914 2547 142 48 morali
1013 2547 85 48 et
1042 2547 85 48 meri

410 2589 150 63 toria:
515 2589 120 63 ergo
590 2589 135 63 odium
680 2589 105 63 dei
740 2589 90 63 in
784 2589 150 63 angelo
889 2589 120 63 malo
964 2589 150 63 potest
1054 2589 75 63 se

1198 193 107 75 pari
1264 193 67 75 a
1291 193 213 75 difformitate
1464 193 80 75 et
1504 193 107 75 tunc
1571 193 93 75 one
1625 193 107 75 quod
1691 193 93 75 non
1745 193 160 75 includit
1851 193 67 75 com

1207 253 234 48 tradictionem:
1400 253 96 48 nec
1455 253 124 48 malum
1537 253 124 48 culpe
1620 253 138 48 potest
1716 253 124 48 fieri
1799 253 69 48 a
1826 253 96 48 deo
1867 253 69 48 so-

1208 290 92 59 lo.
1261 290 105 59 ergo
1326 290 119 59 odium
1405 290 92 59 dei
1458 290 105 59 etc.
1524 290 105 59 Item
1590 290 158 59 respectu
1708 290 198 59 cuiuscunque
1853 290 66 59 est

1204 332 108 64 deus
1272 332 122 64 causa
1353 332 176 64 partialis
1488 332 162 64 respectu
1610 332 149 64 eiusdem
1718 332 95 64 est
1772 332 95 64 vel
1813 332 108 64 potest

1190 379 94 64 esse
1249 379 106 64 causa
1319 379 141 64 totalis:
1425 379 94 64 quia
1484 379 94 64 ipse
1543 379 141 64 supplere
1648 379 117 64 potest
1730 379 106 64 omnem
1789 379 141 64 causalita-

1204 423 93 54 tem
1257 423 119 54 cause
1336 423 146 54 secunde
1442 423 80 54 in
1482 423 133 54 genere
1575 423 119 54 cause
1655 423 212 54 efficientis:
1827 423 93 54 sed
1867 423 66 54 re-

1194 463 151 60 spectu
1300 463 166 60 eiusdem
1420 463 181 60 positiui
1556 463 151 60 maxime
1662 463 181 60 absoluti
1783 463 151 60 producti

1200 510 69 54 a
1228 510 166 54 creatura
1352 510 97 54 est
1407 510 110 54 deus
1476 510 124 54 causa
1559 510 179 54 partialis
1697 510 83 54 vt
1739 510 166 54 ostensum
1849 510 69 54 est

1192 555 103 59 ergo
1257 555 129 59 potest
1347 555 103 59 esse
1411 555 116 59 causa
1489 555 142 59 totalis
1592 555 155 59 respectu
1708 555 181 59 cuiuslibet
1837 555 90 59 abso-

1198 603 114 54 luti:
1274 603 76 54 et
1312 603 89 54 per
1363 603 177 54 consequens
1502 603 152 54 respectu
1616 603 114 54 actus
1692 603 139 54 odiendi
1794 603 114 54 deum.
1857 603 76 54 Item

1206 642 108 56 odium
1278 642 84 56 non
1326 642 84 56 est
1374 642 168 56 formaliter
1506 642 156 56 pectatum:
1627 642 96 56 ergo
1687 642 120 56 potest
1771 642 132 56 causari
1867 642 60 56 a
1879 642 48 56 so

1200 684 53 65 lo
1227 684 71 65 deo.
1271 684 142 65 consequentia
1387 684 89 65 patet:
1449 684 125 65 antecedens
1547 684 116 65 probatur.
1636 684 71 65 quia
1681 684 53 65 si
1707 684 62 65 sic
1743 684 107 65 quicquid
1823 684 80 65 esset
1868 684 62 65 causa

1195 735 101 63 odii
1258 735 164 63 peccaret:
1384 735 75 63 et
1422 735 88 63 per
1472 735 176 63 consequens
1611 735 88 63 cum
1661 735 138 63 habitus
1749 735 88 63 gener

1195 779 107 55 actu
1261 779 147 55 odiendi
1368 779 107 55 deum
1435 779 93 55 sit
1488 779 120 55 causa
1568 779 160 55 alterius
1688 779 120 55 actus
1755 779 173 55 consimilis.

1204 820 155 56 sequitur
1320 820 103 56 quod
1385 820 142 56 habitus
1488 820 168 56 peccaret.
1617 820 65 56 â‹
1643 820 129 56 Aliter
1733 820 129 56 potest
1824 820 103 56 dici
1875 820 52 56 et

1195 870 125 49 reddi
1279 870 125 49 causa
1362 870 236 49 obstinationis
1557 870 167 49 malorum:
1682 870 83 49 et
1723 870 97 49 hoc
1765 870 153 49 supposito

1201 916 115 50 quod
1272 916 115 50 deus
1344 916 187 50 concurrat
1488 916 86 50 ad
1531 916 129 50 omnem
1617 916 172 50 actionem
1746 916 172 50 creature
1861 916 57 50 ad

1200 947 109 65 minus
1273 947 109 65 sicut
1345 947 109 65 causa
1418 947 170 65 partialis:
1551 947 97 65 tunc
1612 947 121 65 potest
1697 947 97 65 dici
1757 947 97 65 quod
1818 947 97 65 deus
1867 947 48 65 co

1205 996 155 57 currit
1314 996 109 57 cum
1376 996 202 57 voluntate
1532 996 155 57 creata
1641 996 93 57 ad
1687 996 202 57 causandum
1827 996 109 57 actum

1206 1050 123 51 odii
1282 1050 92 51 et
1328 1050 107 51 non
1390 1050 123 51 vult
1467 1050 215 51 concurrere
1636 1050 107 51 cum
1697 1050 154 51 angelo
1805 1050 123 51 malo
1866 1050 46 51 a

1210 1088 183 51 causandum
1350 1088 126 51 actum
1435 1088 126 51 bonum
1519 1088 112 51 puta
1589 1088 211 51 dilectionem
1757 1088 112 51 dei:
1828 1088 84 51 et
1856 1088 84 51 quia

1208 1130 86 56 sic
1257 1130 160 56 concurrit
1380 1130 74 56 ad
1417 1130 98 56 vnum
1479 1130 74 56 et
1515 1130 86 56 non
1565 1130 74 56 ad
1602 1130 123 56 aliud:
1688 1130 98 56 ideo
1749 1130 123 56 potest
1836 1130 98 56 dici
1885 1130 49 56 ob

1205 1170 174 56 stinatus:
1338 1170 107 56 quia
1405 1170 94 56 non
1459 1170 134 56 potest
1552 1170 147 56 elicere
1659 1170 147 56 aliquem
1766 1170 120 56 actum
1833 1170 94 56 bonum

1201 1213 83 59 Si
1243 1213 124 59 dicas
1325 1213 110 59 quod
1395 1213 110 59 tunc
1464 1213 110 59 deus
1533 1213 138 59 peccat
1629 1213 83 59 et
1671 1213 97 59 est
1726 1213 124 59 malus
1809 1213 110 59 quia
1864 1213 69 59 non

1212 1263 111 51 vult
1281 1263 194 51 concurrere
1434 1263 83 51 ad
1475 1263 111 51 actu
1544 1263 138 51 bonum.
1641 1263 69 51 â‹
1669 1263 194 51 Respondeo.
1807 1263 125 51 nunquam

1201 1312 141 55 peccat
1299 1312 113 55 homo
1370 1312 113 55 nisi
1440 1312 113 55 quia
1511 1312 155 55 tenetur
1623 1312 141 55 facere
1722 1312 113 55 quod
1792 1312 99 55 non
1834 1312 99 55 facit

1222 1346 84 53 vel
1270 1346 96 53 quia
1330 1346 108 53 facit
1402 1346 96 53 quod
1462 1346 84 53 non
1510 1346 108 53 debet
1582 1346 132 53 facere:
1679 1346 84 53 per
1727 1346 96 53 ista
1787 1346 84 53 fit
1835 1346 96 53 homo
1883 1346 60 53 de-

1205 1389 129 57 bitor.
1296 1389 104 57 deus
1360 1389 117 57 autem
1438 1389 117 57 nulli
1516 1389 142 57 tenetur
1619 1389 91 57 nec
1671 1389 168 57 obligatur
1801 1389 142 57 tanquam
1891 1389 52 57 de

1212 1431 119 58 bitor:
1295 1431 71 58 et
1331 1431 95 58 ideo
1390 1431 83 58 non
1438 1431 119 58 potest
1521 1431 119 58 facere
1604 1431 95 58 quod
1663 1431 83 58 non
1710 1431 107 58 debet
1782 1431 131 58 facere:
1865 1431 59 58 nec

1216 1476 114 67 potest
1295 1476 80 67 non
1341 1476 114 67 facere
1420 1476 91 67 quod
1477 1476 102 67 debet
1545 1476 125 67 facere.
1636 1476 68 67 Si
1670 1476 102 67 dicas
1738 1476 91 67 quod
1795 1476 91 67 data
1841 1476 102 67 praedi-

1219 1520 89 60 cta
1270 1520 190 60 responsione
1422 1520 139 60 videtur
1524 1520 101 60 quod
1587 1520 139 60 angelus
1688 1520 114 60 malus
1765 1520 127 60 potest
1841 1520 101 60 cessa-

1207 1565 79 54 re
1246 1565 79 54 ab
1286 1565 105 54 omni
1351 1565 105 54 actu
1417 1565 79 54 ex
1456 1565 92 54 quo
1508 1565 144 54 angelus
1613 1565 118 54 habet
1692 1565 79 54 in
1731 1565 131 54 ptante
1823 1565 92 54 sua
1862 1565 79 54 qua-

1210 1616 110 50 tenus
1283 1616 85 50 est
1332 1616 110 50 causa
1405 1616 159 50 partialis
1527 1616 146 50 respectu
1637 1616 146 50 illorum.
1747 1616 159 50 Respondeo
1857 1616 85 50 licet

1215 1646 105 60 causa
1285 1646 93 60 odii
1344 1646 117 60 divini
1425 1646 82 60 non
1472 1646 82 60 sit
1519 1646 152 60 totaliter
1636 1646 58 60 a
1659 1646 93 60 deo:
1717 1646 82 60 sed
1764 1646 175 60 partialiter
1892 1646 47 60 so

1216 1702 85 53 lum
1265 1702 110 53 tamen
1338 1702 122 53 aliqua
1423 1702 98 53 alii
1484 1702 110 53 actus
1558 1702 98 53 quae
1619 1702 98 53 sunt
1680 1702 73 53 in
1716 1702 134 53 damnato
1814 1702 98 53 sunt
1863 1702 73 53 tota

1220 1739 132 64 liter
1308 1739 73 64 a
1337 1739 102 64 deo
1396 1739 117 64 puta
1469 1739 132 64 actus
1556 1739 161 64 nolendi
1673 1739 132 64 penam
1761 1739 117 64 quam
1819 1739 132 64 patitur

1209 1785 87 58 et
1253 1785 160 58 volendi
1369 1785 233 58 beatitudinem
1558 1785 131 58 actus
1646 1785 160 58 nolendi
1762 1785 116 58 siue
1820 1785 131 58 odiendi

1218 1828 165 69 peccatum
1342 1828 123 69 actus
1424 1828 151 69 nolendi
1534 1828 110 69 esse
1602 1828 82 69 in
1643 1828 165 69 taliloco
1767 1828 96 69 qui
1822 1828 96 69 non
1863 1828 82 69 sunt

1217 1876 144 65 peccam:
1322 1876 92 65 sed
1374 1876 105 65 pena
1439 1876 157 65 peccati.
1557 1876 118 65 magna
1635 1876 105 65 enim
1701 1876 105 65 pena
1766 1876 92 65 est
1818 1876 118 65 velle
1884 1876 52 65 be

1220 1923 183 54 atitudinem
1364 1923 79 54 et
1403 1923 118 54 tamen
1482 1923 131 54 semper
1573 1923 131 54 carere
1665 1923 79 54 ea
1704 1923 105 54 quae
1770 1923 92 54 non
1822 1923 105 54 mala
1875 1923 65 54 nec

1217 1957 93 70 pcca
1275 1957 104 70 sunt:
1345 1957 70 70 et
1380 1957 104 70 tamen
1449 1957 127 70 talibus
1542 1957 81 70 non
1588 1957 116 70 potest
1669 1957 70 70 se
1704 1957 139 70 priuare:
1809 1957 70 70 et
1843 1957 93 70 ideo
1890 1957 46 70 l-

1221 2004 138 66 posset
1318 2004 124 66 forte
1400 2004 152 66 cessare
1511 2004 83 66 ab
1552 2004 110 66 actu
1621 2004 152 66 odiendi
1731 2004 124 66 deum:
1814 2004 97 66 non
1855 2004 97 66 tamen

1215 2048 77 62 ab
1254 2048 116 62 aliis
1331 2048 90 62 qui
1383 2048 168 62 totaliter
1512 2048 168 62 causantur
1641 2048 65 62 a
1667 2048 103 62 deo:
1732 2048 77 62 in
1770 2048 129 62 quibus
1848 2048 103 62 consi-

1218 2092 112 68 stit
1288 2092 112 68 pena
1358 2092 140 68 magna.
1456 2092 84 68 Et
1498 2092 112 68 ideo
1568 2092 98 68 nec
1623 2092 140 68 potest
1721 2092 154 68 cessare
1833 2092 84 68 ab
1861 2092 84 68 omni

1219 2136 129 58 actu:
1305 2136 101 58 nec
1362 2136 158 58 priuare
1477 2136 86 58 se
1520 2136 115 58 pena
1592 2136 101 58 nec
1649 2136 158 58 elicere
1764 2136 129 58 bonum
1836 2136 115 58 actum:

1216 2193 117 46 licet
1294 2193 130 46 posset
1385 2193 143 46 cessare
1488 2193 78 46 ab
1527 2193 104 46 actu
1592 2193 104 46 odi:
1657 2193 104 46 quia
1722 2193 91 46 non
1773 2193 169 46 concurrit
1890 2193 52 46 ad

1230 2226 169 62 eliciendum
1363 2226 109 62 actum
1435 2226 121 62 bonum.
1520 2226 60 62 â‹
1544 2226 72 62 Ex
1580 2226 109 62 istis
1652 2226 109 62 patet
1725 2226 97 62 quod
1785 2226 121 62 beatis
1870 2226 72 62 et
1894 2226 60 62 dam

1219 2283 126 43 natis
1303 2283 98 43 est
1359 2283 182 43 libertas:
1499 2283 112 43 quia
1569 2283 168 43 respectu
1694 2283 154 43 illorum
1806 2283 140 43 actuum
1890 2283 70 43 que

1221 2326 191 52 causantur
1368 2326 74 52 a
1398 2326 118 52 solo
1471 2326 103 52 deo
1530 2326 118 52 siue
1604 2326 88 52 in
1648 2326 132 52 bonis
1736 2326 118 52 siue
1810 2326 88 52 in
1839 2326 118 52 malis:

1218 2371 103 45 vel
1277 2371 176 45 respectu
1409 2371 147 45 actuum
1511 2371 220 45 oppositorum
1687 2371 132 45 illis
1775 2371 161 45 actibus
1878 2371 73 45 non

1226 2406 90 54 est
1277 2406 77 54 in
1316 2406 115 54 illis
1393 2406 167 54 libertas:
1521 2406 103 54 quia
1585 2406 90 54 nec
1636 2406 77 54 ab
1675 2406 115 54 ipsis
1752 2406 141 54 actibus
1854 2406 90 54 qui
1893 2406 64 54 to-

1223 2443 147 70 taliter
1330 2443 174 70 causantur
1463 2443 67 70 a
1490 2443 94 70 deo
1544 2443 147 70 possunt
1651 2443 161 70 cessare:
1771 2443 94 70 nec
1811 2443 134 70 secundos

1231 2493 152 59 possunt
1342 2493 152 59 elicere
1453 2493 152 59 propter
1563 2493 221 59 repugnantiam
1743 2493 166 59 formalem
1854 2493 97 59 inter

1221 2537 128 58 illos
1306 2537 85 58 et
1349 2537 142 58 primos
1448 2537 128 58 actus
1534 2537 171 58 causatos
1662 2537 71 58 a
1690 2537 114 58 solo
1761 2537 114 58 deo:
1832 2537 85 58 et
1861 2537 85 58 ideo

1225 2578 96 75 qui
1280 2578 110 75 deus
1349 2578 179 75 totaliter
1487 2578 138 75 causat
1583 2578 124 75 actum
1666 2578 193 75 beatificum
1817 2578 83 75 in
1845 2578 110 75 volun
