2319 3098
280 248 116 68 tate
352 248 116 68 boni
425 248 160 68 angeli:
541 248 116 68 ideo
613 248 160 68 angelus
729 248 131 68 bonus
816 248 102 68 nec
874 248 131 68 habet
947 248 73 68 li-

280 309 169 62 bertatem
407 309 169 62 respectu
534 309 127 62 actus
619 309 198 62 beatifici:
774 309 99 62 nec
831 309 169 62 respectu
944 309 56 62 ei

274 365 168 54 oppositi
400 365 112 54 puta
470 365 168 54 odiendi.
596 365 182 54 Similiter
735 365 98 54 est
791 365 84 54 de
833 365 140 54 angelo
917 365 84 54 male

282 402 93 62 sed
335 402 160 62 respectu
455 402 147 62 aliorum
561 402 107 62 quae
628 402 93 62 nec
681 402 173 62 sequuntur
815 402 186 62 necessario
948 402 53 62 ex

281 442 149 56 praemis
390 442 149 56 actibus
498 442 95 56 nec
552 442 189 56 repugnant:
700 442 95 56 sed
754 442 108 56 sunt
808 442 203 56 indifferentes

280 491 116 52 habent
361 491 162 52 libertatem
489 491 69 52 et
524 491 208 52 indifferentiam
697 491 151 52 huiusmodi
813 491 104 52 autem
883 491 81 52 est
917 491 93 52 tenta-

280 539 91 51 re
325 539 166 51 hominem
446 539 91 51 in
491 539 121 51 malo
567 539 151 51 angelo
673 539 91 51 et
718 539 196 51 custodire
869 539 91 51 in
899 539 106 51 bono.

275 575 93 61 qui
328 575 106 61 isti
394 575 119 61 actus
474 575 93 61 nec
527 575 186 61 necessario
673 575 172 61 sequuntur
805 575 80 61 ex
845 575 146 61 actibus
938 575 66 61 pri

279 623 114 50 mis
344 623 146 50 bonis
441 623 195 50 causatis
588 623 81 50 a
620 623 130 50 solo
701 623 130 50 deo:
783 623 114 50 nec
831 623 179 50 repugnant

272 668 92 48 ei:
324 668 92 48 sed
377 668 105 48 sunt
442 668 235 48 indifferentes.
638 668 65 48 ⁋
664 668 92 48 Sed
716 668 131 48 dubium
808 668 92 48 est
860 668 118 48 vtrum
926 668 78 48 sint

268 709 153 62 detrusi
379 709 83 62 in
421 709 139 62 aliquo
518 709 111 62 loco
588 709 209 62 conuenienti
755 709 97 62 eis
810 709 97 62 vel
852 709 153 62 discionue

278 749 126 65 nienti
367 749 63 65 ⁋
392 749 164 65 Respondeo
519 749 101 65 quod
582 749 89 65 non
632 749 89 65 est
683 749 139 65 aliquis
784 749 114 65 locus
847 749 152 65 conueniens

268 801 103 56 vel
327 801 235 56 discoueniens
518 801 147 56 nature
621 801 118 56 sue:
695 801 103 56 nec
754 801 147 56 potius
857 801 118 56 vnus
915 801 74 56 qua

273 845 128 53 alius:
363 845 102 53 quia
427 845 141 53 quantum
529 845 89 53 est
580 845 77 53 ex
618 845 128 53 natura
708 845 89 53 sua
759 845 141 53 angelus
848 845 141 53 equaliter

266 887 118 53 omnem
344 887 118 53 locum
423 887 170 53 respicit.
554 887 105 53 Tame
619 887 118 53 locus
698 887 144 53 aliquis
803 887 92 53 est
842 887 157 53 conueniens

270 929 91 50 vel
322 929 221 50 disconueniens
504 929 117 50 actui
582 929 182 50 voluntatis
726 929 104 50 sue:
791 929 104 50 quia
856 929 78 50 in
882 929 104 50 aliquo

259 974 109 56 loco
327 974 136 56 vellet
422 974 109 56 esse
490 974 82 56 et
531 974 82 56 in
572 974 136 56 aliquo
667 974 109 56 loco
735 974 136 56 nollet
830 974 122 56 esse:
911 974 82 56 et
939 974 54 56 il

266 1013 80 65 le
306 1013 120 65 locus
386 1013 80 65 in
426 1013 93 65 quo
479 1013 133 65 vellet
572 1013 107 65 esse
639 1013 93 65 est
692 1013 107 65 sibi
759 1013 200 65 conueniens:
919 1013 80 65 et
946 1013 53 65 lo

266 1065 95 52 cus
321 1065 81 52 in
361 1065 95 52 quo
416 1065 136 52 nollet
511 1065 109 52 esse
579 1065 95 52 est
633 1065 109 52 sibi
701 1065 231 52 discoueniens:
891 1065 81 52 et
918 1065 68 52 sic

256 1104 111 57 dico
326 1104 111 57 quod
395 1104 83 57 ad
437 1104 125 57 penam
520 1104 125 57 eorum
603 1104 111 57 sunt
673 1104 153 57 detrusi
784 1104 83 57 in
825 1104 139 57 aliquo
909 1104 83 57 loco

255 1140 81 68 in
295 1140 94 68 quo
349 1140 148 68 nollent
456 1140 121 68 esse:
537 1140 107 68 immo
604 1140 121 68 summe
684 1140 134 68 odiunt
778 1140 121 68 illum
859 1140 134 68 locum:
939 1140 54 68 et

257 1198 105 48 ille
323 1198 118 48 actus
402 1198 158 48 causatur
520 1198 66 48 a
546 1198 105 48 solo
612 1198 105 48 deo:
678 1198 79 48 et
718 1198 105 48 ideo
783 1198 92 48 non
836 1198 145 48 possunt
928 1198 66 48 ces

265 1232 114 58 sare
336 1232 85 58 ab
379 1232 114 58 illo
450 1232 114 58 actu
521 1232 85 58 et
563 1232 156 58 propter
677 1232 100 58 hoc
734 1232 128 58 summe
805 1232 185 58 tristantur.

258 1281 78 59 ⁋
290 1281 110 59 Sed
352 1281 157 59 dubium
462 1281 110 59 est
525 1281 141 59 vtrum
619 1281 157 59 angeli
729 1281 125 59 boni
807 1281 125 59 sunt
870 1281 125 59 impec-

270 1328 150 55 cabiles.
383 1328 63 55 ⁋
408 1328 163 55 Respondeo
533 1328 100 55 quod
596 1328 100 55 sic:
658 1328 100 55 quia
721 1328 100 55 deus
783 1328 125 55 causat
871 1328 75 55 in
896 1328 100 55 volun-

253 1372 110 52 tate
322 1372 124 52 eorum
405 1372 124 52 actum
487 1372 193 52 beatificum
638 1372 179 52 totaliter
776 1372 83 52 et
817 1372 179 52 conseruat
941 1372 55 52 et

258 1415 94 46 non
311 1415 174 46 concurrit
445 1415 80 46 ad
486 1415 174 46 causandum
620 1415 121 46 malum
700 1415 80 46 in
740 1415 107 46 eis.
807 1415 80 46 et
848 1415 107 46 ideo
915 1415 80 46 ex
941 1415 54 46 so

257 1452 82 62 la
298 1452 178 62 voluntate
435 1452 96 62 dei
490 1452 96 62 sic
545 1452 137 62 agente
641 1452 82 62 et
682 1452 205 62 conseruante
846 1452 96 62 est
887 1452 96 62 ange-

259 1496 105 65 lus
319 1496 135 65 bonus
409 1496 256 65 impeccabilis:
620 1496 105 65 non
680 1496 135 65 autem
770 1496 90 65 ex
816 1496 150 65 natura
906 1496 75 65 sua

240 1550 67 57 ⁋
266 1550 134 57 Primum
360 1550 174 57 probatur:
494 1550 107 57 quia
560 1550 160 57 subiecto
681 1550 174 57 existente
814 1550 94 57 sub
868 1550 94 57 vno
908 1550 80 57 com-

263 1591 169 54 trariorum
393 1591 91 54 non
445 1591 130 54 potest
537 1591 156 54 recipere
654 1591 130 54 aliud:
745 1591 91 54 sed
797 1591 143 54 angelus
889 1591 91 54 bonus

254 1627 137 54 semper
350 1627 151 54 existit
460 1627 96 54 sub
514 1627 110 54 actu
583 1627 178 54 beatifico
720 1627 96 54 nec
775 1627 137 54 potest
870 1627 82 54 ab
898 1627 82 54 illo

256 1674 130 50 cessare
351 1674 106 50 sicut
422 1674 106 50 patet
493 1674 83 50 per
540 1674 165 50 praedicta:
670 1674 95 50 ergo
729 1674 83 50 non
776 1674 118 50 potest
859 1674 130 50 peccare
942 1674 47 50 de

258 1722 155 52 potentia
374 1722 90 52 sua
426 1722 168 52 absoluta:
555 1722 103 52 quia
619 1722 116 52 actus
696 1722 142 52 peccati
800 1722 180 52 formaliter
928 1722 52 52 re

257 1768 137 46 pugnat
353 1768 123 46 actui
435 1768 191 46 beatifico.
585 1768 109 46 Item
653 1768 137 46 quando
749 1768 123 46 agens
817 1768 164 46 conseruans

247 1811 156 56 effectum
364 1811 91 56 est
416 1811 143 56 fortius
520 1811 78 56 in
559 1811 195 56 conseruando
716 1811 104 56 quam
781 1811 117 56 agens
846 1811 130 56 effectum

251 1849 186 62 contrarium
397 1849 80 62 in
437 1849 160 62 causando
557 1849 93 62 non
610 1849 133 62 potest
703 1849 160 62 secundum
823 1849 120 62 agens
890 1849 93 62 causa

248 1900 76 45 re
286 1900 151 45 effectum
400 1900 177 45 contrarium
539 1900 151 45 effectui
652 1900 177 45 conseruato
791 1900 63 45 a
816 1900 114 45 primo
879 1900 101 45 agente

247 1939 100 53 sed
304 1939 114 53 deus
375 1939 100 53 est
433 1939 129 53 agens
518 1939 215 53 fortissimum
690 1939 200 53 conseruans
847 1939 114 53 actu
905 1939 72 53 bea

262 1979 133 66 tificum:
362 1979 89 66 ergo
417 1979 122 66 quandiu
506 1979 100 66 agens
572 1979 144 66 conferuat
683 1979 100 66 istum
749 1979 100 66 actum
816 1979 78 66 non
860 1979 111 66 potest
927 1979 44 66 vo

246 2022 119 67 luntas
329 2022 119 67 creata
412 2022 130 67 elicere
507 2022 107 67 actum
578 2022 178 67 contrarium.
720 2022 71 67 et
756 2022 83 67 sic
803 2022 107 67 patet
874 2022 95 67 quod
922 2022 47 67 bo

255 2075 108 56 nus
316 2075 169 56 angelus
439 2075 108 56 est
501 2075 246 56 impeccabilis
701 2075 92 56 ex
747 2075 123 56 sola
809 2075 169 56 voluntate

255 2116 95 51 dei
309 2116 162 51 causante
430 2116 122 51 actum
511 2116 189 51 beatificum
660 2116 81 51 et
700 2116 216 51 conseruante:
876 2116 81 51 et
903 2116 68 51 non

259 2162 80 51 ex
299 2162 134 51 natura
393 2162 107 51 sua.
460 2162 67 51 ⁋
486 2162 94 51 Sed
540 2162 174 51 conclusio
674 2162 107 51 ista
741 2162 107 51 sunt
808 2162 121 51 multa
875 2162 94 51 dubia

263 2203 103 59 Primo
331 2203 184 59 conclusiohoc
481 2203 92 59 quod
538 2203 126 59 ponitur
630 2203 92 59 quod
687 2203 126 59 aliquis
779 2203 103 59 actus
848 2203 69 59 in
871 2203 103 59 volunta

257 2251 67 52 te
290 2251 78 52 est
335 2251 89 52 quae
390 2251 78 52 non
435 2251 78 52 est
479 2251 67 52 in
512 2251 111 52 ptante
590 2251 167 52 voluntatis:
724 2251 89 52 quia
779 2251 100 52 licet
846 2251 111 52 causis
912 2251 56 52 ap-

244 2296 195 58 proximatis
397 2296 250 58 concurrentibus
606 2296 83 58 ad
647 2296 153 58 aliquem
759 2296 167 58 effectum
870 2296 111 58 produ-

242 2345 130 46 cendum
333 2345 130 46 potest
424 2345 117 46 actio
502 2345 117 46 eorum
580 2345 156 46 impediri
696 2345 91 46 ita
748 2345 104 46 quod
813 2345 91 46 non
852 2345 117 46 produca

255 2384 83 53 tur
303 2384 143 53 effectus
410 2384 119 53 saltem
493 2384 83 53 per
541 2384 155 53 potentiam
660 2384 143 53 diuinam:
767 2384 95 53 quia
826 2384 95 53 deus
886 2384 83 53 est
922 2384 60 53 cau

249 2425 76 58 sa
287 2425 177 58 partialis:
426 2425 76 58 et
464 2425 76 58 si
502 2425 88 58 non
552 2425 164 58 concurrat
678 2425 88 58 cum
728 2425 113 58 aliis
804 2425 126 58 causis
880 2425 88 58 quam-

241 2476 177 51 tumcunque
378 2476 232 51 approximantur
568 2476 150 51 nunquam
677 2476 218 51 produceretur
841 2476 136 51 effectus

248 2521 93 53 qui
301 2521 173 53 destructa
434 2521 93 53 vna
488 2521 120 53 causa
568 2521 160 53 partiali
688 2521 187 53 necessario
821 2521 147 53 requisita

242 2555 80 64 ad
282 2555 159 64 actionem
401 2555 106 64 quod
467 2555 119 64 tamen
547 2555 106 64 omns
613 2555 106 64 alie
679 2555 106 64 sint
746 2555 199 64 approximate
891 2555 80 64 quod

249 2598 160 57 effectus
369 2598 187 57 producatur
515 2598 80 57 ab
555 2598 120 57 illis
636 2598 133 57 causis
729 2598 147 57 videtur
822 2598 147 57 impossibi

247 2641 97 72 le.
303 2641 166 72 Exemplu.
427 2641 166 72 voluntas
552 2641 83 72 et
594 2641 166 72 obiectum
719 2641 111 72 sunt
788 2641 125 72 cause
857 2641 125 72 partia

1112 264 91 82 les
1164 264 155 82 respectu
1280 264 117 82 actus
1358 264 155 82 volendi:
1475 264 78 82 et
1513 264 91 82 non
1565 264 155 82 obstante
1682 264 104 82 omni
1733 264 91 82 appro

1114 334 151 51 ximatione
1231 334 105 51 eorum
1301 334 70 51 si
1336 334 81 51 non
1382 334 93 51 agat
1440 334 140 51 voluntas
1545 334 93 51 quae
1603 334 81 51 est
1650 334 105 51 causa
1708 334 128 51 partialis

1108 375 165 59 neccessario
1240 375 143 59 requisita
1349 375 66 59 ad
1382 375 99 59 talem
1448 375 99 59 actum
1514 375 77 59 non
1558 375 110 59 potest
1635 375 99 59 actus
1700 375 132 59 causari:
1788 375 44 59 et

1107 414 93 62 sic
1160 414 93 62 non
1213 414 159 62 obstante
1332 414 238 62 approximatione
1530 414 159 62 causarum
1649 414 132 62 potest
1728 414 93 62 eorum

1097 467 122 49 actio
1179 467 177 49 impediri:
1315 467 95 49 sed
1369 467 109 49 quod
1437 467 163 49 voluntas
1560 467 82 49 et
1601 467 163 49 obiectum
1710 467 122 49 approxi

1098 514 143 38 mentur:
1202 514 78 38 et
1241 514 117 38 actus
1319 514 143 38 volendi
1423 514 182 38 producatur
1565 514 78 38 ab
1604 514 143 38 obiecto
1708 514 78 38 et
1747 514 91 38 non
1786 514 39 38 a

1102 550 164 52 voluntate:
1231 550 82 52 hoc
1278 550 129 52 videtur
1372 550 188 52 impossibile:
1524 550 82 52 sed
1571 550 94 52 deus
1630 550 70 52 et
1665 550 141 52 voluntas
1759 550 70 52 sunt

1103 595 134 55 causae
1196 595 201 55 approximate
1357 595 80 55 ad
1397 595 147 55 casndum
1504 595 188 55 volitionem
1652 595 80 55 in
1679 595 147 55 voluntate

1103 633 89 62 ergo
1158 633 78 62 non
1203 633 133 62 obstante
1303 633 89 62 quod
1358 633 100 62 actio
1425 633 156 62 voluntatis
1547 633 111 62 potest
1625 633 133 62 impediri
1725 633 67 62 si
1747 633 78 62 effe-

1093 680 98 59 ctus
1154 680 86 59 non
1203 680 135 59 ponatur
1302 680 74 59 et
1339 680 98 59 quod
1400 680 135 59 volitio
1499 680 135 59 ponatur
1597 680 74 59 in
1634 680 160 59 voluntate
1757 680 74 59 et
1782 680 49 59 a-

1096 723 98 60 ctio
1157 723 171 60 voluntatis
1291 723 183 60 suspendatur
1438 723 86 60 est
1487 723 196 60 impossibile.
1646 723 98 60 ergo
1695 723 134 60 impossibi

1107 768 62 47 le
1138 768 72 47 est
1179 768 83 47 quod
1231 768 72 47 sit
1272 768 114 47 aliquis
1355 768 93 47 actus
1417 768 62 47 in
1448 768 134 47 voluntate
1551 768 83 47 quae
1603 768 72 47 non
1644 768 72 47 sit
1686 768 62 47 in
1717 768 83 47 eius
1758 768 62 47 ptam

1097 809 84 54 te
1139 809 70 54 ⁋
1167 809 113 54 Item
1238 809 169 54 voluntas
1364 809 99 54 est
1421 809 169 54 potentia
1547 809 141 54 libera
1646 809 169 54 respectu
1759 809 56 54 cu

1100 852 133 56 iuslibet
1200 852 100 56 actus
1266 852 155 56 existentis
1388 852 66 56 in
1421 852 66 56 ea
1454 852 66 56 et
1488 852 78 56 non
1532 852 111 56 potest
1610 852 100 56 cogi:
1676 852 78 56 sed
1709 852 111 56 respectu

1093 902 128 46 nullius
1187 902 82 46 est
1233 902 117 46 libera
1315 902 93 46 nisi
1373 902 140 46 respectu
1478 902 105 46 cuius
1548 902 82 46 est
1595 902 128 46 actiua.
1688 902 93 46 ergo
1735 902 70 46 etc.

1090 936 54 66 ⁋
1112 936 76 66 Ite
1155 936 108 66 contrs
1231 936 87 66 ohoc
1285 936 87 66 quod
1339 936 119 66 ponitur
1426 936 98 66 odium
1491 936 141 66 totaliter
1599 936 98 66 posse
1664 936 54 66 a
1686 936 76 66 deo
1719 936 98 66 causari

1091 991 68 61 qui
1130 991 116 61 secundum
1217 991 145 61 philosophum
1333 991 77 61 iii.
1382 991 97 61 ethic.
1449 991 97 61 aliqua
1517 991 77 61 sunt
1565 991 87 61 actus
1623 991 68 61 qui
1662 991 97 61 statim
1720 991 97 61 nominati

1085 1027 129 57 habent
1176 1027 155 57 maliciam
1292 1027 142 57 annexam
1396 1027 78 57 et
1435 1027 207 57 difformitate
1603 1027 78 57 et
1642 1027 129 57 nullus
1719 1027 91 57 talis

1083 1079 106 54 potest
1158 1079 95 54 fieri
1221 1079 53 54 a
1243 1079 85 54 deo:
1296 1079 74 54 sed
1338 1079 95 54 odium
1402 1079 74 54 dei
1444 1079 74 54 est
1487 1079 149 54 huiusmodi:
1603 1079 106 54 statim
1677 1079 74 54 eim
1720 1079 64 54 vt
1741 1079 85 54 nomina

1089 1127 81 56 tur
1136 1127 104 56 habet
1205 1127 139 56 maliciam
1310 1127 128 56 annexam
1403 1127 70 56 et
1437 1127 209 56 difformitatem.
1611 1127 93 56 ergo
1669 1127 81 56 non
1716 1127 116 56 potest
1785 1127 35 56 a

1077 1156 105 61 solo
1143 1156 92 61 deo
1195 1156 158 61 causari.
1313 1156 66 61 ⁋
1340 1156 105 61 Iste
1405 1156 105 61 omne
1471 1156 171 61 factibile
1603 1156 66 61 a
1629 1156 105 61 solo
1695 1156 92 61 deo
1734 1156 79 61 sine

1087 1211 138 47 peccaton
1191 1211 92 47 quod
1249 1211 104 47 etiam
1318 1211 104 47 fieri
1387 1211 115 47 potest
1468 1211 58 47 a
1491 1211 150 47 voluntate
1606 1211 115 47 potest
1687 1211 115 47 cadere
1756 1211 58 47 sub

1088 1254 147 55 praecepto
1201 1254 124 55 diuino:
1291 1254 68 55 et
1325 1254 113 55 potest
1404 1254 57 55 t
1427 1254 79 55 eus
1472 1254 158 55 praecipere
1597 1254 147 55 voluntati
1710 1254 68 55 vt
1733 1254 91 55 faciat

1090 1299 96 62 illud
1154 1299 85 62 quia
1208 1299 85 62 omne
1261 1299 96 62 illud
1325 1299 85 62 quod
1379 1299 75 62 non
1422 1299 75 62 est
1464 1299 128 62 peccatum
1561 1299 107 62 potest
1635 1299 107 62 cadere
1710 1299 75 62 sub
1742 1299 75 62 prai-

1087 1336 107 51 cepto
1159 1336 95 51 dei.
1218 1336 72 51 si
1254 1336 95 51 ergo
1314 1336 107 51 actus
1385 1336 131 51 odiendi
1480 1336 95 51 deum
1540 1336 119 51 potest
1623 1336 107 51 fieri
1695 1336 60 51 a
1719 1336 95 51 solo
1766 1336 48 51 do

1077 1380 93 52 sine
1136 1380 140 52 peccato:
1240 1380 116 52 potest
1322 1380 105 52 etiam
1392 1380 105 52 fieri
1462 1380 58 52 a
1485 1380 151 52 voluntate
1601 1380 128 52 creata.
1695 1380 93 52 ergo
1741 1380 70 52 deus

1088 1424 111 59 potest
1166 1424 156 59 praecipere
1288 1424 145 59 voluntati
1399 1424 67 59 vt
1433 1424 100 59 odiat
1500 1424 100 59 deum:
1566 1424 67 59 et
1600 1424 100 59 tamen
1666 1424 78 59 cum
1700 1424 111 59 voluntas

1082 1475 126 59 creata
1170 1475 138 59 meretur
1271 1475 151 59 implendo
1384 1475 176 59 praeceptum
1523 1475 151 59 diuinum:
1636 1475 101 59 ergo
1686 1475 126 59 voluntas

1082 1521 138 50 creata
1179 1521 138 50 potest
1275 1521 138 50 mereri
1372 1521 138 50 odiedo
1468 1521 110 50 deum
1537 1521 110 50 quod
1606 1521 152 50 videtur
1703 1521 96 50 magni

1077 1554 224 66 inconueniens.
1261 1554 66 66 ⁋
1287 1554 105 66 Item
1353 1554 158 66 dilectio
1472 1554 92 66 dei
1524 1554 92 66 est
1577 1554 105 66 bona
1643 1554 145 66 propter
1735 1554 79 66 debi

1091 1604 77 60 tum
1135 1604 99 60 finem
1201 1604 66 60 et
1234 1604 99 60 odium
1301 1604 77 60 dei
1345 1604 99 60 malum
1411 1604 121 60 propter
1499 1604 143 60 indebitum
1609 1604 110 60 finem.
1687 1604 88 60 ergo
1731 1604 77 60 sicut

1081 1641 117 58 nullus
1163 1641 117 58 potest
1245 1641 94 58 deum
1304 1641 141 58 diligere
1409 1641 141 58 proptetr
1515 1641 129 58 debitum
1609 1641 105 58 finem
1679 1641 94 58 quin
1726 1641 82 58 dile-

1080 1691 101 52 ctio
1143 1691 101 52 eius
1206 1691 88 52 sit
1257 1691 101 52 bona
1320 1691 76 52 et
1358 1691 177 52 meritoria:
1496 1691 88 52 ita
1547 1691 126 52 nullus
1635 1691 126 52 potest
1711 1691 88 52 odire

1068 1732 94 57 deum
1127 1732 129 57 propter
1221 1732 153 57 indebitum
1338 1732 106 57 finem
1409 1732 94 57 quin
1467 1732 106 57 odium
1538 1732 82 57 sit
1585 1732 117 57 malum:
1667 1732 82 57 sed
1702 1732 94 57 nullum

1083 1784 82 53 quod
1134 1784 71 53 non
1175 1784 102 53 potest
1246 1784 112 53 seprari
1327 1784 51 53 a
1348 1784 122 53 paeccato
1439 1784 102 53 potest
1511 1784 92 53 fieri
1572 1784 51 53 a
1592 1784 82 53 solo
1643 1784 82 53 deo.
1694 1784 82 53 ergo
1735 1784 61 53 etc.

1073 1815 53 67 ⁋
1095 1815 117 67 Simiter
1180 1815 160 67 contrsiohoc
1308 1815 85 67 quod
1361 1815 117 67 ponitur
1447 1815 117 67 angelum
1532 1815 75 67 non
1575 1815 107 67 habere
1650 1815 149 67 libertatem
1756 1815 43 67 re

1082 1864 109 62 spectu
1159 1864 98 62 actus
1224 1864 120 62 causati
1312 1864 55 62 a
1334 1864 88 62 solo
1388 1864 88 62 deo:
1443 1864 88 62 quia
1498 1864 131 62 secundum
1596 1864 120 62 sanctos
1684 1864 109 62 angeli
1749 1864 44 62 bo

1068 1912 77 60 ni
1107 1912 102 60 sunt
1171 1912 141 60 maioris
1273 1912 179 60 libertatis
1413 1912 102 60 post
1477 1912 230 60 confirmationem
1669 1912 102 60 quam
1720 1912 77 60 ante

1074 1953 92 64 sed
1127 1953 106 64 ante
1193 1953 158 64 humerunt
1312 1953 185 64 libertatem
1457 1953 158 64 respectu
1576 1953 198 64 cuiuscumque
1721 1953 66 64 act

1083 1999 149 56 voluntatis.
1203 1999 80 56 ergo
1252 1999 60 56 et
1282 1999 90 56 post.
1342 1999 50 56 ⁋
1362 1999 70 56 Ite
1402 1999 149 56 contusiohoc
1521 1999 80 56 quod
1571 1999 110 56 angelus
1651 1999 110 56 ponitur
1720 1999 80 56 habere

1064 2050 141 54 aliquos
1166 2050 115 54 actus
1243 2050 77 54 in
1282 2050 128 54 ptante
1371 2050 90 54 sua
1422 2050 153 54 respectu
1537 2050 128 54 quorum
1627 2050 115 54 habet
1691 2050 102 54 liber-

1063 2084 109 61 tate
1132 2084 109 61 puta
1200 2084 150 61 tentare
1309 2084 164 61 homines:
1432 2084 109 61 quia
1500 2084 123 61 omnis
1582 2084 164 61 voluntas
1691 2084 109 61 potens

1074 2125 131 64 habere
1165 2125 118 64 actum
1244 2125 170 64 desiderii
1375 2125 78 64 si
1414 2125 105 64 post
1479 2125 196 64 consequatur
1623 2125 170 64 desideratum

1077 2176 181 52 delectatur
1219 2176 78 52 et
1258 2176 129 52 gaudet
1349 2176 129 52 habito
1440 2176 194 52 desiderato.
1595 2176 78 52 si
1634 2176 104 52 ergo
1685 2176 117 52 angelus

1068 2225 117 45 malus
1146 2225 130 45 potest
1237 2225 117 45 velle
1315 2225 78 45 et
1354 2225 182 45 desiderare
1498 2225 143 45 tentare
1602 2225 143 45 homines
1693 2225 104 45 sequi-

1065 2261 85 59 tur
1114 2261 97 59 quod
1174 2261 73 59 in
1211 2261 146 59 tentando
1320 2261 170 59 delectatur
1454 2261 73 59 et
1491 2261 134 59 gaudet:
1588 2261 85 59 sed
1637 2261 97 59 omne
1685 2261 110 59 gaudium

1073 2307 163 60 repugnat
1196 2307 149 60 damnato
1304 2307 122 60 sicut
1386 2307 122 60 omnis
1467 2307 177 60 tristicia
1603 2307 136 60 repugt
1684 2307 109 60 beato.

1065 2346 78 66 ⁋
1097 2346 124 66 Item
1174 2346 155 66 contra
1283 2346 109 66 hoc
1345 2346 124 66 quod
1422 2346 171 66 ponitur
1547 2346 171 66 angelum
1671 2346 109 66 non
1717 2346 78 66 ha-

1062 2390 126 67 bere
1141 2390 142 67 locum
1235 2390 236 67 conueniente
1424 2390 157 67 nature
1534 2390 110 67 sue
1597 2390 110 67 vel
1644 2390 142 67 discouo

1058 2437 162 52 nientem:
1180 2437 108 52 quia
1248 2437 122 52 prius
1329 2437 135 52 dictum
1424 2437 95 52 est
1478 2437 108 52 quod
1545 2437 149 52 angelus
1654 2437 135 52 potest
1735 2437 54 52 pa

1057 2485 104 62 tia
1117 2485 134 62 rebus
1206 2485 253 62 corporalibus:
1414 2485 119 62 tunc
1488 2485 119 62 sic.
1562 2485 119 62 ille
1636 2485 134 62 locus
1711 2485 74 62 est

1062 2523 210 69 conueniens
1227 2523 150 69 nature
1332 2523 105 69 sue
1392 2523 90 69 in
1437 2523 105 69 quo
1497 2523 105 69 est
1557 2523 150 69 corpus
1647 2523 135 69 aliquod

1062 2573 233 49 naturaliter
1249 2573 78 49 a
1280 2573 109 49 quo
1342 2573 171 49 angelus
1466 2573 171 49 patitur
1590 2573 186 49 passione
1714 2573 78 49 de-

1061 2608 203 66 lectabili:
1220 2608 87 66 et
1263 2608 116 66 ille
1335 2608 130 66 locus
1422 2608 101 66 est
1480 2608 246 66 disconueniens
1683 2608 87 66 in
1712 2608 72 66 quo

1063 2656 102 68 est
1122 2656 145 68 corpus
1223 2656 73 68 a
1252 2656 102 68 quo
1310 2656 160 68 patitur
1427 2656 174 68 passione
1558 2656 218 68 afflictiua:
1717 2656 73 68 cum
