2227 3062
278 220 87 60 re
322 220 116 60 quam
395 220 145 60 sensus
496 220 218 60 apprehendit
671 220 87 60 in
714 220 160 60 sensato
830 220 102 60 vel
874 220 116 60 intel-

266 264 136 65 ligit
357 264 91 65 de
402 264 258 65 intellectione
614 264 167 65 illorum
735 264 106 65 que
781 264 212 65 abstrahuntur

277 315 92 58 ab
323 315 138 58 illis
415 315 107 58 que
476 315 138 58 primo
568 315 276 58 intelliguntur:
799 315 92 58 et
829 315 154 58 huiusmo-

272 352 81 64 di
312 352 108 64 sunt
380 352 203 64 sensibilia:
542 352 81 64 et
582 352 95 64 sic
636 352 122 64 patet
717 352 81 64 ad
758 352 135 64 primam
839 352 149 64 auctorite

267 398 279 66 commentatoris.
499 398 78 66 â‹
530 398 93 66 Ad
577 398 248 66 auctoritatem
778 398 93 66 de
825 398 171 66 memoria
933 398 62 66 et

267 445 218 64 reminiscentia
447 445 103 64 Dico
511 445 103 64 quod
575 445 116 64 nihil
652 445 205 64 intelligere:
819 445 90 64 est
870 445 103 64 sine
922 445 64 64 fan

257 486 168 69 tasmate:
383 486 112 69 quia
452 486 126 69 omnis
536 486 168 69 cognitio
662 486 223 69 intellectiua
829 486 154 69 presuppo-

256 526 104 63 nit
316 526 209 63 necessario
480 526 104 63 pro
539 526 134 63 statu
629 526 119 63 isto
703 526 194 63 ymaginati
852 526 104 63 one
897 526 89 63 sen-

260 570 156 64 sitiuam:
377 570 91 64 tam
429 570 130 64 sensus
521 570 183 64 exterioris
664 570 104 64 quod
729 570 196 64 interioris.
886 570 78 64 Si
912 570 65 64 di-

259 617 101 53 citur
326 617 90 53 quod
382 617 124 53 notitia
472 617 146 53 intustiua
585 617 79 53 est
630 617 124 53 primam:
719 617 90 53 ergo
776 617 112 53 nullam
854 617 101 53 aliam
910 617 79 53 prae-

258 656 172 69 supponit:
390 656 106 69 dico
456 656 106 69 quod
522 656 132 69 nullam
614 656 119 69 aliam
694 656 211 69 praesupponit
852 656 132 69 eiusdem-

264 704 136 61 obiecti
363 704 74 61 in
400 704 112 61 eadem
474 704 161 61 potentia.
598 704 74 61 et
636 704 112 61 tamen
710 704 198 61 praesupponit
859 704 124 61 notitiam

253 748 127 57 aliam
337 748 85 57 in
380 748 113 57 alia
450 748 183 57 potentia:
591 748 127 57 sicut
676 748 155 57 notitia
789 748 183 57 intuitiua
916 748 70 57 al-

256 786 157 70 bedinis
370 786 243 70 intellectiua.
570 786 228 70 praesupponit
756 786 171 70 notitiam
870 786 114 70 sensi-

252 840 121 60 tiuam
332 840 161 60 respectu
453 840 148 60 eiusdem
560 840 161 60 obiecti.
681 840 174 60 similiter
815 840 148 60 notitia
909 840 67 60 in-

246 876 159 71 tuitiua
361 876 260 71 intellectionis
578 876 101 71 vel
635 876 217 71 affectionis
809 876 101 71 vel
852 876 130 71 delecta

244 925 139 68 tionis
341 925 222 68 praesupponit
522 925 167 68 notitiam
647 925 153 68 obiecti
758 925 139 68 illius
841 925 139 68 intelle-

243 962 158 74 ctionis:
362 962 92 74 vel
414 962 211 74 affectionis:
586 962 92 74 vel
639 962 238 74 delectationis.
837 962 79 74 et
877 962 92 74 sic
916 962 53 74 de

252 1012 127 61 aliis.
341 1012 76 61 Et
379 1012 114 61 tamen
455 1012 76 61 si
493 1012 114 61 esset
569 1012 165 61 possibile
695 1012 101 61 quod
759 1012 114 61 esset
835 1012 101 61 amor
898 1012 76 61 in
923 1012 51 61 vo

247 1049 149 72 luntate
356 1049 109 72 sine
424 1049 109 72 omni
492 1049 190 72 cognitione
641 1049 163 72 praeuia.
764 1049 149 72 notitia
859 1049 122 72 intuiti

244 1099 82 64 ua
285 1099 137 64 illius
381 1099 137 64 amoris
477 1099 137 64 nullam
572 1099 123 64 aliam
654 1099 260 64 praesupponeret:
873 1099 96 64 sed
914 1099 68 64 hoc

248 1146 100 57 non
305 1146 100 57 est
362 1146 186 57 possibile
505 1146 100 57 pro
562 1146 129 57 statu
648 1146 114 57 isto
720 1146 86 57 Ad
763 1146 129 57 aliam
834 1146 143 57 auctori-

235 1193 122 60 tatem
317 1193 81 60 de
357 1193 122 60 sensu
439 1193 81 60 et
479 1193 149 60 sensato
588 1193 122 60 dico:
669 1193 108 60 quod
737 1193 95 60 non
791 1193 95 60 est
845 1193 81 60 de
873 1193 108 60 inten-

235 1231 108 67 tione
307 1231 181 67 philosophi.
452 1231 96 67 quod
512 1231 108 67 nihil
584 1231 193 67 intelligitur
740 1231 72 67 ab
776 1231 168 67 intellectu
897 1231 72 67 nis-

249 1271 146 73 praefuit
359 1271 85 73 pus
407 1271 73 73 in
444 1271 122 73 sensu.
530 1271 85 73 sed
578 1271 98 73 quod
639 1271 122 73 nullum
725 1271 159 73 sensibile
835 1271 134 73 extrinse-

242 1325 95 50 cum
297 1325 218 50 intelligitur
474 1325 82 50 ab
514 1325 190 50 intellectu
664 1325 109 50 nisi
732 1325 163 50 praefuit
855 1325 95 50 sub
895 1325 82 50 sen-

232 1360 106 67 su.
292 1360 121 67 Unde
368 1360 137 67 dicit
459 1360 228 67 Aristoteles
641 1360 121 67 sic.
717 1360 167 67 Amplius
839 1360 106 67 cum
884 1360 91 67 ali-

239 1407 105 57 quid
305 1407 171 57 iudicamus
436 1407 92 57 hec
489 1407 158 57 scilicet
607 1407 131 57 partes
699 1407 79 57 ex
738 1407 131 57 quibus
817 1407 158 57 componitur

225 1457 201 59 sensibile)
382 1457 215 59 cognoscenda
554 1457 115 59 nisi
626 1457 143 59 menti:
727 1457 100 59 sed
784 1457 100 59 non
841 1457 115 59 sunt
899 1457 57 59 im

233 1496 240 55 telligibilia:
431 1496 99 55 nec
487 1496 141 55 sentit
586 1496 99 55 que
643 1496 170 55 exterius
770 1496 113 55 sunt
841 1496 113 55 sine
897 1496 71 55 sen

237 1531 83 71 su.
285 1531 83 71 Ubi
332 1531 95 71 vult
392 1531 119 71 dicere
475 1531 95 71 quod
534 1531 131 71 illorum
629 1531 95 71 quae
689 1531 143 71 exterius
796 1531 107 71 sunt:
855 1531 107 71 scilice

233 1584 211 69 sensibilium
401 1584 112 69 mens
472 1584 98 69 non
528 1584 154 69 sentit.
640 1584 84 69 i.
682 1584 183 69 intuitiue
809 1584 154 69 cognoscit

242 1620 115 73 sine
313 1620 144 73 sensu.
414 1620 101 73 hoc
472 1620 101 73 est
529 1620 115 73 sine
601 1620 144 73 preuia
701 1620 158 73 notitia
802 1620 158 73 sensitiua

242 1664 183 74 intuitiua
383 1664 169 74 eiusdem:
510 1664 99 74 per
566 1664 99 74 hoc
623 1664 155 74 innuens
735 1664 113 74 quod
806 1664 113 74 mens
862 1664 113 74 potest

241 1710 159 60 sentire
356 1710 116 60 iest
428 1710 188 60 intuitiue
573 1710 202 60 cognoscere
732 1710 144 60 aliqua
833 1710 101 60 que
876 1710 87 60 exte

236 1758 110 67 rius
305 1758 123 67 sunt:
387 1758 82 67 et
428 1758 137 67 aliqua
524 1758 123 67 etiam
607 1758 96 67 que
661 1758 165 67 interius
785 1758 123 67 sunt:
853 1758 110 67 cuius-

237 1801 119 69 modi
311 1801 134 69 sunt:
400 1801 148 69 actus:
504 1801 223 69 intellectus
682 1801 208 69 voluntatis
831 1801 134 69 delecta

237 1841 132 72 tionis
329 1841 106 72 sine
396 1841 146 72 notitia
502 1841 172 72 sensitiua
634 1841 172 72 intuitiua
766 1841 132 72 eorum:
846 1841 119 72 quamuis

232 1889 162 68 notitia
350 1889 191 68 sensitiua
497 1889 191 68 aliquorum
644 1889 206 68 necessario
791 1889 162 68 praesuppe

235 1933 145 59 nitur.
336 1933 72 59 â‹
365 1933 87 59 Ad
408 1933 130 59 aliud
495 1933 116 59 dico
567 1933 116 59 quod
640 1933 130 59 forte
726 1933 145 59 quando
828 1933 159 59 aliquid

226 1978 228 63 cognoscitur
408 1978 213 63 intuitiue:
576 1978 137 63 clare
667 1978 91 63 et
713 1978 183 63 perfecte
834 1978 122 63 potest

233 2021 160 65 discerni
352 2021 80 65 ab
392 2021 106 65 alio
459 2021 173 65 distincto
592 2021 160 65 secundum
712 2021 146 65 speciem
805 2021 146 65 intuitiuo

228 2061 167 70 cognito
349 2061 182 70 perfecte
486 2061 91 70 et
531 2061 152 70 clare.
637 2061 137 70 tamen
728 2061 152 70 quando
819 2061 137 70 aliquid

231 2115 226 51 cognoscitur
411 2115 196 51 intuitiue
562 2115 165 51 obscure
682 2115 90 51 et
727 2115 211 51 imperfecte
878 2115 90 51 for-

236 2154 89 57 te
281 2154 103 57 non
340 2154 177 57 oportet.
472 2154 221 57 Intellectus
649 2154 133 57 autem
738 2154 148 57 noster
841 2154 103 57 pro
885 2154 74 57 sta

233 2194 99 67 tum
290 2194 113 67 isto
360 2194 128 67 nihil
446 2194 184 67 cognoscit
587 2194 128 67 clare
672 2194 184 67 intuitiue
814 2194 85 67 et
843 2194 113 67 perfe-

237 2239 103 66 cte.
302 2239 77 66 et
340 2239 103 66 ideo
405 2239 90 66 non
456 2239 129 66 potest
546 2239 180 66 discernere
688 2239 90 66 hoc
740 2239 64 66 a
766 2239 155 66 quolicet
869 2239 90 66 alio:

228 2287 73 65 et
264 2287 135 65 propter
362 2287 86 65 hoc
411 2287 86 65 non
460 2287 122 65 potest
546 2287 171 65 discernere
681 2287 110 65 inter
754 2287 110 65 actum
828 2287 122 65 rectum
901 2287 49 65 et

224 2326 169 67 reflexum.
354 2326 78 67 et
393 2326 91 67 sic
445 2326 78 67 de
484 2326 130 67 aliis:
575 2326 143 67 quamuis
678 2326 130 67 possit
769 2326 182 67 discernere
899 2326 52 67 de

227 2374 176 62 aliquibus
363 2374 135 62 aliis.
457 2374 95 62 hoc
512 2374 149 62 videtur
620 2374 108 62 esse
687 2374 81 62 de
728 2374 189 62 intentione
863 2374 95 62 beati

232 2412 180 73 Augustini.
374 2412 90 73 qui
425 2412 142 73 videtur
529 2412 129 73 dicere
619 2412 103 73 quod
683 2412 103 73 mens
748 2412 129 73 potest
825 2412 116 73 seipsam

230 2460 141 64 cernere
333 2460 77 64 et
372 2460 116 64 tamen
449 2460 90 64 non
500 2460 129 64 potest
590 2460 141 64 seipsam
693 2460 77 64 ab
731 2460 116 64 aliis
796 2460 154 64 discernere

230 2499 91 76 Ubi
282 2499 78 76 de
321 2499 117 76 mente
399 2499 117 76 dicit
477 2499 78 76 De
516 2499 104 76 tri.
581 2499 130 76 liber.
672 2499 78 76 x.
711 2499 78 76 c.
750 2499 117 76 iiii.
828 2499 91 76 Non
867 2499 91 76 velut

231 2553 142 62 absentem
338 2553 130 62 quaerat
432 2553 71 62 se
468 2553 142 62 cernere.
574 2553 83 62 sed
622 2553 166 62 praesentem
752 2553 71 62 se
787 2553 106 62 curet
846 2553 95 62 discer

234 2593 114 80 nere:
310 2593 76 80 ne
348 2593 76 80 se
386 2593 114 80 quasi
462 2593 139 80 ignotum
563 2593 126 80 noret:
651 2593 88 80 sed
702 2593 76 80 ab
740 2593 76 80 eo
778 2593 101 80 quod
828 2593 114 80 alterum

1071 242 129 72 nouit
1156 242 186 72 dinoscat.
1299 242 100 72 hoc
1356 242 114 72 idem
1428 242 157 72 videtur
1542 242 143 72 dicere
1642 242 100 72 ca.
1685 242 114 72 xviii.

1085 283 68 76 â‹
1113 283 81 76 Ad
1153 283 149 76 quintum
1262 283 136 76 dubium
1357 283 109 76 dico
1425 283 109 76 quod
1492 283 149 76 notitia
1601 283 176 76 intuitiua
1723 283 68 76 pro

1084 330 125 70 statu
1167 330 125 70 isto:
1250 330 97 70 non
1306 330 97 70 est
1361 330 166 70 respectu
1486 330 139 70 omnium
1569 330 236 70 intelligibilium

1088 380 120 62 etiam
1167 380 173 62 equaliter
1300 380 199 62 praesentium
1460 380 213 62 intellectui.
1632 380 106 62 quia
1699 380 93 62 est
1739 380 66 62 re-

1090 416 135 63 spectu
1185 416 149 63 actuum:
1293 416 81 63 et
1334 416 95 63 non
1388 416 162 63 respectu
1510 416 176 63 habituum.
1645 416 108 63 Quod
1699 416 95 63 autem

1075 464 89 69 ita
1126 464 89 69 sit
1177 464 126 69 scimus
1265 464 89 69 per
1316 464 215 69 experientiam:
1493 464 101 69 quia
1556 464 152 69 quilibet
1657 464 139 69 experitur

1085 502 80 63 se
1125 502 173 63 diligere:
1258 502 80 63 et
1298 502 186 63 delectari.
1444 502 93 63 non
1497 502 93 63 sic
1550 502 120 63 autem
1630 502 80 63 se
1657 502 146 63 inclinari

1083 552 75 66 ad
1120 552 112 66 actus
1195 552 87 66 per
1245 552 150 66 habitum:
1357 552 100 66 quia
1419 552 125 66 tantum
1506 552 162 66 inclinari
1631 552 125 66 posset
1706 552 87 66 pote-

1082 594 89 66 tia
1133 594 89 66 per
1184 594 102 66 deum
1248 594 153 66 agentem:
1363 594 115 66 sicut
1440 594 89 66 per
1491 594 140 66 habitum
1593 594 204 66 inclinantem.
1746 594 51 66 et

1076 639 108 69 ergo
1144 639 108 69 illa
1212 639 216 69 inclinatione
1387 639 108 69 quam
1455 639 162 69 quilibet
1577 639 176 69 experitur
1712 639 81 69 in
1739 639 54 69 se

1065 684 98 66 non
1121 684 141 66 potest
1220 684 183 66 euidenter
1360 684 169 66 cognosci
1487 684 155 66 notitia
1599 684 183 66 intuitiua
1726 684 70 66 ha-

1079 719 117 67 bitus
1157 719 182 67 inclinans:
1300 719 91 67 sed
1352 719 130 67 potest
1443 719 130 67 tantum
1533 719 156 67 cognosci
1650 719 104 67 illo
1702 719 91 67 modo:

1077 775 93 59 quo
1130 775 133 59 potest
1223 775 160 59 cognosci
1343 775 147 59 aliquid
1450 775 160 59 peroonem
1570 775 80 59 et
1610 775 186 59 discursum.
1743 775 53 59 Ex

1076 811 106 75 illo
1142 811 119 75 patet
1221 811 106 75 quod
1288 811 132 75 nullus
1380 811 132 75 potest
1473 811 172 75 intuitiue
1606 811 185 75 cognoscere
1738 811 53 75 si

1074 861 75 69 ue
1112 861 125 69 videre
1200 861 113 69 fidem
1275 861 75 69 et
1312 861 175 69 caritatem:
1450 861 100 69 quae
1513 861 100 69 sunt
1575 861 138 69 habitus
1675 861 75 69 in
1700 861 88 69 nobis

1071 895 135 73 quamuis
1169 895 135 73 possunt
1268 895 160 73 intuitiue
1391 895 148 73 cognosci
1502 895 111 73 actus
1575 895 86 73 qui
1625 895 172 73 eliciuntur
1748 895 49 73 ex

1064 951 125 66 istis
1148 951 181 66 habitibus
1287 951 111 66 quae
1356 951 111 66 sunt
1426 951 153 66 credere
1537 951 84 66 et
1579 951 139 66 amare.
1677 951 70 66 â‹
1704 951 84 66 Ad
1732 951 56 66 se

1068 995 105 65 xtum
1133 995 131 65 dubium
1225 995 105 65 dico
1290 995 105 65 quod
1356 995 105 65 illa
1421 995 144 65 notitia
1526 995 170 65 intuitiua
1657 995 79 65 et
1696 995 79 65 id
1723 995 65 65 iu-

1061 1035 130 64 dicium
1152 1035 208 64 distinguutur
1321 1035 169 64 realitur.
1450 1035 104 64 quia
1515 1035 104 64 illa
1580 1035 143 64 notitia
1671 1035 117 64 intuiti

1065 1077 74 68 ua
1102 1077 87 68 est
1151 1077 149 68 respectu
1263 1077 174 68 incomplexi
1399 1077 112 68 illud
1474 1077 112 68 autem
1548 1077 149 68 iudicium
1660 1077 87 68 est
1697 1077 87 68 respe

1068 1123 86 64 ctu
1117 1123 159 64 complexi.
1239 1123 73 64 Et
1276 1123 73 64 si
1313 1123 159 64 quaeratur
1435 1123 73 64 de
1472 1123 135 64 iudicio
1570 1123 147 64 sequente
1668 1123 110 64 praeci-

1071 1162 80 70 se
1111 1162 159 70 notitiam
1230 1162 186 70 intuitiuam
1376 1162 199 70 sensitiuam:
1535 1162 80 70 an
1575 1162 212 70 distinguitur
1734 1162 53 70 ab

1062 1203 118 79 ista.
1140 1203 131 79 Potest
1232 1203 105 79 dici
1297 1203 105 79 quod
1363 1203 92 79 non
1415 1203 209 79 distinguitur
1585 1203 78 79 ab
1624 1203 118 79 ista:
1689 1203 92 79 sicut

1062 1246 97 78 nec
1118 1246 166 78 iudicium
1242 1246 208 78 intellectus
1408 1246 111 78 quod
1477 1246 152 78 precise
1588 1246 111 78 stat
1657 1246 83 78 in
1685 1246 97 78 noti-

1065 1291 94 76 tia
1118 1291 202 76 inconplexa.
1280 1291 81 76 et
1321 1291 108 76 ideo
1388 1291 94 76 non
1442 1291 94 76 est
1496 1291 162 76 iudicium
1617 1291 148 76 sequens
1712 1291 67 76 nec

1068 1341 85 70 est
1117 1341 134 70 proprie
1214 1341 159 70 iudicium:
1336 1341 98 70 quia
1397 1341 85 70 non
1446 1341 85 70 est
1495 1341 147 70 respectu
1605 1341 159 70 complexi:
1715 1341 61 70 sed

1059 1388 128 68 tantum
1149 1388 89 68 est
1200 1388 153 68 iudicium
1315 1388 179 68 equiualens
1455 1388 115 68 sicut
1532 1388 115 68 alias
1608 1388 140 68 dicetur
1710 1388 64 68 â‹
1736 1388 77 68 Ad

1058 1427 133 74 primum
1151 1427 187 74 argumentum
1298 1427 80 74 in
1338 1427 173 74 cotrarium
1471 1427 107 74 dico
1538 1427 107 74 quod
1604 1427 133 74 potest
1684 1427 107 74 fieri-

1056 1473 113 72 illa
1126 1473 155 72 notitia
1239 1473 183 72 intuitiua
1380 1473 113 72 sine
1450 1473 155 72 iudicio
1563 1473 225 72 consequente:
1732 1473 56 72 et

1060 1513 91 77 ita
1112 1513 130 77 potest
1203 1513 143 77 aliquis
1307 1513 169 77 diligere:
1437 1513 78 77 et
1476 1513 117 77 tamen
1554 1513 91 77 non
1606 1513 156 77 iudicare
1710 1513 65 77 se-

1048 1558 167 76 diligere.
1177 1558 116 76 sicut
1254 1558 90 76 non
1305 1558 90 76 est
1357 1558 231 76 incompossibile
1549 1558 103 76 quod
1614 1558 141 76 aliquis
1704 1558 64 76 con

1059 1604 166 73 gnoscat
1180 1604 181 73 terminos
1316 1604 181 73 alicuius
1452 1604 257 73 propositionis
1663 1604 106 73 per
1709 1604 60 73 se

1051 1649 112 70 note:
1125 1649 75 70 et
1163 1649 112 70 tamen
1238 1649 87 70 non
1288 1649 112 70 sciat
1363 1649 212 70 propositionem
1538 1649 112 70 illam
1613 1649 125 70 posito
1688 1649 87 70 etiam

1062 1696 95 63 quod
1122 1696 107 63 ipsam
1193 1696 190 63 apprehendat.
1347 1696 59 63 â‹
1371 1696 71 63 Si
1407 1696 131 63 dicatur
1502 1696 95 63 quod
1561 1696 95 63 tunc
1621 1696 83 63 non
1668 1696 83 63 est
1704 1696 71 63 pro-

1055 1739 154 68 positio
1167 1739 98 68 per
1223 1739 84 68 se
1265 1739 126 68 nota:
1349 1739 112 68 quia
1420 1739 126 68 talis
1504 1739 210 68 cognoscitur
1658 1739 112 68 statim

1042 1783 207 68 apprehensis
1208 1783 180 68 terminis.
1346 1783 111 68 dico
1415 1783 111 68 quod
1485 1783 111 68 illa
1554 1783 194 68 propositio
1692 1783 69 68 nen

1048 1825 99 61 per
1104 1825 85 61 se
1147 1825 113 61 nota
1217 1825 85 61 ad
1259 1825 127 61 cuius
1344 1825 183 61 euidentem
1485 1825 169 61 notitiam
1598 1825 169 61 sufficiunt

1051 1872 149 67 termini:
1162 1872 87 67 cum
1212 1872 112 67 tamen
1286 1872 149 67 generali
1398 1872 174 67 influentia
1534 1872 99 67 dei.
1596 1872 124 67 potest
1670 1872 87 67 tamen

1048 1911 102 75 deus
1112 1911 152 75 impedire
1226 1911 114 75 illam
1302 1911 152 75 notitiam
1416 1911 190 75 intuitiuam.
1569 1911 152 75 sufficit
1670 1911 89 75 autem

1049 1956 79 65 ad
1088 1956 159 65 notitiam
1207 1956 172 65 euidentem
1340 1956 106 65 quod
1406 1956 93 65 res
1459 1956 93 65 sit
1512 1956 106 65 nisi
1578 1956 93 65 sit
1618 1956 145 65 impedimen

1042 2006 95 69 tum
1097 2006 95 69 vel
1151 2006 108 69 nisi
1218 2006 176 69 actiuitas
1353 2006 135 69 illius
1448 2006 149 69 notitie
1556 2006 176 69 intuitiue
1678 2006 81 69 impe

1055 2041 117 74 diatur.
1141 2041 53 74 â‹
1162 2041 64 74 Ad
1194 2041 128 74 secundum
1290 2041 96 74 dico:
1354 2041 85 74 quod
1408 2041 75 74 non
1450 2041 75 74 est
1493 2041 171 74 inconueniens
1632 2041 85 74 quod
1685 2041 75 74 res
1717 2041 43 74 in

1049 2089 124 66 tuitiue
1139 2089 135 66 videtur:
1240 2089 67 66 et
1274 2089 101 66 tamen
1341 2089 90 66 quod
1397 2089 169 66 intellectus
1532 2089 90 66 iste
1588 2089 112 66 credat
1667 2089 79 66 rem
1701 2089 56 66 non

1045 2124 127 78 esse:
1130 2124 156 78 quamuis
1243 2124 212 78 naturaliter
1413 2124 99 78 hoc
1469 2124 99 78 non
1526 2124 141 78 potest
1625 2124 141 78 fieri:
1709 2124 57 78 et

1050 2171 94 76 hoc
1103 2171 162 76 sufficit
1225 2171 81 76 ad
1265 2171 162 76 notitiam
1387 2171 189 76 intuitiuam
1535 2171 108 76 quod
1602 2171 148 76 quantum
1697 2171 67 76 est

1054 2223 83 59 ex
1096 2223 83 59 se
1138 2223 195 59 sufficiens
1290 2223 97 59 est
1346 2223 83 59 ad
1388 2223 181 59 faciendum
1527 2223 167 59 iudicium
1638 2223 125 59 rectum:

1042 2258 92 82 de
1088 2258 215 82 existentia
1257 2258 108 82 rei
1318 2258 108 82 vel
1380 2258 108 82 non
1441 2258 215 82 existentia
1610 2258 123 82 rei.
1687 2258 77 82 â‹
1718 2258 92 82 Ad

1046 2303 170 68 sepximum
1173 2303 142 68 dubium
1273 2303 113 68 dico
1344 2303 113 68 quod
1415 2303 99 68 per
1471 2303 170 68 notitiam
1585 2303 170 68 intuitiuam

1040 2352 103 74 rei
1099 2352 147 74 potest
1202 2352 191 74 euidenter
1350 2352 177 74 cognosci
1482 2352 103 74 res
1541 2352 103 74 non
1600 2352 118 74 esse
1659 2352 103 74 quan-

1035 2394 93 77 do
1082 2394 186 77 nonsest.
1222 2394 93 77 Et
1268 2394 155 77 quando
1377 2394 186 77 queritur
1516 2394 78 77 a
1547 2394 109 77 quo
1594 2394 155 77 causatur

1038 2440 121 73 istud
1118 2440 175 73 iudicium:
1252 2440 107 73 dici
1319 2440 134 73 potest
1413 2440 107 73 quod
1481 2440 134 73 petest
1575 2440 148 73 causari
1682 2440 67 73 a
1695 2440 54 73 no

1035 2484 103 63 titia
1103 2484 149 63 intuitiua
1218 2484 80 63 rei
1264 2484 69 63 Et
1298 2484 115 63 quando
1379 2484 126 63 dicitur
1471 2484 92 63 quod
1528 2484 92 63 illa
1585 2484 103 63 habet
1643 2484 103 63 causare

1037 2532 137 65 effectum
1139 2532 149 65 oppositum
1254 2532 69 65 si
1288 2532 80 65 res
1334 2532 91 65 sit.
1391 2532 114 65 potest
1471 2532 91 65 dici
1528 2532 91 65 quod
1585 2532 80 65 non
1631 2532 80 65 est
1665 2532 80 65 incon

1036 2571 153 61 ueniens
1147 2571 111 61 quod
1217 2571 139 61 aliqua
1314 2571 125 61 causa
1398 2571 97 61 cum
1454 2571 111 61 alia
1523 2571 167 61 partiali
1635 2571 111 61 causet

1022 2616 154 83 aliquem
1134 2616 183 83 effectum:
1275 2616 84 83 et
1317 2616 126 83 tamen
1401 2616 112 83 quod
1471 2616 112 83 illa
1541 2616 112 83 sola
1612 2616 112 83 sine
1668 2616 84 83 alia
