2299 3092
294 201 146 75 plicitur
403 201 122 75 vltimi
489 201 85 75 sic
537 201 85 75 non
586 201 146 75 perficit
695 201 134 75 vterque
793 201 146 75 vltiate.
902 201 97 75 quia
951 201 73 75 vnus

292 261 120 52 actus
372 261 93 52 est
425 261 120 52 finis
505 261 173 52 alterius.
638 261 67 52 ⁋
665 261 80 52 Ad
704 261 120 52 aliud
784 261 107 52 dico
851 261 107 52 quod
917 261 107 52 sunt
971 261 53 52 di

300 313 116 55 uersi
378 313 116 55 actus
455 313 155 55 fruendi.
572 313 78 55 Ad
610 313 194 55 probationem
765 313 103 55 dico
830 313 103 55 quod
895 313 116 55 actus
959 313 65 55 re-

305 347 102 54 flexus
376 347 92 54 licet
437 347 143 54 terminetur
549 347 61 54 in
580 347 112 54 rectum:
661 347 81 54 quia
712 347 92 54 tamen
773 347 71 54 ibi
814 347 71 54 non
855 347 102 54 sistit
916 347 112 54 finaliter

297 395 81 58 sed
344 395 115 58 tendit
424 395 69 58 in
459 395 138 58 obiectum
563 395 150 58 fruibile.
678 395 92 58 ideo
736 395 81 58 est
782 395 104 58 actus
851 395 138 58 fruendi.
955 395 58 58 ⁋
978 395 69 58 Ad

301 438 130 58 rationes
399 438 130 58 alterius
497 438 152 58 opinionis.
616 438 65 58 ad
649 438 109 58 primam
725 438 87 58 dico
779 438 87 58 quod
833 438 174 58 consequentia
964 438 54 58 non

303 487 119 50 valet:
386 487 95 50 quia
446 487 131 50 maioris
541 487 191 50 perfectionis
696 487 143 50 potentie
804 487 83 50 est
851 487 119 50 habete
923 487 95 50 plures

304 524 109 56 actus
377 524 109 56 simul
449 524 97 56 quam
510 524 170 56 pauciores:
643 524 85 56 sed
692 524 85 56 non
740 524 85 56 est
789 524 109 56 magis
849 524 170 56 inconueniens

288 574 135 52 infinita
389 574 123 52 corpora
478 574 90 52 esse
535 574 101 52 simul
602 574 90 52 quam
658 574 90 52 duo.
714 574 90 52 ideo
770 574 67 52 si
804 574 79 52 duo
849 574 123 52 corpora
927 574 101 52 possunt

300 613 96 47 esse
360 613 108 47 simul
432 613 72 47 et
468 613 144 47 infinita
576 613 72 47 et
612 613 108 47 tanta
685 613 84 47 est
733 613 180 47 repugnantia
877 613 108 47 inter
937 613 84 47 dimen

288 659 124 52 siones
374 659 124 52 duorum
461 659 87 52 cor
510 659 111 52 porum
585 659 99 52 esse
647 659 111 52 simul
721 659 111 52 sicut
795 659 111 52 inter
857 659 161 52 dimensiones

288 702 123 50 trium.
374 702 86 50 sic
423 702 86 50 non
473 702 86 50 est
522 702 74 50 de
559 702 148 50 actibus:
670 702 99 50 quia
732 702 123 50 quanto
818 702 123 50 plures
905 702 111 50 actus
967 702 49 50 re

297 752 105 52 cipit
368 752 141 52 potentia
473 752 105 52 tanto
543 752 129 52 maioris
637 752 82 52 est
684 752 152 52 virtutum:
801 752 70 52 et
836 752 94 52 ideo
895 752 70 52 si
919 752 105 52 haberet

288 794 154 55 infinitos
407 794 107 55 actus
478 794 107 55 simul
549 794 107 55 esset
620 794 142 55 infinite
726 794 154 55 virtutur.
844 794 59 55 ⁋
868 794 71 55 Ad
904 794 107 55 aliud
963 794 59 55 di-

299 835 72 50 co
335 835 96 50 quod
395 835 120 50 videre
478 835 143 50 visionem
586 835 96 50 suam
646 835 72 50 in
681 835 108 50 verbo
753 835 120 50 potest
837 835 155 50 intelligi
944 835 84 50 dupli

288 882 104 46 citer
358 882 81 46 vel
404 882 69 46 vt
438 882 81 46 sua
485 882 104 46 visio
554 882 115 46 tantum
634 882 161 46 continetur
761 882 173 46 virtualiter
900 882 69 46 in
923 882 92 46 verbor

301 922 68 48 vel
340 922 58 48 vt
369 922 88 48 visio
428 922 78 48 eius
476 922 126 48 accipitur
574 922 136 48 formaliter
681 922 117 48 secundum
768 922 78 48 quod
817 922 88 48 habet
875 922 78 48 esse
924 922 58 48 in
943 922 78 48 genere

288 966 182 58 propositio.
433 966 109 58 primo
506 966 97 58 modo
567 966 133 58 videtur
664 966 109 58 eodem
736 966 97 58 actu
797 966 109 58 recto
870 966 85 58 quo
906 966 109 58 videtur

298 1007 141 52 verbum.
401 1007 141 52 secundo
503 1007 102 52 modo
567 1007 77 52 si
605 1007 154 52 videatur
721 1007 90 52 hoc
772 1007 102 52 erit
836 1007 102 52 actu
887 1007 128 52 reflexo.

276 1051 69 61 ⁋
304 1051 82 61 Ad
345 1051 124 61 aliud
427 1051 110 61 dico
496 1051 110 61 quod
565 1051 124 61 verum
647 1051 96 61 est
702 1051 110 61 quod
771 1051 110 61 amor
839 1051 137 61 amatur
922 1051 96 61 seipo

302 1101 83 50 vmdm
353 1101 124 50 speciem:
446 1101 72 50 sed
488 1101 72 50 non
529 1101 124 50 secundum
622 1101 124 50 numerum.
715 1101 72 50 vel
757 1101 103 50 aliter
829 1101 83 50 quod
881 1101 83 50 amor
932 1101 62 50 in
953 1101 62 50 habi

292 1139 78 57 tum
336 1139 78 57 est
381 1139 155 57 principium
503 1139 111 57 amandi
580 1139 122 57 seipsum
669 1139 67 57 in
702 1139 100 57 actu:
769 1139 100 57 sicut
835 1139 133 57 scientia
935 1139 67 57 in
957 1139 67 57 habi

290 1181 84 54 tum
338 1181 84 54 est
386 1181 167 54 principium
517 1181 179 54 cognoscendi
661 1181 155 54 scientiam
780 1181 72 54 in
816 1181 108 54 actu.
888 1181 60 54 ⁋
911 1181 72 54 Ad
935 1181 84 54 aliud

292 1224 85 57 dico
346 1224 85 57 quod
399 1224 85 57 siue
452 1224 139 57 differant
559 1224 107 57 specie
634 1224 85 57 siue
687 1224 107 57 numero
762 1224 139 57 faciliter
869 1224 107 57 potest
933 1224 85 57 respon

289 1269 106 59 deri:
360 1269 94 59 quia
419 1269 71 59 si
454 1269 153 59 differant
572 1269 118 59 specie
655 1269 94 59 dico
714 1269 94 59 quod
773 1269 83 59 non
820 1269 83 59 est
856 1269 153 59 incoueniens

282 1313 92 66 quod
340 1313 139 66 infiniti
444 1313 104 66 actus
514 1313 173 66 differentes
652 1313 116 66 specie
733 1313 127 66 possint
826 1313 92 66 esse
883 1313 116 66 rectum
953 1313 69 66 eius

287 1356 94 58 dem
340 1356 148 58 obiecti
448 1356 148 58 remoti:
555 1356 94 58 dum
609 1356 121 58 tamen
690 1356 148 58 obiecta
797 1356 175 58 propinqua
918 1356 108 58 diffe-

301 1404 91 56 rant
357 1404 125 56 specie:
448 1404 79 56 sed
493 1404 125 56 numquam
584 1404 102 56 erunt
652 1404 91 56 illi
709 1404 102 56 actus
777 1404 159 56 actualiter
890 1404 125 56 infinitia

290 1446 81 60 ita
337 1446 93 60 quod
395 1446 139 60 infiniti
499 1446 93 60 sint
557 1446 104 60 simul
627 1446 70 60 in
662 1446 104 60 actu.
731 1446 70 60 Si
766 1446 104 60 autem
835 1446 151 60 differant
940 1446 81 60 solum

286 1494 146 60 numero:
392 1494 106 60 tunc
458 1494 93 60 non
511 1494 93 60 est
565 1494 212 60 inconueniens
737 1494 106 60 quod
804 1494 120 60 tales
883 1494 93 60 duo
923 1494 93 60 actus

288 1529 93 63 sint
346 1529 104 63 simul
416 1529 69 63 in
451 1529 116 63 eodem:
532 1529 93 63 quia
590 1529 93 63 sunt
647 1529 104 63 actus
717 1529 162 63 respectiui
844 1529 69 63 et
879 1529 127 63 vterque
960 1529 58 63 in-

284 1588 131 50 portat
376 1588 118 50 illum
454 1588 79 50 ad
494 1588 157 50 obiectum
612 1588 79 50 ad
651 1588 105 50 quod
716 1588 170 50 teriatur:
848 1588 79 50 et
887 1588 118 50 actus
952 1588 66 50 re-

280 1622 143 56 spectiui
387 1622 179 56 differentes
530 1622 95 56 solo
590 1622 119 56 numero
673 1622 131 56 possunt
768 1622 95 56 esse
828 1622 107 56 simul
899 1622 71 56 in
923 1622 95 56 eodem.

318 1673 74 54 Ad
355 1673 111 54 aliud
429 1673 99 54 dico
490 1673 99 54 quod
552 1673 148 54 cognitio
663 1673 74 54 in
700 1673 136 54 communi
799 1673 123 54 potest
873 1673 136 54 intelligi

298 1717 134 48 duplicitur.
406 1717 63 48 vno
441 1717 72 48 modo
486 1717 108 48 secundum
567 1717 72 48 quod
612 1717 99 48 dicitur
683 1717 99 48 commune
755 1717 134 48 communitate
854 1717 152 48 vniversalitatis

294 1760 59 59 et
324 1760 69 59 sic
363 1760 108 59 dicitur
441 1760 118 59 communis
529 1760 69 59 per
568 1760 186 59 praedicationem:
725 1760 59 59 et
755 1760 147 59 praedicatur
872 1760 59 59 de
901 1760 78 59 omni
941 1760 78 59 cogni-

295 1799 104 64 ione.
365 1799 92 64 Alio
423 1799 92 64 modo
480 1799 116 64 potest
561 1799 116 64 accipi
642 1799 92 64 quod
700 1799 127 64 aliquod
792 1799 139 64 obiectum
885 1799 127 64 cognosci-

293 1843 67 59 tur
332 1843 57 59 in
360 1843 105 59 communi
436 1843 114 59 secundum
522 1843 105 59 aliquam
598 1843 114 59 communem
684 1843 114 59 rationem
769 1843 86 59 eius:
826 1843 86 59 sicut
883 1843 57 59 si
902 1843 105 59 cognosca-

284 1890 84 50 tur
332 1890 96 50 homo
392 1890 155 50 inquantum
511 1890 84 50 est
559 1890 120 50 animal
643 1890 84 50 vel
690 1890 179 50 substantia:
834 1890 96 50 illa
894 1890 108 50 esset
953 1890 60 50 co-

289 1934 105 57 gnitio
363 1934 116 57 hominis
448 1934 63 57 in
479 1934 126 57 communi:
574 1934 63 57 et
606 1934 95 57 talis
669 1934 126 57 cognitio
764 1934 116 57 hominis
848 1934 63 57 in
880 1934 116 57 communi
953 1934 53 57 non

288 1975 84 54 est
336 1975 144 54 cognitio
444 1975 132 54 hominis
539 1975 84 54 per
587 1975 227 54 praedicationem:
779 1975 96 54 quia
839 1975 84 54 est
886 1975 84 54 vna
922 1975 96 54 cogni-

286 2023 96 63 tio
341 2023 191 63 singularis
491 2023 191 63 accipiendo
641 2023 218 63 cognitionem.
819 2023 123 63 primo
901 2023 109 63 modo
955 2023 55 63 si

287 2064 104 53 quis
352 2064 169 53 cognoscat
481 2064 194 53 cognitionem
637 2064 104 53 illo
702 2064 117 53 modo:
780 2064 104 53 illa
844 2064 143 53 cognito
935 2064 65 53 per

283 2104 91 66 quam
339 2104 147 66 cognoscit
452 2104 79 66 est
498 2104 102 66 actus
566 2104 113 66 rectus
645 2104 68 66 et
679 2104 79 66 non
724 2104 136 66 reflexus
826 2104 102 66 sicut
894 2104 79 66 est
928 2104 79 66 actus

295 2150 107 56 rectus
370 2150 107 56 quando
445 2150 161 56 cognoscitur
574 2150 150 56 substantia
692 2150 75 56 vel
734 2150 139 56 accidens:
842 2150 75 56 sed
884 2150 129 56 loquendo
970 2150 43 56 de

295 2191 173 59 cognitione
430 2191 136 59 secundo
529 2191 99 59 modo
591 2191 86 59 sic
640 2191 99 59 illa
702 2191 148 59 cognitio
813 2191 86 59 per
862 2191 99 59 quam
911 2191 99 59 cogno-

289 2239 122 56 scitur
374 2239 110 56 talis
448 2239 147 56 cognitio
558 2239 86 56 est
607 2239 110 56 actus
680 2239 147 56 reflexus
790 2239 147 56 realiter
888 2239 122 56 differes

288 2294 79 45 ab
327 2294 105 45 illa
393 2294 183 45 cognitione
537 2294 170 45 congnita:
668 2294 118 45 sicut
746 2294 79 45 si
785 2294 92 45 ego
838 2294 196 45 cognosceren
982 2294 52 45 me

292 2331 165 51 cognoscere
422 2331 130 51 hominem
516 2331 83 51 sub
564 2331 130 51 ratione
658 2331 142 51 animalis
764 2331 83 51 vel
811 2331 177 51 substantie.
953 2331 59 51 ⁋
965 2331 47 51 Ad

294 2380 104 43 aliud
364 2380 92 43 dico
421 2380 92 43 quod
479 2380 173 43 intellectus
617 2380 81 43 non
663 2380 115 43 potest
744 2380 115 43 habere
825 2380 150 43 infinitas
928 2380 81 43 actus

299 2414 76 56 iml:
347 2414 57 56 et
376 2414 76 56 ideo
423 2414 76 56 dico
471 2414 76 56 quod
518 2414 95 56 potest
585 2414 95 56 habere
651 2414 67 56 tot
689 2414 86 56 simul
746 2414 67 56 ita
784 2414 76 56 quod
832 2414 95 56 plures
898 2414 67 56 non
927 2414 76 56 potest

288 2454 92 56 habere
352 2454 92 56 simul.
416 2454 55 56 Et
444 2454 92 56 quando
508 2454 101 56 dicitur
582 2454 73 56 quod
628 2454 119 56 quaelibet
719 2454 83 56 actus
774 2454 110 56 reflexus
857 2454 92 56 potest
912 2454 92 56 cognosci

285 2510 80 53 per
330 2510 102 53 actum
398 2510 148 53 reflexum.
512 2510 91 53 dico
569 2510 91 53 quod
626 2510 102 53 verum
694 2510 80 53 est
739 2510 91 53 quod
796 2510 80 53 sic
842 2510 136 53 conuenit
932 2510 80 53 proce

284 2560 101 46 dere
348 2560 76 46 in
386 2560 164 46 infinitum
512 2560 190 46 successiue:
664 2560 89 46 sed
714 2560 139 46 nunquam
816 2560 114 46 erunt
879 2560 139 46 infiniti.

281 2598 114 68 actus
358 2598 114 68 simul
434 2598 64 68 ⁋
459 2598 76 68 Ad
498 2598 114 68 aliud
574 2598 127 68 quadam
663 2598 127 68 doctor
752 2598 153 68 concedit
866 2598 102 68 quod
917 2598 102 68 diffe

1116 215 108 59 runt.
1188 215 72 59 Et
1224 215 120 59 quando
1308 215 132 59 dicitur
1404 215 96 59 vnus
1464 215 108 59 actus
1535 215 120 59 tendit
1619 215 72 59 in
1655 215 108 59 alium
1715 215 120 59 secundum

1120 264 135 50 rationem
1221 264 135 50 formalem
1323 264 113 50 illius
1401 264 101 50 actus
1469 264 147 50 alterius.
1582 264 68 50 et
1616 264 90 50 tunc
1672 264 101 50 ratio
1728 264 113 50 alterius

1114 305 99 51 actus
1180 305 88 51 erit
1235 305 121 51 eiusdem
1323 305 132 51 rationis
1422 305 88 51 siue
1477 305 121 51 speciei
1566 305 77 51 cum
1610 305 132 51 secundo.
1709 305 99 51 Sicut
1775 305 66 51 si
1797 305 44 51 po

1117 355 124 49 natur
1200 355 179 49 exemplum.
1338 355 83 49 si
1379 355 152 49 aliquis
1489 355 179 49 cognoscat
1627 355 179 49 opinionem
1751 355 83 49 suam

1117 393 204 52 opinatiue.
1278 393 161 52 vtraque
1395 393 175 52 cognitio
1526 393 88 52 et
1570 393 146 52 opinio
1672 393 117 52 erit
1730 393 117 52 eiusde

1110 440 142 50 speciei.
1217 440 71 50 et
1253 440 107 50 eadem
1324 440 142 50 ratione.
1431 440 71 50 si
1466 440 83 50 per
1514 440 107 50 actum
1585 440 142 50 reflexum
1680 440 154 50 cognoscitur

1112 482 119 50 actus
1191 482 185 50 intuitiuus
1336 482 172 50 intuitiue
1468 482 158 50 sequitur
1587 482 106 50 quod
1653 482 106 50 sint
1706 482 132 50 eiusdem-

1110 525 145 52 speciei.
1219 525 133 52 Dicitur
1315 525 133 52 negando
1412 525 169 52 assumptum.
1545 525 97 52 quia
1605 525 73 52 si
1642 525 133 52 aliquis
1726 525 121 52 superfi-

1111 572 173 48 cialiter
1240 572 216 48 cognosceret
1413 572 201 48 superficie
1571 572 101 48 vel
1628 572 216 48 cognosceret
1786 572 58 48 ex

1106 613 164 51 tensionem
1232 613 164 51 extensiue
1358 613 88 51 non
1409 613 151 51 sequitur
1522 613 101 51 quod
1585 613 151 51 cognitio
1698 613 88 51 sua
1749 613 76 51 et
1774 613 63 51 su-

1110 657 144 58 perficies
1221 657 111 58 essent
1298 657 122 58 eiusdem
1386 657 133 58 speciei.
1486 657 66 58 et
1519 657 100 58 tamen
1586 657 144 58 huiusmodi
1696 657 100 58 actus
1752 657 88 58 tende-

1114 708 84 45 ret
1162 708 72 45 in
1198 708 96 45 illa
1258 708 132 45 obiecta
1353 708 144 45 secundum
1461 708 144 45 rationem
1569 708 144 45 formalem
1676 708 132 45 istorum
1760 708 84 45 obie-

1118 744 123 54 ctorum.
1207 744 89 54 Dico
1263 744 101 54 tamen
1330 744 89 54 quod
1386 744 78 54 non
1431 744 145 54 different
1543 744 112 54 specie
1621 744 78 54 sed
1666 744 101 54 solum
1733 744 123 54 numero.
1811 744 45 54 Et

1110 785 108 53 quando
1186 785 119 53 dicitur
1272 785 86 53 quod
1326 785 119 53 obiecta
1412 785 140 53 differunt
1520 785 108 53 specie
1595 785 86 53 ergo
1649 785 65 53 et
1681 785 108 53 actus.
1757 785 54 53 ⁋
1767 785 65 53 Dico

1108 832 110 60 quod
1177 832 96 60 vbi
1232 832 151 60 obiecta
1342 832 110 60 sunt
1411 832 179 60 ordinata:
1548 832 83 60 et
1590 832 110 60 vnum
1658 832 165 60 obiectum
1768 832 69 60 est

1109 883 152 54 obiectum
1224 883 165 54 alterius:
1351 883 89 54 ibi
1401 883 89 54 non
1452 883 140 54 oportet
1554 883 114 54 actus
1630 883 165 54 distingui
1744 883 102 54 speci-

1103 925 104 49 fice
1168 925 78 49 ex
1207 925 104 49 tali
1271 925 207 49 distinctione
1440 925 194 49 obiectorum.
1595 925 91 49 sic
1647 925 91 49 est
1699 925 78 49 in
1724 925 104 49 propo-

1105 970 108 48 sito
1173 970 108 48 quod
1241 970 81 48 si
1281 970 149 48 obiecta
1390 970 135 48 essent
1485 970 95 48 sic
1539 970 176 48 distincta
1674 970 108 48 quod
1728 970 122 48 neutrum

1106 1007 192 54 reduceretur
1259 1007 77 54 ad
1298 1007 153 54 alterum:
1413 1007 89 54 sed
1464 1007 153 54 vtrumque
1579 1007 140 54 haberet
1681 1007 153 54 rationem
1783 1007 64 54 for

1112 1060 115 50 malem
1189 1060 179 50 distinctam
1330 1060 166 50 specifice
1457 1060 90 50 sub
1509 1060 141 50 ratione
1611 1060 153 50 obiecti.
1726 1060 102 50 tunc
1777 1060 64 50 be-

1103 1096 79 56 ne
1142 1096 131 56 posset
1234 1096 144 56 concedi
1339 1096 105 56 quod
1405 1096 118 56 actus
1484 1096 131 56 essent
1575 1096 171 56 distincti
1694 1096 144 56 specifice

1111 1146 97 47 sic
1167 1146 97 47 non
1222 1146 97 47 est
1277 1146 83 47 in
1319 1146 194 47 proposito.
1471 1146 69 47 ⁋
1499 1146 83 47 Ad
1540 1146 125 47 aliud
1623 1146 111 47 dico
1693 1146 111 47 quod
1748 1146 83 47 maio

1117 1186 81 51 non
1164 1186 81 51 est
1210 1186 105 51 vera.
1280 1186 93 51 quia
1338 1186 81 51 per
1385 1186 105 51 actum
1454 1186 116 51 rectum
1536 1186 81 51 per
1582 1186 93 51 quem
1640 1186 116 51 vnitur
1710 1186 128 51 potentia.

1112 1228 158 51 obiecto
1227 1228 245 51 perfectissimo
1428 1228 101 51 est
1486 1228 86 51 in
1529 1228 130 51 optia
1616 1228 230 51 dispositione
1788 1228 58 51 in

1108 1271 141 57 tuitiva.
1214 1271 70 57 et
1249 1271 105 57 tamen
1319 1271 152 57 possibile
1436 1271 82 57 est
1483 1271 94 57 quod
1542 1271 117 57 nullum
1624 1271 105 57 actum
1694 1271 105 57 alium
1752 1271 94 57 habeat

1280 1322 261 101 Trum
1443 1322 195 101 in
1541 1322 261 101 celo
1671 1322 163 101 sit

1311 1397 155 66 materiam
1427 1397 142 66 eiusdem
1531 1397 155 66 rationis
1647 1397 90 66 cum
1686 1397 142 66 manteriam

1320 1444 100 64 storum
1390 1444 141 64 inferiorum
1501 1444 50 64 ⁋
1521 1444 60 64 Et
1551 1444 110 64 dicitur
1631 1444 141 64 communiter
1742 1444 80 64 quod
1782 1444 50 64 non

1318 1497 91 55 quod
1375 1497 137 55 probatur
1478 1497 206 55 multiplicitur.
1649 1497 103 55 Primo
1718 1497 91 55 sic.
1763 1497 69 55 Quod

1097 1534 141 52 materia
1200 1534 141 52 istorum
1302 1534 180 52 inferiorum
1443 1534 90 52 est
1495 1534 77 52 in
1533 1534 154 52 potentia
1649 1534 180 52 formaliter
1790 1534 77 52 ad

1106 1586 117 42 aliam
1184 1586 130 42 formam
1275 1586 104 42 quam
1340 1586 91 42 non
1392 1586 117 42 habet
1470 1586 78 42 et
1509 1586 156 42 prauatur
1626 1586 78 42 ea
1665 1586 78 42 et
1704 1586 117 42 habet
1769 1586 65 42 ap-

1109 1628 145 54 petitum
1214 1628 79 54 ad
1254 1628 105 54 eam.
1320 1628 79 54 et
1359 1628 105 54 ideo
1425 1628 185 54 vnumquoque
1570 1628 105 54 tale
1636 1628 92 54 est
1676 1628 158 54 generabile

1114 1661 74 64 et
1151 1661 210 64 corruptibile.
1324 1661 74 64 si
1361 1661 99 64 ergo
1423 1661 87 64 sit
1473 1661 136 64 materia
1572 1661 74 64 in
1609 1661 99 64 celo
1671 1661 136 64 eiusdem
1757 1661 87 64 ratio

1106 1713 111 51 nis:
1175 1713 111 51 tunc
1245 1713 111 51 illa
1314 1713 153 51 materia
1425 1713 153 51 haberet
1536 1713 125 51 omnes
1619 1713 125 51 istas
1688 1713 153 51 proprieta

1103 1758 93 47 tes.
1162 1758 70 47 et
1197 1758 82 47 per
1243 1758 163 47 consequens
1371 1758 128 47 materia
1465 1758 93 47 celi
1523 1758 117 47 posset
1605 1758 140 47 recipere
1709 1758 105 47 aliam
1768 1758 58 47 for

1109 1803 107 52 mam.
1176 1803 80 52 et
1216 1803 94 52 sic
1269 1803 120 52 esset
1349 1803 241 52 corruptibilis.
1550 1803 67 52 ⁋
1577 1803 120 52 Istem
1657 1803 94 52 omi
1697 1803 134 52 potentie

1105 1843 142 63 passiue
1208 1843 206 63 correspondet
1376 1843 155 63 potentia
1492 1843 129 63 activa
1582 1843 180 63 naturalis.
1724 1843 77 63 si
1750 1843 77 63 ergo

1114 1886 97 55 sit
1170 1886 152 55 materia
1280 1886 152 55 eiusdem
1391 1886 111 55 etc.
1460 1886 97 55 Cum
1516 1886 125 55 omnis
1599 1886 166 55 potentia
1709 1886 125 55 materie

1098 1937 80 51 ad
1138 1937 134 51 formam
1232 1937 80 51 in
1272 1937 121 51 istis
1352 1937 214 51 inferioribus
1526 1937 134 51 potest
1620 1937 134 51 reduci
1714 1937 80 51 ad
1740 1937 94 51 actum

1100 1984 93 45 per
1153 1984 120 45 agens
1233 1984 160 45 naturale
1353 1984 160 45 creatum.
1473 1984 107 45 ergo
1539 1984 133 45 posset
1632 1984 186 45 corrumpere
1765 1984 67 45 ce-

1117 2017 92 53 sum:
1174 2017 92 53 quod
1231 2017 80 53 est
1277 2017 138 53 filatum.
1380 2017 57 53 ⁋
1403 2017 92 53 Item
1461 2017 69 53 in
1495 2017 103 53 cuius
1564 2017 115 53 natura
1644 2017 80 53 est
1679 2017 149 53 intrinsecum

1107 2065 99 51 quod
1169 2065 87 51 est
1218 2065 111 51 causa
1292 2065 235 51 transmutationis
1491 2065 74 51 et
1528 2065 211 51 corruptionis:
1701 2065 111 51 illud
1763 2065 62 51 non

1105 2103 108 60 habet
1177 2103 121 60 causam
1262 2103 193 60 sufficientem
1418 2103 108 60 intra
1491 2103 72 60 se
1527 2103 301 60 intransmutabilitatis:
1780 2103 60 60 sed

1106 2149 76 58 si
1144 2149 140 58 materia
1246 2149 102 58 celi
1310 2149 89 58 sit
1361 2149 140 58 eiusdem
1463 2149 153 58 rationis
1577 2149 89 58 cum
1628 2149 140 58 materia
1717 2149 115 58 istorum

1100 2193 179 54 inferiorum
1241 2193 64 54 c
1266 2193 89 54 cum
1317 2193 102 54 illa
1381 2193 89 54 sit
1432 2193 115 54 causa
1508 2193 242 54 transmutationis
1712 2193 77 54 et
1738 2193 102 54 corru-

1118 2238 116 51 ptionis
1203 2238 63 51 )o
1235 2238 127 51 sequitur
1330 2238 85 51 quod
1383 2238 74 51 ibi
1425 2238 85 51 erit
1478 2238 148 51 similiter.
1595 2238 63 51 et
1626 2238 74 51 sic
1669 2238 95 51 celum
1732 2238 74 51 non
1764 2238 74 51 esset

1109 2283 199 53 intransmutabile:
1278 2283 80 53 quod
1328 2283 109 53 videtur
1407 2283 119 53 flcstum.
1497 2283 99 53 saltem
1566 2283 119 53 secundum
1656 2283 159 53 substantiam.
1775 2283 50 53 lie

1104 2324 110 56 forte
1177 2324 86 56 sit
1226 2324 209 56 transmutabile
1398 2324 147 56 secundum
1509 2324 123 56 locum.
1595 2324 61 56 ⁋
1619 2324 110 56 Iste.
1693 2324 98 56 vii.
1742 2324 86 56 meta-

1106 2371 111 59 phisice
1187 2371 91 59 dicit
1248 2371 162 59 philosophus.
1379 2371 81 59 quod
1430 2371 101 59 matria
1501 2371 71 59 est
1541 2371 71 59 qua
1582 2371 71 59 res
1622 2371 101 59 potest
1693 2371 81 59 esse
1744 2371 71 59 vel
1774 2371 51 59 non

1105 2413 113 61 esse.
1181 2413 75 61 Si
1218 2413 100 61 ergo
1281 2413 138 61 materia
1381 2413 100 61 celi
1443 2413 88 61 sit
1494 2413 138 61 eiusdem
1594 2413 150 61 rationis
1706 2413 88 61 cum
1744 2413 75 61 mate

1108 2456 75 59 ria
1151 2456 118 59 istorum
1237 2456 161 59 inferiorum:
1366 2456 129 59 sequitur
1463 2456 86 59 quod
1516 2456 97 59 celum
1581 2456 107 59 potest
1656 2456 75 59 non
1699 2456 86 59 esse
1753 2456 54 59 ⁋
1764 2456 64 59 Item

1110 2507 140 54 secundo
1212 2507 77 54 de
1251 2507 204 54 generatione.
1417 2507 89 54 Que
1468 2507 128 54 habent
1557 2507 128 54 eandem
1646 2507 153 54 materiam
1748 2507 77 54 sunt

1100 2551 80 48 ad
1140 2551 147 48 inuicem
1247 2551 255 48 transmutabilia:
1462 2551 147 48 corpora
1569 2551 161 48 celestia
1690 2551 80 48 et
1730 2551 107 48 ista
1783 2551 54 48 in

1110 2589 147 58 feriora
1217 2589 94 58 non
1270 2589 107 58 sunt
1337 2589 80 58 ad
1377 2589 147 58 inuicem
1484 2589 254 58 transmutabilia.
1698 2589 107 58 ergo
1752 2589 80 58 etc.
