2291 3096
272 225 89 76 sas.
327 225 66 76 et
361 225 78 76 sic
405 225 78 76 vna
449 225 100 76 forma
516 225 188 76 substantialis
671 225 100 76 esset
737 225 144 76 contraria
848 225 122 76 alteri.
926 225 66 76 quod

273 288 64 47 est
309 288 91 47 contra
373 288 136 47 philosophum
482 288 100 47 quaento
555 288 127 47 phisicorum
655 288 73 47 quae
700 288 100 47 probat.
773 288 73 47 quod
818 288 55 47 ad
846 288 136 47 substantiam
946 288 45 47 non

271 328 74 67 est
314 328 105 67 motus:
387 328 84 67 quia
440 328 95 67 nihil
503 328 74 67 est
545 328 147 67 substantia
661 328 126 67 conrium.
756 328 84 67 Item
808 328 116 67 contria
893 328 84 67 nata
935 328 63 67 sunt

267 376 115 46 fieri
344 376 115 46 circa
420 376 102 46 vnum
484 376 77 46 et
523 376 102 46 idem
586 376 179 46 subiectum.
727 376 77 46 si
765 376 102 46 ergo
829 376 115 46 inter
893 376 102 46 formas

268 414 196 58 substantiales
430 414 81 58 sit
476 414 185 58 contrarietas
626 414 150 58 oporteret
741 414 92 58 idem
799 414 150 58 subiectum
903 414 92 58 habere

262 464 191 45 successiue
412 464 163 45 diuersas
535 464 136 45 formas
630 464 232 45 substantiales
821 464 109 45 quod
875 464 123 45 apparet

268 505 108 59 contra
344 505 119 59 sensum.
430 505 86 59 Item
484 505 97 59 inter
549 505 97 59 omnia
613 505 140 59 contraria
721 505 76 59 est
764 505 119 59 medium:
851 505 76 59 sed
894 505 76 59 int
926 505 65 59 omns

261 546 119 54 formas
344 546 202 54 substantiales
511 546 83 54 non
558 546 83 54 est
606 546 131 54 medium.
701 546 95 54 ergo
760 546 95 54 etc.
820 546 59 54 ⁋
843 546 107 54 Istem
903 546 95 54 commen

267 599 138 56 tator.
364 599 83 56 v.
405 599 207 56 metaphisice
570 599 179 56 commento.
708 599 110 56 vii.
777 599 96 56 dic
832 599 110 56 quod
887 599 110 56 elemen

264 645 79 51 ta
303 645 92 51 non
356 645 118 51 agunt
434 645 105 51 nisi
500 645 92 51 per
552 645 184 51 qualitates
696 645 170 51 cuiusmodi
828 645 92 51 non
880 645 105 51 sunt
932 645 66 51 for

269 685 63 58 me
301 685 190 58 substantiales.
459 685 53 58 ⁋
481 685 137 58 Similiter
586 685 116 58 secundo
671 685 63 58 de
702 685 95 58 anima
766 685 95 58 dicit
829 685 84 58 quod
882 685 95 58 anima
935 685 63 58 agit

272 728 83 47 et
314 728 138 47 nutrit
411 728 152 47 ratione
521 728 194 47 qualitatis
674 728 83 47 et
715 728 166 47 mediante
826 728 166 47 qualitate.

272 773 68 55 ⁋
300 773 136 55 Contra
395 773 123 55 istam
477 773 191 55 opinionem.
627 773 82 55 si
668 773 177 55 immediate
804 773 123 55 agere
886 773 95 55 non
927 773 68 55 con

266 819 98 53 pexit
331 819 98 53 forme
396 819 185 53 substantiali:
549 819 76 53 aut
592 819 76 53 hoc
635 819 76 53 est
679 819 119 53 ratione
766 819 163 53 perfectonis
896 819 76 53 aut
929 819 54 53 imp

265 858 157 50 fectionis.
388 858 79 50 non
433 858 124 50 ratione
523 858 191 50 perfectionis:
680 858 90 50 quia
737 858 112 50 potest
815 858 146 50 competere
916 858 79 50 nobi-

275 900 137 55 lioribus
377 900 91 55 puta
435 900 80 55 deo
480 900 69 55 et
515 900 137 55 angelis.
617 900 80 55 nec
663 900 126 55 ratione
754 900 217 55 imperfectionis:
926 900 57 55 qui

268 948 113 57 potest
347 948 147 57 competere
460 948 226 57 imperfectioribus
652 948 90 57 puta
708 948 158 57 accidenti.
833 948 90 57 Item
878 948 113 57 secundum

271 997 169 47 philosophum.
408 997 84 47 vii.
461 997 158 47 metaphisice
588 997 84 47 omne
640 997 105 47 simile
714 997 148 47 producitur
830 997 53 47 a
851 997 116 47 simili:
925 997 63 47 tunc

258 1048 93 46 sic.
317 1048 117 46 quando
398 1048 82 46 est
445 1048 152 46 productio
562 1048 82 46 per
608 1048 105 46 modum
679 1048 140 46 similis:
784 1048 93 46 tunc
842 1048 152 46 productum
947 1048 35 46 a

268 1080 145 55 simulatur
380 1080 168 55 producenti:
514 1080 78 55 sed
558 1080 134 55 producto
659 1080 101 55 forme
726 1080 190 55 substantialis
882 1080 67 55 in
905 1080 89 55 genera

266 1122 98 49 tione
331 1122 120 49 vniuoca
418 1122 76 49 est
462 1122 76 49 per
505 1122 98 49 modum
571 1122 131 49 similis:
669 1122 87 49 ergo
723 1122 98 49 forma
788 1122 185 49 substantialis
930 1122 65 49 pro-

271 1168 108 50 ducta
343 1168 180 50 assimulatur
487 1168 108 50 forme
559 1168 180 50 producenti:
704 1168 84 50 sed
752 1168 84 50 non
800 1168 180 50 assimulatur
932 1168 60 50 ni-

269 1213 60 52 si
299 1213 90 52 forme
359 1213 160 52 substantiali
489 1213 60 52 et
519 1213 70 52 non
559 1213 160 52 accidentali.
688 1213 80 52 ergo
738 1213 80 52 etc.
788 1213 80 52 Item
838 1213 100 52 quando
898 1213 90 52 aliquis

268 1257 144 55 effectus
376 1257 84 55 sic
424 1257 72 55 se
460 1257 108 55 habet
532 1257 72 55 ad
568 1257 132 55 aliquam
665 1257 84 55 rem
713 1257 96 55 quod
773 1257 120 55 posita
857 1257 96 55 illa
917 1257 72 55 re
941 1257 48 55 pi

270 1301 97 55 poni
330 1301 145 55 effectus
440 1301 182 55 naturaliter
585 1301 73 55 et
621 1301 97 55 illa
682 1301 85 55 non
730 1301 121 55 posita
815 1301 85 55 non
864 1301 121 55 potest
937 1301 48 55 po

274 1340 65 56 ni
307 1340 142 56 effectus.
416 1340 87 56 illa
470 1340 76 56 res
514 1340 98 56 habet
579 1340 131 56 rationem
678 1340 109 56 causae
754 1340 109 56 rectum
830 1340 109 56 illius
896 1340 87 56 effect

263 1383 174 64 immediate
396 1383 93 64 vel
450 1383 160 64 mediate.
570 1383 93 64 hoc
623 1383 93 64 est
677 1383 120 64 satis
757 1383 160 64 euidens:
877 1383 107 64 quia
930 1383 67 64 ef-

273 1431 123 50 fectus
359 1431 196 50 sufficienter
518 1431 147 50 dependet
629 1431 74 50 ex
666 1431 110 50 causa
739 1431 98 50 etc.
801 1431 86 50 sed
850 1431 123 50 posita
923 1431 74 50 for-

263 1478 79 53 ma
302 1478 118 53 ignis
381 1478 92 53 cum
433 1478 131 53 calore
525 1478 131 53 potest
617 1478 144 53 aliquis
722 1478 118 53 alius
800 1478 118 53 ignis
866 1478 131 53 generari

275 1519 85 54 et
317 1519 99 54 non
374 1519 141 54 posita
473 1519 127 54 forma
557 1519 141 54 ignis.
656 1519 85 54 et
698 1519 85 54 si
741 1519 127 54 calor
826 1519 99 54 non
868 1519 127 54 ponatur

275 1568 80 55 non
320 1568 114 55 potest
400 1568 137 55 generari
502 1568 102 55 ignis
571 1568 68 55 vt
605 1568 114 55 patbet
685 1568 68 55 ad
719 1568 114 55 sensum
798 1568 68 55 si
833 1568 102 55 calor
901 1568 68 55 in
924 1568 68 55 igne

271 1609 150 49 separetur
386 1609 69 49 et
420 1609 92 49 agat
478 1609 69 49 in
512 1609 104 49 aquam
581 1609 127 49 numquam
673 1609 150 49 generabit
788 1609 115 49 ignem:
869 1609 81 49 sed
903 1609 92 49 tantum

272 1652 137 48 calorem.
374 1652 91 48 ergo
431 1652 91 48 etc.
488 1652 171 48 Confirmatur
625 1652 80 48 per
670 1652 114 48 animam
750 1652 182 48 vegetatiuam:
898 1652 91 48 quia
943 1652 46 48 il

276 1695 74 48 la
313 1695 124 48 posita
399 1695 86 48 cum
449 1695 124 48 calore
535 1695 124 48 potest
621 1695 136 48 aliquid
720 1695 148 48 nutriri:
831 1695 74 48 et
868 1695 124 48 posito
943 1695 49 48 ca

266 1742 102 60 lore
330 1742 102 60 sine
394 1742 115 60 anima
470 1742 179 60 vegetatiua
611 1742 89 60 non
662 1742 128 60 potest
751 1742 153 60 nutriri.
866 1742 102 60 ergo
917 1742 77 60 etc.

276 1784 92 55 Item
334 1784 92 55 omne
392 1784 173 55 neccessario
530 1784 161 55 requisitum
657 1784 173 55 naturaliter
795 1784 69 55 ad
830 1784 127 55 aliquem
910 1784 81 55 effe-

263 1829 100 48 ctum
326 1829 88 48 vel
376 1829 88 48 est
426 1829 113 48 causa
501 1829 125 48 illius
589 1829 150 48 effectus
701 1829 163 48 immediata
826 1829 88 48 vel
864 1829 125 48 mediatam

270 1873 99 54 ergo
331 1873 86 54 cum
381 1873 111 54 anima
455 1873 173 54 vegetatiua
590 1873 185 54 neccessario
738 1873 173 54 requiratur
874 1873 74 54 ad
899 1873 86 54 nutri

263 1911 131 60 tionem
355 1911 92 60 vel
407 1911 92 60 est
460 1911 118 60 causa
539 1911 197 60 nutritionis
696 1911 144 60 mediata
801 1911 92 60 vel
841 1911 144 60 immediata

270 1958 70 48 si
305 1958 141 48 mediata:
411 1958 94 48 tunc
470 1958 82 48 est
517 1958 106 48 tamen
587 1958 106 48 causa
658 1958 164 48 conseruans
787 1958 117 48 causam
857 1958 141 48 immediatam

267 2002 73 64 in
303 2002 109 64 esse:
376 2002 85 64 sed
424 2002 73 64 si
460 2002 97 64 illa
521 2002 109 64 causa
593 2002 157 64 immediata
714 2002 181 64 conseruetur
859 2002 73 64 ab
895 2002 97 64 alio
944 2002 48 64 pu

275 2048 80 46 ta
315 2048 66 46 a
341 2048 93 46 deo
394 2048 173 46 destructa
527 2048 106 46 alia
594 2048 120 46 causa
673 2048 199 46 conferuante
819 2048 173 46 nihilominus

281 2090 100 51 otest
347 2090 100 51 sequi
414 2090 144 51 effectus.
525 2090 67 51 et
558 2090 78 51 per
603 2090 155 51 consequens
725 2090 144 51 destructa
836 2090 155 51 vegetatiua
947 2090 44 51 ad

265 2142 96 54 huc
320 2142 138 54 posset
417 2142 124 54 fieri
499 2142 165 54 nutritio
623 2142 165 54 alicuius
747 2142 179 54 naturalis
885 2142 96 54 per
926 2142 69 54 so-

275 2178 76 57 lam
319 2178 109 57 formam
395 2178 185 57 accidentalem.
547 2178 87 57 quod
601 2178 109 57 falsum
677 2178 87 57 est.
731 2178 87 57 ergo
786 2178 98 57 habet
851 2178 130 57 rationem
938 2178 54 57 cau

275 2226 84 49 se
317 2226 197 49 immediate.
472 2226 112 49 Item
542 2226 197 49 pluralitas
697 2226 98 49 non
753 2226 98 49 est
809 2226 155 49 ponenda
908 2226 84 49 sine

265 2272 196 55 necessitate:
424 2272 86 55 sed
473 2272 134 55 positum
570 2272 196 55 qualitatibus
729 2272 196 55 quibuscumque
888 2272 98 55 sine
937 2272 61 55 for

268 2315 83 56 mis
316 2315 226 56 substantialibus
506 2315 83 56 non
553 2315 119 56 potest
637 2315 143 56 generari
743 2315 178 56 substantia.
886 2315 95 56 ergo
945 2315 71 56 ad

266 2360 222 46 generationem
446 2360 194 46 substantie
599 2360 194 46 necessario
751 2360 97 46 est
807 2360 139 46 ponere
890 2360 111 46 formas

266 2397 195 50 substantiales
426 2397 69 50 in
460 2397 206 50 generabilibus:
632 2397 80 50 sed
678 2397 69 50 ad
712 2397 149 50 causandum
826 2397 137 50 effectum
918 2397 80 50 vltra

267 2445 122 61 cens
343 2445 228 61 essentiales
525 2445 106 61 non
586 2445 167 61 oportet
707 2445 213 61 necessario
859 2445 137 61 aliquid

274 2488 126 58 ponere.
365 2488 91 58 ergo
422 2488 91 58 etc.
479 2488 91 58 Item
537 2488 126 58 dicitur
628 2488 160 58 communiter
754 2488 91 58 quod
811 2488 103 58 herba
880 2488 80 58 est
914 2488 80 58 vire-

264 2541 179 54 tualiter
398 2541 149 54 calida
503 2541 104 54 cum
562 2541 134 54 tamen
652 2541 104 54 sit
712 2541 209 54 formaliter
861 2541 134 54 frigida

277 2578 73 50 et
313 2578 109 50 vinum
386 2578 182 50 virtualiter
531 2578 145 50 calidum:
640 2578 85 50 sed
688 2578 85 50 hoc
737 2578 85 50 non
785 2578 97 50 est:
846 2578 97 50 quia
894 2578 97 50 aliqua

276 2622 160 69 qualitas
395 2622 80 69 in
435 2622 120 69 istis
515 2622 133 69 potest
608 2622 173 69 efficere:
741 2622 106 69 quia
808 2622 93 69 nec
847 2622 160 69 frigiditas

1087 227 104 69 nec
1146 227 208 69 humiditas.
1310 227 178 69 ergoipsa
1443 227 208 69 substantia
1606 227 134 69 eorum
1695 227 104 69 est
1740 227 74 69 cau

1094 292 89 53 sa
1139 292 193 53 immediata
1287 292 237 53 frigiditatis
1479 292 89 53 et
1524 292 237 53 caliditatis.
1716 292 89 53 Et
1746 292 74 53 sic

1089 336 141 50 habetur
1192 336 102 50 quod
1256 336 179 50 substantia
1396 336 90 50 est
1448 336 179 50 frequinter
1589 336 179 50 principium
1717 336 102 50 immedi

1101 382 106 55 atum
1167 382 186 55 effectiuum
1313 382 159 55 actionis
1433 382 80 55 et
1473 382 120 55 etiam
1552 382 159 55 accidens
1672 382 173 55 aliquando

1086 423 105 56 sed
1146 423 150 56 quando
1251 423 105 56 est
1312 423 90 56 et
1357 423 150 56 quando
1462 423 120 56 non:
1537 423 226 56 recurrendum
1718 423 105 56 est
1763 423 60 56 vt

1086 470 139 59 credo
1178 470 93 59 ad
1224 470 247 59 experientiam
1425 470 123 59 quia
1502 470 93 59 si
1549 470 108 59 per
1595 470 216 59 experientiam

1084 511 165 51 possumus
1208 511 192 51 cognoscere
1359 511 110 51 quod
1428 511 96 51 ola
1483 511 192 51 substantia
1634 511 137 51 posita
1730 511 82 51 in
1757 511 69 51 ef-

1084 557 106 51 fectu
1155 557 71 51 et
1190 557 165 51 conseruata
1320 557 118 51 potest
1403 557 142 51 effectum
1509 557 165 51 conseruare
1639 557 71 51 et
1674 557 130 51 causare
1757 557 59 51 si-

1085 598 66 49 ne
1118 598 88 49 omni
1173 598 142 49 accidente
1282 598 55 49 a
1304 598 99 49 parte
1370 598 142 49 principii
1479 598 142 49 elicitiui
1589 598 77 49 ibi
1633 598 88 49 sola
1677 598 131 49 substantia

1086 645 84 48 est
1134 645 108 48 causa
1206 645 156 48 immediata
1326 645 144 48 effectus
1434 645 168 48 concurrens
1567 645 108 48 tamen
1639 645 84 48 cum
1687 645 96 48 deo.
1747 645 72 48 si
1771 645 48 48 au

1085 688 78 53 tem
1129 688 155 53 experiamur
1251 688 89 53 quod
1307 688 133 53 effectus
1407 688 111 53 potest
1484 688 122 53 causari
1573 688 55 53 a
1595 688 89 53 solo
1651 688 144 53 accidente
1750 688 67 53 sine

1089 733 134 45 substantia
1195 733 77 45 tunc
1243 733 67 45 est
1281 733 86 45 causa
1338 733 124 45 immediata
1434 733 67 45 non
1472 733 134 45 substantia
1577 733 57 45 si
1606 733 86 45 autem
1663 733 67 45 non
1702 733 96 45 potest
1759 733 48 45 cau

1087 776 93 47 sari
1145 776 93 47 sine
1203 776 139 47 vtroque:
1307 776 93 47 tunc
1365 776 139 47 vtrumque
1470 776 81 47 est
1516 776 104 47 causa
1585 776 151 47 partialis
1701 776 116 47 rectum
1771 776 46 47 il

1087 820 98 48 lius
1148 820 160 48 effectus.
1271 820 74 48 et
1308 820 86 48 hoc
1357 820 86 48 est
1406 820 184 48 generaliter
1553 820 110 48 verum
1627 820 74 48 in
1663 820 98 48 omni
1713 820 110 48 actione

1077 867 158 61 naturali.
1198 867 133 61 Tenendo
1295 867 121 61 igitur
1380 867 109 61 istam
1453 867 194 61 conclusionem
1611 867 121 61 potest
1684 867 133 61 responde-

1088 909 85 48 ri
1130 909 85 48 ad
1173 909 170 48 rationes
1301 909 99 48 alt
1357 909 128 48 erius
1442 909 199 48 opinionis.
1598 909 85 48 Ad
1641 909 142 48 primam
1726 909 85 48 dico

1086 952 102 52 quod
1150 952 114 52 maior
1226 952 140 52 videtur
1328 952 114 52 falsa
1404 952 76 52 et
1442 952 114 52 dubia
1518 952 76 52 et
1556 952 114 52 minor
1632 952 178 52 similiter.
1759 952 51 52 ha

1092 1002 103 59 ior:
1157 1002 103 59 quia
1221 1002 90 59 non
1273 1002 103 59 esse
1337 1002 193 59 corruptiuum
1492 1002 116 59 vnius
1569 1002 116 59 forme
1646 1002 90 59 est
1685 1002 129 59 producti

1088 1045 91 43 uum
1140 1045 117 43 forme
1218 1045 104 43 sibi
1283 1045 260 43 incompossibilis:
1504 1045 91 43 tum
1556 1045 104 43 quia
1621 1045 104 43 deus
1686 1045 117 43 potet
1751 1045 78 43 coa-

1078 1089 115 55 gere
1149 1089 129 55 forme
1236 1089 86 55 in
1279 1089 215 55 corrumpendo
1451 1089 100 55 non
1508 1089 172 55 coagendo
1637 1089 115 55 sibi
1709 1089 86 55 in
1738 1089 86 55 pro-

1088 1130 163 46 ducendo:
1211 1130 95 46 tum
1265 1130 109 46 quia
1333 1130 149 46 caritas
1442 1130 82 46 et
1482 1130 122 46 odium
1564 1130 95 46 dei
1618 1130 190 46 formaliter
1754 1130 68 46 re-

1089 1173 141 53 pugnant
1192 1173 77 53 et
1230 1173 154 53 voluntas
1346 1173 128 53 potest
1435 1173 180 53 corrumpere
1576 1173 115 53 odium
1653 1173 90 53 dei
1705 1173 77 53 et
1730 1173 90 53 tamen

1088 1220 90 48 non
1140 1220 129 48 potest
1230 1220 168 48 producere
1359 1220 181 48 caritatem:
1501 1220 103 48 quia
1566 1220 65 48 a
1592 1220 103 48 solo
1656 1220 90 48 deo
1695 1220 116 48 infundi

1083 1260 101 51 tur:
1146 1260 88 51 tum
1197 1260 101 51 quia
1259 1260 151 51 voluntas
1373 1260 126 51 potest
1461 1260 151 51 auertere
1574 1260 189 51 intellectum
1724 1260 75 51 ab
1750 1260 75 51 omni

1087 1302 117 64 actu
1160 1302 233 64 intelligendi
1350 1302 131 64 prima
1438 1302 204 64 principia:
1598 1302 88 64 et
1642 1302 102 64 sic
1686 1302 131 64 corrum-

1089 1349 101 59 pere
1153 1349 127 59 habitu
1241 1349 152 59 primorum
1356 1349 203 59 principiorum
1520 1349 89 59 non
1571 1349 114 59 tamen
1647 1349 127 59 potest
1723 1349 89 59 produ

1083 1395 104 45 cere
1148 1395 144 45 habitum
1253 1395 144 45 erroris
1357 1395 117 45 circa
1435 1395 117 45 prima
1514 1395 183 45 principia:
1657 1395 91 45 tum
1710 1395 104 45 quia
1762 1395 52 45 si

1088 1436 200 47 conceditur
1245 1436 129 47 maior
1331 1436 257 47 particularitur
1545 1436 143 47 sumpta
1645 1436 100 47 non
1688 1436 129 47 habetur

1086 1484 176 47 propositum:
1227 1484 94 47 quia
1286 1484 82 47 non
1332 1484 152 47 sequitur.
1450 1484 117 47 potest
1532 1484 152 47 producere
1637 1484 176 47 incompossibi-

1089 1525 92 64 lem
1141 1525 131 64 formam
1233 1525 118 64 forme
1312 1525 170 64 corrupte:
1443 1525 105 64 ergo
1508 1525 118 64 omnem
1587 1525 144 64 formam:
1692 1525 105 64 ergo
1744 1525 79 64 for-

1085 1569 80 53 mam
1130 1569 206 53 substantialem:
1302 1569 80 53 sed
1348 1569 80 53 est
1394 1569 137 53 fallacia
1497 1569 195 53 consequentis:
1657 1569 92 53 quia
1714 1569 69 53 si
1737 1569 80 53 sorma

1076 1612 229 48 accidentalis
1262 1612 100 48 sit
1319 1612 200 48 productiua
1476 1612 129 48 forme
1562 1612 100 48 non
1619 1612 100 48 est
1662 1612 157 48 producti-

1090 1657 74 57 ua
1127 1657 98 57 nisi
1188 1657 123 57 tantum
1274 1657 110 57 forme
1347 1657 196 57 accidentalis
1507 1657 98 57 quae
1568 1657 86 57 est
1605 1657 208 57 incompossibilis

1087 1698 126 55 forme
1171 1698 168 55 corrupte
1297 1698 140 55 saltem
1395 1698 168 55 secundum
1520 1698 140 55 certum
1618 1698 154 55 gradum.
1716 1698 98 55 minor

1088 1741 115 56 etiam
1165 1741 90 56 est
1216 1741 128 56 dubia:
1306 1741 90 56 tum
1357 1741 102 56 quia
1421 1741 141 56 accipit
1523 1741 166 56 quodforme
1638 1741 179 56 sustantiales

1094 1788 174 52 formaliter
1230 1788 174 52 repugnant.
1367 1788 99 52 quod
1429 1788 137 52 videtur
1528 1788 137 52 falsum:
1628 1788 99 52 quia
1690 1788 99 52 illa
1739 1788 75 52 sunt

1088 1833 203 51 formaliter
1247 1833 217 51 repugnantia
1421 1833 116 51 quae
1493 1833 116 51 nata
1566 1833 116 51 sunt
1638 1833 130 51 fieri
1711 1833 101 51 circa

1092 1877 102 52 idem
1156 1877 179 52 subiectum.
1297 1877 115 52 patet
1374 1877 77 52 de
1412 1877 179 52 caliditate
1553 1877 102 52 etc.
1617 1877 90 52 sic
1668 1877 90 52 non
1719 1877 90 52 est
1758 1877 51 52 de

1093 1918 140 49 formis
1191 1918 196 49 substantia
1345 1918 126 49 ibus:
1429 1918 112 49 quia
1498 1918 98 49 per
1554 1918 224 49 corruptionem
1722 1918 98 49 vnius

1088 1965 207 51 corrumpitur
1254 1965 110 51 vnum
1323 1965 179 51 subiectum
1460 1965 96 51 per
1516 1965 207 51 inductionem
1667 1965 138 51 alterius

1089 2007 165 54 generatur
1216 2007 114 54 aliud
1292 2007 178 54 subiectum.
1432 2007 114 54 patet
1508 2007 76 54 de
1546 2007 127 54 formis
1623 2007 190 54 elementaribus

1086 2051 83 55 tum
1133 2051 94 55 quia
1192 2051 118 55 quando
1275 2051 118 55 aliqua
1357 2051 106 55 forma
1428 2051 165 55 productiua
1558 2051 153 55 equaliter
1664 2051 153 55 respicitmul

1081 2097 74 54 ta
1118 2097 87 54 non
1167 2097 87 54 est
1217 2097 111 54 maior
1291 2097 111 54 ratio
1365 2097 111 54 quare
1440 2097 149 54 producit
1551 2097 99 54 vnum
1613 2097 99 54 quam
1675 2097 124 54 aliud:
1749 2097 62 54 sed

1088 2139 202 53 frigiditas
1246 2139 187 53 equaliter
1390 2139 173 53 respicit
1520 2139 144 53 terram
1621 2139 86 53 et
1664 2139 144 53 aquam:
1750 2139 58 53 ca

1082 2184 154 50 liditas
1194 2184 126 50 aerem
1278 2184 84 50 et
1320 2184 140 50 ignem.
1418 2184 84 50 si
1460 2184 112 50 ergo
1530 2184 196 50 frigiditas
1684 2184 98 50 sit
1726 2184 84 50 for-

1076 2230 97 55 ma
1124 2230 226 55 productiua
1302 2230 226 55 substantie
1479 2230 113 55 non
1544 2230 113 55 est
1608 2230 145 55 maior
1689 2230 113 55 ratio

1086 2274 135 45 quare
1176 2274 180 45 producit
1311 2274 150 45 formam
1416 2274 135 45 terre
1505 2274 120 45 quam
1580 2274 135 45 aque.
1670 2274 90 45 et
1700 2274 105 45 econ-

1081 2315 154 54 uerso.
1188 2315 108 54 sed
1250 2315 123 54 illa
1327 2315 185 54 causabit
1466 2315 185 54 vtranque
1605 2315 108 54 vel
1651 2315 154 54 neutram.

1087 2358 114 56 Ideo
1158 2358 114 56 dico
1229 2358 114 56 quod
1301 2358 128 56 licet
1386 2358 128 56 forma
1472 2358 228 56 accidentalis
1657 2358 100 56 sit
1700 2358 114 56 produ-

1089 2412 158 47 ctiua:
1200 2412 111 47 non
1263 2412 142 47 tamen
1358 2412 142 47 forme
1453 2412 285 47 substantialis:
1690 2412 111 47 sed
1738 2412 79 47 so-

1078 2450 117 48 lum
1145 2450 268 48 accidentalis
1363 2450 318 48 incompossibilis
1630 2450 150 48 forme
1714 2450 100 48 sub-

1092 2495 192 49 stantiali
1240 2495 222 49 corrumpende
1418 2495 178 49 secundum
1551 2495 237 49 determinatum
1728 2495 89 49 gra-

1088 2536 126 49 dum:
1167 2536 141 49 licet
1261 2536 110 49 non
1324 2536 110 49 sit
1386 2536 188 49 formalis
1528 2536 235 49 repugnantia
1700 2536 110 49 inter

1083 2581 128 53 formam
1173 2581 217 53 substantialem
1351 2581 77 53 et
1390 2581 204 53 accidentalem
1556 2581 192 53 quancumque.
1709 2581 77 53 et
1734 2581 77 53 dato

1095 2626 107 51 quod
1161 2626 120 51 forma
1241 2626 213 51 accidentalis
1414 2626 120 51 esset
1494 2626 186 51 productiua
1641 2626 133 51 subece
1721 2626 93 51 adhuc
