2242 3073
590 162 268 98 Irca
724 162 436 98 actiuitatem

604 236 72 63 ri
640 236 215 63 passibilitatem
819 236 179 63 intellectus
962 236 119 63 quando
1034 236 119 63 queritur

556 290 160 48 Utrum
663 290 213 48 oporteat
823 290 178 48 ponere
929 290 231 48 intellectum

440 326 150 66 actiuum.
552 326 150 66 Sciendum
664 326 87 66 est
714 326 100 66 quod
776 326 212 66 circumscripta
951 326 125 66 omnium
1025 326 125 66 snctorum

428 377 178 54 auctoritate
571 377 71 54 et
606 377 202 54 philosophorum
773 377 131 54 propter
868 377 119 54 nullam
951 377 143 54 rationem
1046 377 107 54 necessa

434 416 102 67 rio
493 416 234 67 concludentem
683 416 161 67 oportet
800 416 146 67 ponere
903 416 219 67 intellectum
1064 416 102 67 acti-

436 470 80 51 uum
481 470 80 51 sed
527 470 103 51 solum
596 470 137 51 passiuum
699 470 69 51 et
733 470 149 51 equaliter
848 470 126 51 possunt
939 470 137 51 rationes
1042 470 103 51 solui
1100 470 57 51 po-

430 502 116 68 nendo
507 502 103 68 vnum
572 502 155 68 passiuum
688 502 116 68 sicut
765 502 155 68 actiuum.
881 502 103 68 quod
946 502 116 68 patet
1010 502 155 68 discurren-

439 557 75 54 do
476 557 87 54 per
526 557 112 54 omnes
600 557 149 54 rationes
712 557 100 54 quie
774 557 174 54 adducuntur
911 557 75 54 ab
949 557 124 54 aliis.
1036 557 75 54 et
1060 557 100 54 maxime

429 592 74 63 a
459 592 118 63 iohe
532 592 103 63 pro
591 592 206 63 actiuitate
753 592 235 63 intellectus.
944 592 74 63 ⁋
974 592 147 63 Quarum
1062 592 103 63 prima

429 648 100 56 est.
491 648 100 56 quod
554 648 150 56 effectus
666 648 88 56 non
716 648 138 56 excedit
816 648 100 56 suam
879 648 125 56 causam
966 648 75 56 in
991 648 175 56 perfectione.

439 679 84 68 et
481 679 98 68 hoc
537 679 140 68 maxime
636 679 126 68 verum
720 679 98 68 est
776 679 84 68 de
818 679 126 68 causa
902 679 168 68 equiuoca
1015 679 140 68 alicuius

440 720 190 64 effectus.
586 720 102 64 sed
645 720 219 64 intellectus
820 720 190 64 albedinis
966 720 175 64 nobilior
1083 720 73 64 est

439 766 107 73 ipsa
506 766 161 73 albedine
627 766 121 73 sicut
707 766 161 73 qualitas
828 766 202 73 spiritualis
989 766 81 73 et
1016 766 148 73 virtualis

432 813 167 63 nobilior
557 813 97 63 est
613 813 181 63 corporali
751 813 153 63 ceteris
863 813 167 63 paribus.
988 813 139 63 aliter
1071 813 97 63 beati

432 853 116 70 tudo
504 853 116 70 quam
576 853 202 70 expectamus
735 853 101 70 pro
793 853 159 70 nostris
909 853 159 70 meritis
1024 853 101 70 non
1068 853 101 70 esset

436 902 157 62 nobilior
553 902 104 62 quam
619 902 91 62 vna
671 902 157 62 qualitas
788 902 196 62 corporalis.
945 902 104 62 quod
1010 902 144 62 videtur
1102 902 52 62 al

438 941 150 65 surdum.
547 941 82 65 si
588 941 109 65 ergo
656 941 136 65 albedo
751 941 95 65 vel
806 941 150 65 aliquid
914 941 163 65 supplens
1037 941 122 65 vicem
1105 941 54 65 al

440 989 149 58 bedinis:
551 989 112 58 sicut
626 989 136 58 species
725 989 87 58 vel
774 989 136 58 aliquid
874 989 99 58 tale
936 989 87 58 sit
985 989 99 58 tota
1047 989 112 58 causa
1109 989 50 58 in

442 1031 201 66 tellectionis
606 1031 176 66 albedinis:
744 1031 100 66 tunc
807 1031 151 66 effectus
919 1031 151 66 excedet.
1032 1031 100 66 ergo
1083 1031 75 66 etc.

443 1074 62 70 ⁋
467 1074 162 70 Preterea.
592 1074 150 70 operatio
705 1074 137 70 vitalis
805 1074 187 70 neccessario
955 1074 150 70 causatur
1067 1074 62 70 a
1080 1074 87 70 forma

444 1114 136 66 vitali:
542 1114 86 66 sed
592 1114 185 66 intellectio
740 1114 86 66 est
789 1114 148 66 operatio
900 1114 148 66 vitalis.
1012 1114 99 66 ergo
1073 1114 99 66 etc.
1123 1114 49 66 ha

445 1165 74 60 ior
488 1165 105 60 patet.
561 1165 84 60 quia
614 1165 74 60 hec
656 1165 74 60 est
698 1165 158 60 differentia
824 1165 95 60 inter
887 1165 105 60 formam
961 1165 105 60 vitale
1035 1165 63 60 et
1066 1165 74 60 non
1098 1165 63 60 vita

440 1205 107 71 lem.
506 1205 67 71 ⁋
533 1205 174 71 Preterea.
667 1205 134 71 quanto
760 1205 120 71 forma
840 1205 93 71 est
894 1205 187 71 perfectior
1040 1205 120 71 tanto
1107 1205 67 71 est

448 1250 181 71 actiuior.
587 1250 83 71 et
629 1250 97 71 per
684 1250 97 71 hoc
740 1250 167 71 arguitur
865 1250 125 71 maior
949 1250 97 71 vel
1004 1250 125 71 minor
1074 1250 97 71 perfe

442 1295 103 64 ctio
506 1295 77 64 in
545 1295 90 64 vno
596 1295 154 64 elemento
712 1295 103 64 quam
776 1295 77 64 in
815 1295 116 64 alio.
892 1295 103 64 quia
956 1295 103 64 plus
1020 1295 128 64 potest
1097 1295 77 64 age-

439 1340 95 61 re.
494 1340 95 61 sed
548 1340 205 61 intellectus
712 1340 95 61 est
767 1340 191 61 perfectior
917 1340 109 61 quam
985 1340 123 61 forma
1053 1340 123 61 elemeta

447 1385 80 62 ris
492 1385 194 62 substantialis
652 1385 80 62 vel
697 1385 194 62 accidentalis.
857 1385 91 62 ergo
914 1385 91 62 etc.
971 1385 57 62 ⁋
994 1385 148 62 Preterea.
1096 1385 80 62 effe-

442 1427 111 60 ctus
512 1427 222 60 sufficienter
692 1427 167 60 dependet
817 1427 83 60 ex
859 1427 111 60 suis
928 1427 153 60 causis:
1039 1427 97 60 sed
1081 1427 97 60 intel

450 1469 121 63 lectio
535 1469 182 63 neccessario
680 1469 145 63 dependet
789 1469 73 63 ab
826 1469 182 63 intellectu.
971 1469 97 63 ergo
1019 1469 158 63 intellectus

446 1511 90 66 est
498 1511 129 66 agens.
588 1511 64 66 ⁋
614 1511 168 66 Preterea.
743 1511 193 66 commentator
897 1511 142 66 secundo
1001 1511 77 66 de
1039 1511 129 66 anima.
1117 1511 64 66 In-

455 1564 177 56 telligere
591 1564 136 56 videre
686 1564 109 56 etc.
754 1564 109 56 sunt
822 1564 109 56 vere
890 1564 190 56 passiones.
1039 1564 109 56 ergo
1094 1564 81 56 etc.

444 1602 68 68 ⁋
472 1602 178 68 Preterea.
609 1602 164 68 secundum
732 1602 137 68 beatum
828 1602 192 68 Augustinum
978 1602 68 68 a
992 1602 178 68 cognoscente

451 1647 83 63 et
493 1647 152 63 cognito
604 1647 125 63 pitur
687 1647 277 63 cognoscibilitas.
922 1647 111 63 ergo
992 1647 166 63 vtrumque
1103 1647 69 63 est

444 1698 122 54 causa
526 1698 68 54 ⁋
553 1698 176 54 Preterea.
688 1698 81 54 si
729 1698 108 54 sic:
796 1698 108 54 tunc
864 1698 149 54 angelus
972 1698 135 54 nullam
1053 1698 122 54 haberet

456 1739 177 64 cognitionem
598 1739 71 64 de
633 1739 106 64 nouo.
704 1739 94 64 quia
763 1739 71 64 si
798 1739 82 64 res
845 1739 82 64 sit
892 1739 153 64 equaliter
1010 1739 141 64 praesens
1104 1739 71 64 nunc

444 1789 91 45 et
489 1789 136 45 alias
580 1789 91 45 si
626 1789 167 45 angelus
747 1789 106 45 non
807 1789 151 45 causat
913 1789 227 45 cognitionem
1080 1789 106 45 quare

452 1821 96 70 ergo
512 1821 96 70 plus
572 1821 168 70 causabitur
704 1821 144 70 cognitio
812 1821 72 70 in
847 1821 72 70 eo
883 1821 84 70 vno
931 1821 132 70 tempore
1027 1821 96 70 quam
1087 1821 72 70 in
1111 1821 72 70 alio

449 1867 87 68 non
498 1867 137 68 videtur
598 1867 112 68 ratio
673 1867 62 68 ⁋
698 1867 162 68 Preterea.
822 1867 174 68 compositio
959 1867 100 68 vera
1022 1867 75 68 et
1059 1867 112 68 falsa
1121 1867 50 68 re

462 1921 114 57 spectu
542 1921 195 57 propositionis
702 1921 92 57 vere
759 1921 69 57 et
793 1921 114 57 fecse:
873 1921 69 57 et
908 1921 149 57 similiter
1022 1921 126 57 diuisio
1102 1921 69 57 sunt

451 1951 125 65 actus
534 1951 222 65 intelligendi
714 1951 138 65 quaero
811 1951 69 65 a
839 1951 97 65 quo
894 1951 180 65 causantur
1033 1951 97 65 non
1088 1951 83 65 ab
1116 1951 69 65 ob-

465 1995 134 61 iecto.
558 1995 94 61 tum
612 1995 107 61 quia
679 1995 94 61 non
732 1995 107 61 plus
799 1995 161 61 inclinat
919 1995 80 61 ad
960 1995 174 61 causandum
1080 1995 107 61 compo-

459 2039 137 64 sitionem
561 2039 103 64 veram
630 2039 91 64 quam
687 2039 126 64 falsam.
779 2039 69 64 et
813 2039 80 64 per
859 2039 160 64 consequens
984 2039 137 64 causaret
1076 2039 114 64 vtramque

466 2086 89 69 vel
517 2086 153 69 neutram.
632 2086 89 69 sed
682 2086 153 69 vtramque
797 2086 114 69 simul
873 2086 89 69 non
924 2086 127 69 potest
1013 2086 140 69 causare
1102 2086 76 69 pro-

458 2129 102 68 pter
522 2129 255 68 contradictionem.
738 2129 89 68 tum
789 2129 102 68 quia
853 2129 153 68 obiectum
967 2129 89 68 vel
1006 2129 165 68 apprehensio

459 2179 163 55 simplex
578 2179 163 55 obiecti
696 2179 104 55 vel
755 2179 222 55 obiectorum:
933 2179 89 55 si
978 2179 178 55 causaret
1096 2179 89 55 natu

464 2223 144 64 raliter
569 2223 118 64 solum
648 2223 158 64 causaret
766 2223 223 64 compositionem
950 2223 131 64 veram.
1042 2223 105 64 Unde
1094 2223 79 64 ergo

466 2267 195 64 causabitur
620 2267 195 64 compositio
773 2267 112 64 fula
843 2267 181 64 repugnans
983 2267 140 64 nature
1066 2267 112 64 extre-

472 2311 110 56 morum:
549 2311 66 56 et
582 2311 143 56 similiter
693 2311 121 56 diuisio
781 2311 121 56 sfulsa:
869 2311 77 56 non
913 2311 121 56 videtur
1001 2311 55 56 a
1024 2311 77 56 quo
1068 2311 88 56 nisi
1123 2311 66 56 ab
1145 2311 44 56 in

464 2350 177 71 tellectu.
601 2350 68 71 ⁋
628 2350 177 71 Preterea.
764 2350 123 71 actus
846 2350 205 71 assentiendi
996 2350 191 71 propositioni

480 2393 107 58 vere
547 2393 94 58 vel
600 2393 121 58 semle
681 2393 94 58 non
734 2393 161 58 causatur
855 2393 80 58 ex
895 2393 228 58 apprehensione
1069 2393 121 58 termino

464 2440 82 59 rum
511 2440 70 59 vt
546 2440 117 59 totius
628 2440 210 59 propositionis.
803 2440 94 59 quia
862 2440 82 59 hoc
908 2440 105 59 solum
979 2440 82 59 est
1025 2440 105 59 verum
1095 2440 70 59 de
1119 2440 70 59 pri-

472 2479 80 66 mo
512 2479 186 66 principio.
658 2479 106 66 quod
724 2479 106 66 eius
791 2479 146 66 notitia
897 2479 146 66 euidens
1003 2479 106 66 siue
1056 2479 133 66 assensus

463 2524 158 91 causatur
581 2524 79 91 ex
621 2524 145 91 notitia
727 2524 171 91 termiorum
858 2524 79 91 et
898 2524 92 91 non
951 2524 79 91 de
990 2524 119 91 aliis
1056 2524 132 91 proposi

1257 142 158 62 tionibus
1375 142 79 62 et
1414 142 105 62 dato
1480 142 105 62 quod
1546 142 118 62 esset
1625 142 118 62 verum
1703 142 79 62 de
1743 142 105 62 omni
1795 142 184 62 propositione

1250 188 102 59 vera.
1318 188 102 59 tamen
1385 188 79 59 non
1431 188 113 59 potest
1510 188 79 59 sic
1555 188 90 59 esse
1611 188 68 59 de
1645 188 181 59 propositione
1792 188 102 59 fula.
1860 188 68 59 et
1894 188 68 59 de
1916 188 57 59 pro

1255 244 188 46 positione
1399 244 130 46 primo
1486 244 145 46 neutra
1587 244 145 46 alicui
1689 244 87 46 et
1732 244 145 46 postea
1833 244 116 46 vera
1891 244 87 46 sibi

1255 282 95 46 vel
1310 282 109 46 flsa
1378 282 163 46 respectu
1500 282 136 46 quarum
1595 282 163 46 assensus
1718 282 95 46 non
1772 282 136 46 potest
1854 282 122 46 causari

1259 323 77 55 ex
1298 323 141 55 notitia
1400 323 193 55 terminorum.
1554 323 103 55 quia
1619 323 77 55 in
1657 323 205 55 propositione
1824 323 128 55 neutra
1901 323 77 55 equa

1260 363 111 52 liter
1334 363 111 52 termi
1408 363 111 52 prius
1482 363 198 52 cognoscuntur
1643 363 111 52 sicut
1717 363 111 52 post.
1791 363 99 52 ergo
1840 363 136 52 equaliter

1243 409 115 65 prius
1320 409 179 65 causaretur
1460 409 115 65 sicut
1537 409 102 65 nunc
1601 409 153 65 causatur
1716 409 166 65 assensus.
1844 409 89 65 sed
1882 409 102 65 termin

1264 453 184 59 propositionis
1416 453 119 59 secusae
1502 453 65 59 si
1535 453 141 59 causarent
1643 453 119 59 aliquem
1730 453 97 59 actum
1795 453 87 59 ille
1849 453 97 59 esset
1903 453 76 59 actus

1246 499 188 55 dissentiendi.
1401 499 55 55 a
1423 499 78 55 quo
1467 499 89 55 ergo
1523 499 155 55 causabitur
1645 499 100 55 actus
1711 499 166 55 assentiendi
1833 499 155 55 propositioni

1255 541 127 57 fersae
1344 541 102 57 nisi
1408 541 76 57 ab
1446 541 191 57 intellectu.
1599 541 64 57 ⁋
1624 541 165 57 Preterea.
1751 541 76 57 si
1789 541 89 57 sic
1840 541 89 57 non
1879 541 114 57 oporte-

1258 582 92 59 ret
1310 582 131 59 ponere
1402 582 144 59 habitum
1507 582 79 59 in
1546 582 196 59 intellectu.
1703 582 105 59 quia
1769 582 196 59 intellectus
1913 582 65 59 est

1259 625 124 63 summe
1342 625 193 63 dispositus
1493 625 83 63 ad
1534 625 220 63 recipiendum.
1713 625 96 63 ita
1768 625 110 63 quod
1837 625 151 63 propter
1933 625 55 63 re

1265 683 172 53 ceptionem
1397 683 93 53 non
1450 683 146 53 oportet
1556 683 132 53 ponere
1648 683 146 53 aliquem
1754 683 146 53 habitum
1860 683 93 53 nec
1900 683 66 53 pro

1256 715 92 59 pter
1314 715 138 59 actionem
1418 715 81 59 per
1464 715 81 59 te:
1510 715 92 59 quia
1567 715 58 59 n
1590 715 104 59 agit.
1660 715 92 59 ergo
1717 715 92 59 etc.
1775 715 58 59 ⁋
1798 715 150 59 Preterea.
1901 715 81 59 actus

1252 759 208 52 discurrendi
1419 759 236 52 sillogisandi:
1613 759 236 52 consequentias
1807 759 166 52 faciendi
1918 759 69 52 non

1260 806 132 57 possunt
1356 806 72 57 ab
1392 806 120 57 aliquo
1476 806 132 57 causari
1572 806 96 57 nisi
1631 806 72 57 ab
1667 806 180 57 intellectu:
1811 806 72 57 vt
1847 806 108 57 patet
1907 806 72 57 dis-

1261 854 142 46 currendo.
1370 854 87 46 ergo
1425 854 76 46 etc
1469 854 55 46 ⁋
1490 854 142 46 Preterea.
1600 854 164 46 vniversalia
1731 854 164 46 intentiones
1862 854 120 46 secunde
1938 854 44 46 et

1259 897 137 54 logice
1355 897 96 54 non
1410 897 178 54 causantur
1547 897 69 54 a
1575 897 151 54 notitia
1684 897 192 54 quaecunque
1821 897 151 54 terminori

1257 937 116 59 ergo
1330 937 73 59 a
1359 937 131 59 nullo
1446 937 102 59 vel
1504 937 87 59 ab
1548 937 218 59 intellectu.
1722 937 73 59 ⁋
1752 937 189 59 Preterea.
1882 937 102 59 respe

1267 984 91 53 ctus
1324 984 137 53 rationis
1426 984 137 53 causatur
1529 984 80 53 per
1574 984 102 53 actum
1642 984 182 53 compratiuum:
1790 984 102 53 talis
1859 984 80 53 non
1893 984 91 53 potest

1255 1026 184 57 competere
1396 1026 113 57 nisi
1467 1026 212 57 intellectui
1637 1026 170 57 complexe
1764 1026 99 57 vel
1806 1026 184 57 incomplexe.

1256 1070 89 54 qui
1307 1070 76 54 si
1345 1070 101 54 illa
1408 1070 139 54 relatio
1510 1070 177 54 causaretur
1649 1070 127 54 posita
1737 1070 177 54 quaecunque
1864 1070 114 54 intelle

1250 1120 126 47 ctione
1339 1120 88 47 vel
1389 1120 126 47 multis
1477 1120 252 47 intellectionibus
1692 1120 88 47 iam
1742 1120 114 47 esset
1818 1120 88 47 non
1856 1120 126 47 rationis

1248 1158 98 57 qui
1304 1158 112 57 illa
1374 1158 98 57 est
1431 1158 141 57 realis
1529 1158 98 57 que
1585 1158 141 57 oritur
1684 1158 84 57 ex
1726 1158 141 57 genere
1810 1158 169 57 extremorum

1260 1210 74 48 ⁋
1290 1210 191 48 Preterea.
1437 1210 132 48 actus
1525 1210 177 48 reflexus
1658 1210 177 48 causatur
1790 1210 88 48 ab
1834 1210 118 48 actu
1893 1210 103 48 recto

1267 1253 86 43 vel
1316 1253 136 43 obiecto
1415 1253 111 43 actus
1489 1253 123 43 recti.
1575 1253 99 43 quod
1637 1253 74 43 si
1673 1253 86 43 sic
1723 1253 86 43 cum
1772 1253 99 43 sint
1834 1253 123 43 causae
1908 1253 86 43 natu-

1266 1287 107 55 rales
1337 1287 95 55 pari
1396 1287 130 55 ratione
1491 1287 154 55 causabunt
1609 1287 142 55 reflexum
1716 1287 107 55 actum
1787 1287 107 55 super
1858 1287 107 55 illum
1917 1287 83 55 actum

1263 1338 72 47 et
1299 1338 84 47 sic
1347 1338 72 47 in
1382 1338 167 47 infinitum.
1514 1338 72 47 et
1549 1338 84 47 sic
1597 1338 84 47 non
1645 1338 119 47 posset
1729 1338 131 47 causari
1824 1338 95 47 vnus
1884 1338 107 47 actus
1943 1338 60 47 re-

1257 1379 123 54 flexus
1343 1379 99 54 nisi
1405 1379 185 54 causarentur
1553 1379 160 54 infiniti:
1676 1379 99 54 quod
1737 1379 111 54 situm
1811 1379 99 54 est.
1873 1379 99 54 ergo
1922 1379 62 54 cau

1258 1425 144 44 saretur
1362 1425 78 44 ab
1402 1425 196 44 intellectu.
1558 1425 65 44 ⁋
1584 1425 170 44 Preterea.
1715 1425 78 44 si
1754 1425 117 44 actus
1832 1425 157 44 reflexus
1937 1425 65 44 cau

1258 1467 124 49 satur
1341 1467 83 49 ab
1382 1467 110 49 actu
1452 1467 138 49 recto.
1548 1467 124 49 nullo
1631 1467 110 49 modo
1700 1467 110 49 erit
1769 1467 83 49 in
1811 1467 138 49 ptante
1893 1467 97 49 poten

1267 1508 87 50 tie
1316 1508 198 50 reflectentis
1477 1508 87 50 non
1526 1508 173 50 reflectere
1662 1508 74 50 se
1700 1508 111 50 super
1774 1508 111 50 actum
1848 1508 111 50 suum:
1910 1508 74 50 quod

1265 1551 135 59 filstum
1363 1551 98 59 est.
1424 1551 98 59 ergo
1485 1551 147 59 causatur
1595 1551 73 59 ab
1632 1551 171 59 intellectu
1766 1551 61 59 ⁋
1791 1551 159 59 Preterea.
1913 1551 73 59 si
1938 1551 61 59 sic

1268 1595 102 49 tunc
1332 1595 192 49 intelligere
1485 1595 89 49 non
1536 1595 115 49 esset
1613 1595 166 49 perfectio
1741 1595 128 49 ipsius
1817 1595 179 49 intellectus.

1266 1643 86 55 qui
1315 1643 111 55 nulla
1389 1643 148 55 potentia
1499 1643 197 55 esentialiter
1659 1643 160 55 ordinatur
1782 1643 74 55 ad
1819 1643 111 55 illam
1880 1643 111 55 operati

1263 1686 102 55 onem:
1331 1686 68 55 ad
1365 1686 91 55 quam
1422 1686 68 55 se
1456 1686 102 55 habet
1524 1686 114 55 tantum
1604 1686 148 55 causatiue
1718 1686 137 55 secundum
1820 1686 148 55 potentiam
1922 1686 80 55 condi

1259 1735 143 53 ctionis
1363 1735 117 53 sicut
1441 1735 78 53 ad
1481 1735 156 53 accidens
1598 1735 143 53 aliquod
1702 1735 91 53 per
1754 1735 169 53 accidens.
1872 1735 130 53 Exemplum

1262 1773 176 55 calefactio
1401 1773 88 55 non
1451 1773 88 55 est
1502 1773 138 55 propria
1602 1773 151 55 operatio
1716 1773 126 55 ligni.
1804 1773 101 55 quia
1867 1773 126 55 tantum
1942 1773 63 55 est

1274 1817 170 53 passiuum
1401 1817 170 53 respectu
1529 1817 156 53 illius.
1643 1817 113 53 ergo
1713 1817 113 53 data
1784 1817 170 53 ypothesi
1898 1817 99 53 intel

1268 1859 127 50 lectio
1357 1859 89 50 non
1408 1859 89 50 est
1459 1859 140 50 propria
1561 1859 153 50 operatio
1675 1859 76 50 et
1713 1859 165 50 perfectio
1828 1859 165 50 intellectus

1274 1905 63 58 ⁋
1300 1905 164 58 Preterea.
1426 1905 88 58 tam
1476 1905 113 58 actus
1552 1905 189 58 intellectus
1703 1905 101 58 quam
1766 1905 126 58 sensus
1842 1905 151 58 intenditur

1268 1943 88 60 vel
1318 1943 175 60 remittitur
1455 1943 150 60 secundum
1568 1943 138 60 maiorem
1668 1943 75 60 et
1705 1943 138 60 minorem
1805 1943 188 60 attentionem
1943 1943 63 60 vel

1266 2002 166 53 conatum
1387 2002 181 53 potentie
1522 2002 75 53 ⁋
1553 2002 121 53 Ista
1628 2002 181 53 attentio
1764 2002 136 53 maior
1854 2002 106 53 vel
1899 2002 106 53 minor

1274 2031 78 56 et
1313 2031 143 56 conatus
1417 2031 78 56 et
1456 2031 143 56 intesio
1560 2031 117 56 actus
1638 2031 78 56 et
1678 2031 156 56 remissio
1795 2031 143 56 numquam
1886 2031 117 56 possunt

1280 2081 156 54 saluari
1393 2081 113 54 sine
1464 2081 184 54 actuitate
1606 2081 227 54 intellectus.
1790 2081 71 54 ⁋
1819 2081 184 54 Preterea.
1946 2081 57 54 in

1275 2122 141 56 attento
1377 2122 153 56 remanent
1493 2122 141 56 species
1595 2122 115 56 rerum
1671 2122 102 56 post
1735 2122 153 56 visionem
1850 2122 115 56 rerum
1914 2122 77 56 quae

1282 2167 86 56 non
1331 2167 148 56 remanent
1442 2167 74 56 in
1479 2167 86 56 non
1528 2167 148 56 attento:
1640 2167 99 56 quod
1701 2167 86 56 non
1751 2167 123 56 potest
1837 2167 148 56 attribui
1936 2167 49 56 ap

1268 2214 190 57 prehensioni
1420 2214 152 57 illarum.
1534 2214 101 57 quia
1598 2214 101 57 ille
1661 2214 89 57 res
1712 2214 165 57 equaliter
1838 2214 139 57 causant
1927 2214 76 57 spe-

1273 2255 108 59 cies
1341 2255 108 59 suas
1409 2255 81 59 in
1449 2255 162 59 vtroque.
1571 2255 108 59 ergo
1639 2255 149 59 necesse
1747 2255 95 59 est
1801 2255 108 59 quod
1856 2255 135 59 attentio

1269 2298 97 53 sit
1325 2298 125 53 actus
1408 2298 83 53 ab
1449 2298 208 53 intellectu.
1616 2298 69 53 ⁋
1643 2298 180 53 Preterea.
1782 2298 111 53 tunc
1851 2298 97 53 non
1893 2298 97 53 poss-

1275 2346 148 53 saluari
1382 2346 121 53 ymago
1463 2346 189 53 trinitatis
1612 2346 81 53 in
1652 2346 135 53 mente.
1747 2346 108 53 quia
1814 2346 94 53 non
1868 2346 121 53 esset
1936 2346 67 53 ibi

1275 2386 141 58 parens
1373 2386 70 58 ⁋
1401 2386 183 58 Preterea.
1542 2386 127 58 fides
1626 2386 183 58 acquisita
1767 2386 98 58 non
1823 2386 141 58 potest
1908 2386 98 58 causa

1272 2428 84 64 ri
1314 2428 84 64 ex
1356 2428 154 64 notitia
1468 2428 168 64 complexa
1594 2428 196 64 terminorum
1747 2428 84 64 et
1775 2428 224 64 apprehensione.

1279 2477 94 53 qui
1332 2477 107 53 tunc
1399 2477 161 53 obiectum
1520 2477 121 53 fidei
1600 2477 121 53 esset
1680 2477 147 53 euidens
1788 2477 80 53 ex
1828 2477 174 53 terminis.
1948 2477 54 53 et

1275 2523 103 70 sic
1334 2523 103 70 non
1393 2523 132 70 esset
1480 2523 147 70 fides.
1583 2523 117 70 ergo
1656 2523 176 70 causatur
1788 2523 88 70 ab
1818 2523 190 70 intellectu.
