<?xml version="1.0" encoding="UTF-8"?>
<alto xmlns:xsi="http://www.w3.org/2001/XMLSchema-instance"
      xmlns="http://www.loc.gov/standards/alto/ns-v2#"
      xmlns:page="http://schema.primaresearch.org/PAGE/gts/pagecontent/2013-07-15"
      xsi:schemaLocation="http://www.loc.gov/standards/alto/ns-v2# http://www.loc.gov/standards/alto/alto.xsd">
   <Description>
      <MeasurementUnit>pixel</MeasurementUnit>
      <OCRProcessing ID="IdOcr">
         <ocrProcessingStep>
            <processingDateTime>2020-09-05T08:11:39.54-04:00</processingDateTime>
            <processingSoftware>
               <softwareCreator>READ COOP</softwareCreator>
               <softwareName>Transkribus</softwareName>
            </processingSoftware>
         </ocrProcessingStep>
      </OCRProcessing>
   </Description>
   <Tags/>
   <Layout>
      <Page ID="Page1" PHYSICAL_IMG_NR="1" HEIGHT="3062" WIDTH="2254">
         <TopMargin HEIGHT="0" WIDTH="2254" VPOS="0" HPOS="0"/>
         <LeftMargin HEIGHT="3062" WIDTH="0" VPOS="0" HPOS="0"/>
         <RightMargin HEIGHT="3062" WIDTH="0" VPOS="0" HPOS="2254"/>
         <BottomMargin HEIGHT="0" WIDTH="2254" VPOS="3062" HPOS="0"/>
         <PrintSpace HEIGHT="3062" WIDTH="2254" VPOS="0" HPOS="0">
            <TextBlock ID="r2" HEIGHT="2485" WIDTH="759" VPOS="170" HPOS="423">
               <Shape>
                  <Polygon POINTS="423,170 423,2655 1182,2655 1182,170"/>
               </Shape>
               <TextLine ID="r2l2"
                         BASELINE="289"
                         HEIGHT="77"
                         WIDTH="716"
                         VPOS="212"
                         HPOS="422">
                  <String HEIGHT="77"
                          WIDTH="119"
                          VPOS="212"
                          HPOS="407"
                          CONTENT="quia"/>
                  <SP HEIGHT="77" WIDTH="15" VPOS="212" HPOS="526"/>
                  <String HEIGHT="77"
                          WIDTH="119"
                          VPOS="212"
                          HPOS="482"
                          CONTENT="ista"/>
                  <SP HEIGHT="77" WIDTH="15" VPOS="212" HPOS="601"/>
                  <String HEIGHT="77"
                          WIDTH="119"
                          VPOS="212"
                          HPOS="556"
                          CONTENT="sunt"/>
                  <SP HEIGHT="77" WIDTH="15" VPOS="212" HPOS="676"/>
                  <String HEIGHT="77"
                          WIDTH="134"
                          VPOS="212"
                          HPOS="631"
                          CONTENT="verba"/>
                  <SP HEIGHT="77" WIDTH="15" VPOS="212" HPOS="765"/>
                  <String HEIGHT="77"
                          WIDTH="149"
                          VPOS="212"
                          HPOS="720"
                          CONTENT="actiui"/>
                  <SP HEIGHT="77" WIDTH="15" VPOS="212" HPOS="870"/>
                  <String HEIGHT="77"
                          WIDTH="179"
                          VPOS="212"
                          HPOS="825"
                          CONTENT="generis:"/>
                  <SP HEIGHT="77" WIDTH="15" VPOS="212" HPOS="1004"/>
                  <String HEIGHT="77"
                          WIDTH="119"
                          VPOS="212"
                          HPOS="959"
                          CONTENT="ideo"/>
                  <SP HEIGHT="77" WIDTH="15" VPOS="212" HPOS="1078"/>
                  <String HEIGHT="77"
                          WIDTH="119"
                          VPOS="212"
                          HPOS="1019"
                          CONTENT="signi"
                          SUBS_TYPE="HypPart1"
                          SUBS_CONTENT="significant"/>
                  <HYP CONTENT="-"/>
               </TextLine>
               <TextLine ID="r2l3"
                         BASELINE="333"
                         HEIGHT="62"
                         WIDTH="710"
                         VPOS="271"
                         HPOS="426">
                  <String HEIGHT="62"
                          WIDTH="158"
                          VPOS="271"
                          HPOS="410"
                          CONTENT="ficant"
                          SUBS_TYPE="HypPart2"
                          SUBS_CONTENT="significant"/>
                  <SP HEIGHT="62" WIDTH="16" VPOS="271" HPOS="568"/>
                  <String HEIGHT="62" WIDTH="95" VPOS="271" HPOS="521" CONTENT="et"/>
                  <SP HEIGHT="62" WIDTH="16" VPOS="271" HPOS="615"/>
                  <String HEIGHT="62"
                          WIDTH="221"
                          VPOS="271"
                          HPOS="568"
                          CONTENT="denominant"/>
                  <SP HEIGHT="62" WIDTH="16" VPOS="271" HPOS="789"/>
                  <String HEIGHT="62"
                          WIDTH="205"
                          VPOS="271"
                          HPOS="742"
                          CONTENT="subiectum"/>
                  <SP HEIGHT="62" WIDTH="16" VPOS="271" HPOS="947"/>
                  <String HEIGHT="62" WIDTH="110" VPOS="271" HPOS="899" CONTENT="per"/>
                  <SP HEIGHT="62" WIDTH="16" VPOS="271" HPOS="1010"/>
                  <String HEIGHT="62"
                          WIDTH="142"
                          VPOS="271"
                          HPOS="962"
                          CONTENT="modum"/>
                  <SP HEIGHT="62" WIDTH="16" VPOS="271" HPOS="1104"/>
                  <String HEIGHT="62"
                          WIDTH="95"
                          VPOS="271"
                          HPOS="1041"
                          CONTENT="acti"/>
               </TextLine>
               <TextLine ID="r2l4"
                         BASELINE="381"
                         HEIGHT="66"
                         WIDTH="710"
                         VPOS="315"
                         HPOS="419">
                  <String HEIGHT="66"
                          WIDTH="128"
                          VPOS="315"
                          HPOS="405"
                          CONTENT="onis:"/>
                  <SP HEIGHT="66" WIDTH="14" VPOS="315" HPOS="533"/>
                  <String HEIGHT="66"
                          WIDTH="128"
                          VPOS="315"
                          HPOS="490"
                          CONTENT="sicut"/>
                  <SP HEIGHT="66" WIDTH="14" VPOS="315" HPOS="618"/>
                  <String HEIGHT="66"
                          WIDTH="142"
                          VPOS="315"
                          HPOS="575"
                          CONTENT="videre"/>
                  <SP HEIGHT="66" WIDTH="14" VPOS="315" HPOS="717"/>
                  <String HEIGHT="66"
                          WIDTH="128"
                          VPOS="315"
                          HPOS="675"
                          CONTENT="licet"/>
                  <SP HEIGHT="66" WIDTH="14" VPOS="315" HPOS="802"/>
                  <String HEIGHT="66" WIDTH="99" VPOS="315" HPOS="760" CONTENT="non"/>
                  <SP HEIGHT="66" WIDTH="14" VPOS="315" HPOS="859"/>
                  <String HEIGHT="66" WIDTH="99" VPOS="315" HPOS="817" CONTENT="sit"/>
                  <SP HEIGHT="66" WIDTH="14" VPOS="315" HPOS="916"/>
                  <String HEIGHT="66" WIDTH="71" VPOS="315" HPOS="873" CONTENT="a"/>
                  <SP HEIGHT="66" WIDTH="14" VPOS="315" HPOS="944"/>
                  <String HEIGHT="66"
                          WIDTH="170"
                          VPOS="315"
                          HPOS="902"
                          CONTENT="potentia"/>
                  <SP HEIGHT="66" WIDTH="14" VPOS="315" HPOS="1072"/>
                  <String HEIGHT="66"
                          WIDTH="114"
                          VPOS="315"
                          HPOS="1015"
                          CONTENT="visiua"/>
               </TextLine>
               <TextLine ID="r2l5"
                         BASELINE="429"
                         HEIGHT="68"
                         WIDTH="701"
                         VPOS="361"
                         HPOS="428">
                  <String HEIGHT="68"
                          WIDTH="204"
                          VPOS="361"
                          HPOS="413"
                          CONTENT="effectiue."/>
                  <SP HEIGHT="68" WIDTH="15" VPOS="361" HPOS="618"/>
                  <String HEIGHT="68"
                          WIDTH="131"
                          VPOS="361"
                          HPOS="574"
                          CONTENT="tamen"/>
                  <SP HEIGHT="68" WIDTH="15" VPOS="361" HPOS="705"/>
                  <String HEIGHT="68"
                          WIDTH="161"
                          VPOS="361"
                          HPOS="662"
                          CONTENT="propter"/>
                  <SP HEIGHT="68" WIDTH="15" VPOS="361" HPOS="822"/>
                  <String HEIGHT="68"
                          WIDTH="175"
                          VPOS="361"
                          HPOS="779"
                          CONTENT="rationem"/>
                  <SP HEIGHT="68" WIDTH="15" VPOS="361" HPOS="954"/>
                  <String HEIGHT="68"
                          WIDTH="190"
                          VPOS="361"
                          HPOS="910"
                          CONTENT="predictam"/>
                  <SP HEIGHT="68" WIDTH="15" VPOS="361" HPOS="1100"/>
                  <String HEIGHT="68"
                          WIDTH="88"
                          VPOS="361"
                          HPOS="1041"
                          CONTENT="deno"/>
               </TextLine>
               <TextLine ID="r2l6"
                         BASELINE="464"
                         HEIGHT="61"
                         WIDTH="700"
                         VPOS="403"
                         HPOS="429">
                  <String HEIGHT="61"
                          WIDTH="131"
                          VPOS="403"
                          HPOS="414"
                          CONTENT="minat"/>
                  <SP HEIGHT="61" WIDTH="15" VPOS="403" HPOS="546"/>
                  <String HEIGHT="61"
                          WIDTH="131"
                          VPOS="403"
                          HPOS="502"
                          CONTENT="illam"/>
                  <SP HEIGHT="61" WIDTH="15" VPOS="403" HPOS="633"/>
                  <String HEIGHT="61"
                          WIDTH="190"
                          VPOS="403"
                          HPOS="589"
                          CONTENT="potentiam"/>
                  <SP HEIGHT="61" WIDTH="15" VPOS="403" HPOS="779"/>
                  <String HEIGHT="61" WIDTH="102" VPOS="403" HPOS="735" CONTENT="per"/>
                  <SP HEIGHT="61" WIDTH="15" VPOS="403" HPOS="837"/>
                  <String HEIGHT="61"
                          WIDTH="131"
                          VPOS="403"
                          HPOS="794"
                          CONTENT="modum"/>
                  <SP HEIGHT="61" WIDTH="15" VPOS="403" HPOS="925"/>
                  <String HEIGHT="61"
                          WIDTH="190"
                          VPOS="403"
                          HPOS="881"
                          CONTENT="actionis."/>
                  <SP HEIGHT="61" WIDTH="15" VPOS="403" HPOS="1071"/>
                  <String HEIGHT="61"
                          WIDTH="102"
                          VPOS="403"
                          HPOS="1027"
                          CONTENT="ita"/>
                  <SP HEIGHT="61" WIDTH="15" VPOS="403" HPOS="1129"/>
                  <String HEIGHT="61" WIDTH="58" VPOS="403" HPOS="1071" CONTENT="in"/>
               </TextLine>
               <TextLine ID="r2l7"
                         BASELINE="515"
                         HEIGHT="67"
                         WIDTH="708"
                         VPOS="448"
                         HPOS="428">
                  <String HEIGHT="67"
                          WIDTH="198"
                          VPOS="448"
                          HPOS="414"
                          CONTENT="proposito:"/>
                  <SP HEIGHT="67" WIDTH="14" VPOS="448" HPOS="612"/>
                  <String HEIGHT="67"
                          WIDTH="113"
                          VPOS="448"
                          HPOS="570"
                          CONTENT="quia"/>
                  <SP HEIGHT="67" WIDTH="14" VPOS="448" HPOS="683"/>
                  <String HEIGHT="67" WIDTH="99" VPOS="448" HPOS="640" CONTENT="non"/>
                  <SP HEIGHT="67" WIDTH="14" VPOS="448" HPOS="740"/>
                  <String HEIGHT="67"
                          WIDTH="113"
                          VPOS="448"
                          HPOS="697"
                          CONTENT="vult"/>
                  <SP HEIGHT="67" WIDTH="14" VPOS="448" HPOS="810"/>
                  <String HEIGHT="67"
                          WIDTH="113"
                          VPOS="448"
                          HPOS="768"
                          CONTENT="quod"/>
                  <SP HEIGHT="67" WIDTH="14" VPOS="448" HPOS="881"/>
                  <String HEIGHT="67"
                          WIDTH="212"
                          VPOS="448"
                          HPOS="839"
                          CONTENT="intelligere"/>
                  <SP HEIGHT="67" WIDTH="14" VPOS="448" HPOS="1051"/>
                  <String HEIGHT="67" WIDTH="99" VPOS="448" HPOS="1009" CONTENT="sit"/>
                  <SP HEIGHT="67" WIDTH="14" VPOS="448" HPOS="1108"/>
                  <String HEIGHT="67"
                          WIDTH="85"
                          VPOS="448"
                          HPOS="1051"
                          CONTENT="ope"
                          SUBS_TYPE="HypPart1"
                          SUBS_CONTENT="operatio"/>
                  <HYP CONTENT="-"/>
               </TextLine>
               <TextLine ID="r2l8"
                         BASELINE="553"
                         HEIGHT="61"
                         WIDTH="723"
                         VPOS="492"
                         HPOS="417">
                  <String HEIGHT="61"
                          WIDTH="136"
                          VPOS="492"
                          HPOS="402"
                          CONTENT="ratio"
                          SUBS_TYPE="HypPart2"
                          SUBS_CONTENT="operatio"/>
                  <SP HEIGHT="61" WIDTH="15" VPOS="492" HPOS="538"/>
                  <String HEIGHT="61"
                          WIDTH="151"
                          VPOS="492"
                          HPOS="492"
                          CONTENT="manens"/>
                  <SP HEIGHT="61" WIDTH="15" VPOS="492" HPOS="643"/>
                  <String HEIGHT="61" WIDTH="90" VPOS="492" HPOS="598" CONTENT="in"/>
                  <SP HEIGHT="61" WIDTH="15" VPOS="492" HPOS="688"/>
                  <String HEIGHT="61"
                          WIDTH="166"
                          VPOS="492"
                          HPOS="643"
                          CONTENT="agente:"/>
                  <SP HEIGHT="61" WIDTH="15" VPOS="492" HPOS="809"/>
                  <String HEIGHT="61"
                          WIDTH="121"
                          VPOS="492"
                          HPOS="763"
                          CONTENT="quin"/>
                  <SP HEIGHT="61" WIDTH="15" VPOS="492" HPOS="884"/>
                  <String HEIGHT="61" WIDTH="105" VPOS="492" HPOS="839" CONTENT="sit"/>
                  <SP HEIGHT="61" WIDTH="15" VPOS="492" HPOS="944"/>
                  <String HEIGHT="61"
                          WIDTH="196"
                          VPOS="492"
                          HPOS="899"
                          CONTENT="effectiue"/>
                  <SP HEIGHT="61" WIDTH="15" VPOS="492" HPOS="1095"/>
                  <String HEIGHT="61" WIDTH="90" VPOS="492" HPOS="1050" CONTENT="in"/>
                  <SP HEIGHT="61" WIDTH="15" VPOS="492" HPOS="1140"/>
                  <String HEIGHT="61" WIDTH="60" VPOS="492" HPOS="1080" CONTENT="il"/>
               </TextLine>
               <TextLine ID="r2l9"
                         BASELINE="597"
                         HEIGHT="63"
                         WIDTH="722"
                         VPOS="534"
                         HPOS="422">
                  <String HEIGHT="63" WIDTH="87" VPOS="534" HPOS="408" CONTENT="lo"/>
                  <SP HEIGHT="63" WIDTH="14" VPOS="534" HPOS="494"/>
                  <String HEIGHT="63" WIDTH="87" VPOS="534" HPOS="451" CONTENT="in"/>
                  <SP HEIGHT="63" WIDTH="14" VPOS="534" HPOS="538"/>
                  <String HEIGHT="63" WIDTH="101" VPOS="534" HPOS="494" CONTENT="quo"/>
                  <SP HEIGHT="63" WIDTH="14" VPOS="534" HPOS="595"/>
                  <String HEIGHT="63"
                          WIDTH="202"
                          VPOS="534"
                          HPOS="552"
                          CONTENT="recipitur."/>
                  <SP HEIGHT="63" WIDTH="14" VPOS="534" HPOS="754"/>
                  <String HEIGHT="63"
                          WIDTH="116"
                          VPOS="534"
                          HPOS="711"
                          CONTENT="Quia"/>
                  <SP HEIGHT="63" WIDTH="14" VPOS="534" HPOS="826"/>
                  <String HEIGHT="63" WIDTH="101" VPOS="534" HPOS="783" CONTENT="sic"/>
                  <SP HEIGHT="63" WIDTH="14" VPOS="534" HPOS="884"/>
                  <String HEIGHT="63"
                          WIDTH="188"
                          VPOS="534"
                          HPOS="841"
                          CONTENT="denominat"/>
                  <SP HEIGHT="63" WIDTH="14" VPOS="534" HPOS="1028"/>
                  <String HEIGHT="63"
                          WIDTH="159"
                          VPOS="534"
                          HPOS="985"
                          CONTENT="tanquam"/>
                  <SP HEIGHT="63" WIDTH="14" VPOS="534" HPOS="1144"/>
                  <String HEIGHT="63"
                          WIDTH="58"
                          VPOS="534"
                          HPOS="1086"
                          CONTENT="a"
                          SUBS_TYPE="HypPart1"
                          SUBS_CONTENT="agens:"/>
                  <HYP CONTENT="-"/>
               </TextLine>
               <TextLine ID="r2l10"
                         BASELINE="645"
                         HEIGHT="67"
                         WIDTH="718"
                         VPOS="578"
                         HPOS="423">
                  <String HEIGHT="67"
                          WIDTH="124"
                          VPOS="578"
                          HPOS="409"
                          CONTENT="gens:"
                          SUBS_TYPE="HypPart2"
                          SUBS_CONTENT="agens:"/>
                  <SP HEIGHT="67" WIDTH="14" VPOS="578" HPOS="533"/>
                  <String HEIGHT="67" WIDTH="83" VPOS="578" HPOS="492" CONTENT="et"/>
                  <SP HEIGHT="67" WIDTH="14" VPOS="578" HPOS="575"/>
                  <String HEIGHT="67" WIDTH="97" VPOS="578" HPOS="533" CONTENT="est"/>
                  <SP HEIGHT="67" WIDTH="14" VPOS="578" HPOS="630"/>
                  <String HEIGHT="67"
                          WIDTH="138"
                          VPOS="578"
                          HPOS="589"
                          CONTENT="verbum"/>
                  <SP HEIGHT="67" WIDTH="14" VPOS="578" HPOS="727"/>
                  <String HEIGHT="67"
                          WIDTH="166"
                          VPOS="578"
                          HPOS="685"
                          CONTENT="actiuum."/>
                  <SP HEIGHT="67" WIDTH="14" VPOS="578" HPOS="851"/>
                  <String HEIGHT="67"
                          WIDTH="138"
                          VPOS="578"
                          HPOS="810"
                          CONTENT="Aliter"/>
                  <SP HEIGHT="67" WIDTH="14" VPOS="578" HPOS="948"/>
                  <String HEIGHT="67"
                          WIDTH="138"
                          VPOS="578"
                          HPOS="906"
                          CONTENT="potest"/>
                  <SP HEIGHT="67" WIDTH="14" VPOS="578" HPOS="1044"/>
                  <String HEIGHT="67"
                          WIDTH="110"
                          VPOS="578"
                          HPOS="1003"
                          CONTENT="dici"/>
                  <SP HEIGHT="67" WIDTH="14" VPOS="578" HPOS="1113"/>
                  <String HEIGHT="67"
                          WIDTH="83"
                          VPOS="578"
                          HPOS="1058"
                          CONTENT="quod"/>
               </TextLine>
               <TextLine ID="r2l11"
                         BASELINE="683"
                         HEIGHT="53"
                         WIDTH="714"
                         VPOS="630"
                         HPOS="418">
                  <String HEIGHT="53"
                          WIDTH="134"
                          VPOS="630"
                          HPOS="403"
                          CONTENT="ratio"/>
                  <SP HEIGHT="53" WIDTH="15" VPOS="630" HPOS="537"/>
                  <String HEIGHT="53"
                          WIDTH="179"
                          VPOS="630"
                          HPOS="492"
                          CONTENT="fundatur"/>
                  <SP HEIGHT="53" WIDTH="15" VPOS="630" HPOS="671"/>
                  <String HEIGHT="53"
                          WIDTH="134"
                          VPOS="630"
                          HPOS="626"
                          CONTENT="super"/>
                  <SP HEIGHT="53" WIDTH="15" VPOS="630" HPOS="760"/>
                  <String HEIGHT="53"
                          WIDTH="238"
                          VPOS="630"
                          HPOS="716"
                          CONTENT="auctoritate:"/>
                  <SP HEIGHT="53" WIDTH="15" VPOS="630" HPOS="954"/>
                  <String HEIGHT="53" WIDTH="89" VPOS="630" HPOS="909" CONTENT="et"/>
                  <SP HEIGHT="53" WIDTH="15" VPOS="630" HPOS="998"/>
                  <String HEIGHT="53"
                          WIDTH="119"
                          VPOS="630"
                          HPOS="954"
                          CONTENT="ideo"/>
                  <SP HEIGHT="53" WIDTH="15" VPOS="630" HPOS="1073"/>
                  <String HEIGHT="53"
                          WIDTH="119"
                          VPOS="630"
                          HPOS="1013"
                          CONTENT="circum"/>
               </TextLine>
               <TextLine ID="r2l12"
                         BASELINE="726"
                         HEIGHT="61"
                         WIDTH="703"
                         VPOS="665"
                         HPOS="429">
                  <String HEIGHT="61"
                          WIDTH="199"
                          VPOS="665"
                          HPOS="414"
                          CONTENT="scribendo"/>
                  <SP HEIGHT="61" WIDTH="15" VPOS="665" HPOS="612"/>
                  <String HEIGHT="61"
                          WIDTH="245"
                          VPOS="665"
                          HPOS="567"
                          CONTENT="auctoritatem"/>
                  <SP HEIGHT="61" WIDTH="15" VPOS="665" HPOS="811"/>
                  <String HEIGHT="61" WIDTH="107" VPOS="665" HPOS="765" CONTENT="non"/>
                  <SP HEIGHT="61" WIDTH="15" VPOS="665" HPOS="872"/>
                  <String HEIGHT="61"
                          WIDTH="245"
                          VPOS="665"
                          HPOS="826"
                          CONTENT="concederetur"/>
                  <SP HEIGHT="61" WIDTH="15" VPOS="665" HPOS="1071"/>
                  <String HEIGHT="61" WIDTH="92" VPOS="665" HPOS="1025" CONTENT="de"/>
                  <SP HEIGHT="61" WIDTH="15" VPOS="665" HPOS="1117"/>
                  <String HEIGHT="61" WIDTH="76" VPOS="665" HPOS="1056" CONTENT="vir"/>
               </TextLine>
               <TextLine ID="r2l13"
                         BASELINE="768"
                         HEIGHT="52"
                         WIDTH="724"
                         VPOS="716"
                         HPOS="417">
                  <String HEIGHT="52"
                          WIDTH="121"
                          VPOS="716"
                          HPOS="402"
                          CONTENT="tute"/>
                  <SP HEIGHT="52" WIDTH="15" VPOS="716" HPOS="523"/>
                  <String HEIGHT="52"
                          WIDTH="196"
                          VPOS="716"
                          HPOS="477"
                          CONTENT="sermonis:"/>
                  <SP HEIGHT="52" WIDTH="15" VPOS="716" HPOS="673"/>
                  <String HEIGHT="52"
                          WIDTH="121"
                          VPOS="716"
                          HPOS="628"
                          CONTENT="quod"/>
                  <SP HEIGHT="52" WIDTH="15" VPOS="716" HPOS="749"/>
                  <String HEIGHT="52"
                          WIDTH="136"
                          VPOS="716"
                          HPOS="704"
                          CONTENT="talis"/>
                  <SP HEIGHT="52" WIDTH="15" VPOS="716" HPOS="839"/>
                  <String HEIGHT="52"
                          WIDTH="181"
                          VPOS="716"
                          HPOS="794"
                          CONTENT="operatio"/>
                  <SP HEIGHT="52" WIDTH="15" VPOS="716" HPOS="975"/>
                  <String HEIGHT="52"
                          WIDTH="166"
                          VPOS="716"
                          HPOS="930"
                          CONTENT="maneret"/>
                  <SP HEIGHT="52" WIDTH="15" VPOS="716" HPOS="1096"/>
                  <String HEIGHT="52" WIDTH="91" VPOS="716" HPOS="1051" CONTENT="in"/>
                  <SP HEIGHT="52" WIDTH="15" VPOS="716" HPOS="1141"/>
                  <String HEIGHT="52"
                          WIDTH="60"
                          VPOS="716"
                          HPOS="1081"
                          CONTENT="a"
                          SUBS_TYPE="HypPart1"
                          SUBS_CONTENT="agente"/>
                  <HYP CONTENT="-"/>
               </TextLine>
               <TextLine ID="r2l14"
                         BASELINE="820"
                         HEIGHT="67"
                         WIDTH="722"
                         VPOS="753"
                         HPOS="423">
                  <String HEIGHT="67"
                          WIDTH="130"
                          VPOS="753"
                          HPOS="409"
                          CONTENT="gente"
                          SUBS_TYPE="HypPart2"
                          SUBS_CONTENT="agente"/>
                  <SP HEIGHT="67" WIDTH="14" VPOS="753" HPOS="539"/>
                  <String HEIGHT="67" WIDTH="72" VPOS="753" HPOS="495" CONTENT="⁋"/>
                  <SP HEIGHT="67" WIDTH="14" VPOS="753" HPOS="567"/>
                  <String HEIGHT="67"
                          WIDTH="144"
                          VPOS="753"
                          HPOS="524"
                          CONTENT="Aliter"/>
                  <SP HEIGHT="67" WIDTH="14" VPOS="753" HPOS="668"/>
                  <String HEIGHT="67"
                          WIDTH="144"
                          VPOS="753"
                          HPOS="625"
                          CONTENT="potest"/>
                  <SP HEIGHT="67" WIDTH="14" VPOS="753" HPOS="770"/>
                  <String HEIGHT="67"
                          WIDTH="116"
                          VPOS="753"
                          HPOS="726"
                          CONTENT="dici"/>
                  <SP HEIGHT="67" WIDTH="14" VPOS="753" HPOS="842"/>
                  <String HEIGHT="67"
                          WIDTH="116"
                          VPOS="753"
                          HPOS="798"
                          CONTENT="quod"/>
                  <SP HEIGHT="67" WIDTH="14" VPOS="753" HPOS="914"/>
                  <String HEIGHT="67" WIDTH="101" VPOS="753" HPOS="871" CONTENT="per"/>
                  <SP HEIGHT="67" WIDTH="14" VPOS="753" HPOS="972"/>
                  <String HEIGHT="67"
                          WIDTH="173"
                          VPOS="753"
                          HPOS="928"
                          CONTENT="actionem"/>
                  <SP HEIGHT="67" WIDTH="14" VPOS="753" HPOS="1102"/>
                  <String HEIGHT="67"
                          WIDTH="101"
                          VPOS="753"
                          HPOS="1044"
                          CONTENT="imma"
                          SUBS_TYPE="HypPart1"
                          SUBS_CONTENT="immanentem"/>
                  <HYP CONTENT="-"/>
               </TextLine>
               <TextLine ID="r2l15"
                         BASELINE="851"
                         HEIGHT="55"
                         WIDTH="736"
                         VPOS="796"
                         HPOS="419">
                  <String HEIGHT="55"
                          WIDTH="147"
                          VPOS="796"
                          HPOS="404"
                          CONTENT="nentem"
                          SUBS_TYPE="HypPart2"
                          SUBS_CONTENT="immanentem"/>
                  <SP HEIGHT="55" WIDTH="15" VPOS="796" HPOS="551"/>
                  <String HEIGHT="55"
                          WIDTH="206"
                          VPOS="796"
                          HPOS="507"
                          CONTENT="intelligit"/>
                  <SP HEIGHT="55" WIDTH="15" VPOS="796" HPOS="713"/>
                  <String HEIGHT="55"
                          WIDTH="177"
                          VPOS="796"
                          HPOS="669"
                          CONTENT="actionem"/>
                  <SP HEIGHT="55" WIDTH="15" VPOS="796" HPOS="846"/>
                  <String HEIGHT="55" WIDTH="103" VPOS="796" HPOS="802" CONTENT="qua"/>
                  <SP HEIGHT="55" WIDTH="15" VPOS="796" HPOS="905"/>
                  <String HEIGHT="55"
                          WIDTH="147"
                          VPOS="796"
                          HPOS="861"
                          CONTENT="nullus"/>
                  <SP HEIGHT="55" WIDTH="15" VPOS="796" HPOS="1008"/>
                  <String HEIGHT="55"
                          WIDTH="177"
                          VPOS="796"
                          HPOS="964"
                          CONTENT="effectus"/>
                  <SP HEIGHT="55" WIDTH="15" VPOS="796" HPOS="1140"/>
                  <String HEIGHT="55"
                          WIDTH="74"
                          VPOS="796"
                          HPOS="1081"
                          CONTENT="ex"
                          SUBS_TYPE="HypPart1"
                          SUBS_CONTENT="extra"/>
                  <HYP CONTENT="-"/>
               </TextLine>
               <TextLine ID="r2l16"
                         BASELINE="900"
                         HEIGHT="52"
                         WIDTH="709"
                         VPOS="848"
                         HPOS="436">
                  <String HEIGHT="52"
                          WIDTH="103"
                          VPOS="848"
                          HPOS="421"
                          CONTENT="tra"
                          SUBS_TYPE="HypPart2"
                          SUBS_CONTENT="extra"/>
                  <SP HEIGHT="52" WIDTH="15" VPOS="848" HPOS="525"/>
                  <String HEIGHT="52"
                          WIDTH="148"
                          VPOS="848"
                          HPOS="480"
                          CONTENT="animam"/>
                  <SP HEIGHT="52" WIDTH="15" VPOS="848" HPOS="628"/>
                  <String HEIGHT="52"
                          WIDTH="207"
                          VPOS="848"
                          HPOS="584"
                          CONTENT="producitur"/>
                  <SP HEIGHT="52" WIDTH="15" VPOS="848" HPOS="790"/>
                  <String HEIGHT="52"
                          WIDTH="133"
                          VPOS="848"
                          HPOS="746"
                          CONTENT="sicut"/>
                  <SP HEIGHT="52" WIDTH="15" VPOS="848" HPOS="879"/>
                  <String HEIGHT="52"
                          WIDTH="133"
                          VPOS="848"
                          HPOS="835"
                          CONTENT="domus"/>
                  <SP HEIGHT="52" WIDTH="15" VPOS="848" HPOS="968"/>
                  <String HEIGHT="52" WIDTH="103" VPOS="848" HPOS="923" CONTENT="vel"/>
                  <SP HEIGHT="52" WIDTH="15" VPOS="848" HPOS="1027"/>
                  <String HEIGHT="52"
                          WIDTH="162"
                          VPOS="848"
                          HPOS="983"
                          CONTENT="aliquid"/>
                  <SP HEIGHT="52" WIDTH="15" VPOS="848" HPOS="1145"/>
                  <String HEIGHT="52" WIDTH="59" VPOS="848" HPOS="1086" CONTENT="ta"/>
               </TextLine>
               <TextLine ID="r2l17"
                         BASELINE="946"
                         HEIGHT="53"
                         WIDTH="708"
                         VPOS="893"
                         HPOS="430">
                  <String HEIGHT="53" WIDTH="105" VPOS="893" HPOS="415" CONTENT="le:"/>
                  <SP HEIGHT="53" WIDTH="15" VPOS="893" HPOS="520"/>
                  <String HEIGHT="53"
                          WIDTH="121"
                          VPOS="893"
                          HPOS="475"
                          CONTENT="vnde"/>
                  <SP HEIGHT="53" WIDTH="15" VPOS="893" HPOS="596"/>
                  <String HEIGHT="53"
                          WIDTH="136"
                          VPOS="893"
                          HPOS="551"
                          CONTENT="talis"/>
                  <SP HEIGHT="53" WIDTH="15" VPOS="893" HPOS="686"/>
                  <String HEIGHT="53"
                          WIDTH="136"
                          VPOS="893"
                          HPOS="641"
                          CONTENT="actio"/>
                  <SP HEIGHT="53" WIDTH="15" VPOS="893" HPOS="776"/>
                  <String HEIGHT="53"
                          WIDTH="196"
                          VPOS="893"
                          HPOS="731"
                          CONTENT="causetur."/>
                  <SP HEIGHT="53" WIDTH="15" VPOS="893" HPOS="927"/>
                  <String HEIGHT="53" WIDTH="105" VPOS="893" HPOS="882" CONTENT="vel"/>
                  <SP HEIGHT="53" WIDTH="15" VPOS="893" HPOS="987"/>
                  <String HEIGHT="53" WIDTH="105" VPOS="893" HPOS="942" CONTENT="per"/>
                  <SP HEIGHT="53" WIDTH="15" VPOS="893" HPOS="1048"/>
                  <String HEIGHT="53"
                          WIDTH="151"
                          VPOS="893"
                          HPOS="987"
                          CONTENT="actionem"/>
               </TextLine>
               <TextLine ID="r2l18"
                         BASELINE="986"
                         HEIGHT="57"
                         WIDTH="709"
                         VPOS="929"
                         HPOS="441">
                  <String HEIGHT="57"
                          WIDTH="222"
                          VPOS="929"
                          HPOS="426"
                          CONTENT="transeuntem"/>
                  <SP HEIGHT="57" WIDTH="15" VPOS="929" HPOS="648"/>
                  <String HEIGHT="57"
                          WIDTH="207"
                          VPOS="929"
                          HPOS="603"
                          CONTENT="intelligit"/>
                  <SP HEIGHT="57" WIDTH="15" VPOS="929" HPOS="810"/>
                  <String HEIGHT="57"
                          WIDTH="133"
                          VPOS="929"
                          HPOS="766"
                          CONTENT="illam"/>
                  <SP HEIGHT="57" WIDTH="15" VPOS="929" HPOS="899"/>
                  <String HEIGHT="57" WIDTH="103" VPOS="929" HPOS="855" CONTENT="per"/>
                  <SP HEIGHT="57" WIDTH="15" VPOS="929" HPOS="958"/>
                  <String HEIGHT="57"
                          WIDTH="118"
                          VPOS="929"
                          HPOS="914"
                          CONTENT="quam"/>
                  <SP HEIGHT="57" WIDTH="15" VPOS="929" HPOS="1032"/>
                  <String HEIGHT="57"
                          WIDTH="162"
                          VPOS="929"
                          HPOS="988"
                          CONTENT="aliquid"/>
                  <SP HEIGHT="57" WIDTH="15" VPOS="929" HPOS="1150"/>
                  <String HEIGHT="57" WIDTH="59" VPOS="929" HPOS="1091" CONTENT="ex"/>
               </TextLine>
               <TextLine ID="r2l19"
                         BASELINE="1033"
                         HEIGHT="61"
                         WIDTH="710"
                         VPOS="972"
                         HPOS="432">
                  <String HEIGHT="61" WIDTH="97" VPOS="972" HPOS="418" CONTENT="tra"/>
                  <SP HEIGHT="61" WIDTH="14" VPOS="972" HPOS="516"/>
                  <String HEIGHT="61"
                          WIDTH="139"
                          VPOS="972"
                          HPOS="474"
                          CONTENT="animam"/>
                  <SP HEIGHT="61" WIDTH="14" VPOS="972" HPOS="613"/>
                  <String HEIGHT="61"
                          WIDTH="195"
                          VPOS="972"
                          HPOS="571"
                          CONTENT="producitur"/>
                  <SP HEIGHT="61" WIDTH="14" VPOS="972" HPOS="766"/>
                  <String HEIGHT="61"
                          WIDTH="125"
                          VPOS="972"
                          HPOS="724"
                          CONTENT="sicut"/>
                  <SP HEIGHT="61" WIDTH="14" VPOS="972" HPOS="850"/>
                  <String HEIGHT="61"
                          WIDTH="167"
                          VPOS="972"
                          HPOS="808"
                          CONTENT="scribere"/>
                  <SP HEIGHT="61" WIDTH="14" VPOS="972" HPOS="975"/>
                  <String HEIGHT="61" WIDTH="84" VPOS="972" HPOS="933" CONTENT="et"/>
                  <SP HEIGHT="61" WIDTH="14" VPOS="972" HPOS="1017"/>
                  <String HEIGHT="61"
                          WIDTH="153"
                          VPOS="972"
                          HPOS="975"
                          CONTENT="aliquid"/>
                  <SP HEIGHT="61" WIDTH="14" VPOS="972" HPOS="1128"/>
                  <String HEIGHT="61"
                          WIDTH="70"
                          VPOS="972"
                          HPOS="1072"
                          CONTENT="hu"
                          SUBS_TYPE="HypPart1"
                          SUBS_CONTENT="huiusmodi."/>
                  <HYP CONTENT="-"/>
               </TextLine>
               <TextLine ID="r2l20"
                         BASELINE="1078"
                         HEIGHT="63"
                         WIDTH="706"
                         VPOS="1015"
                         HPOS="438">
                  <String HEIGHT="63"
                          WIDTH="184"
                          VPOS="1015"
                          HPOS="423"
                          CONTENT="iusmodi."
                          SUBS_TYPE="HypPart2"
                          SUBS_CONTENT="huiusmodi."/>
                  <SP HEIGHT="63" WIDTH="15" VPOS="1015" HPOS="607"/>
                  <String HEIGHT="63" WIDTH="77" VPOS="1015" HPOS="561" CONTENT="⁋"/>
                  <SP HEIGHT="63" WIDTH="15" VPOS="1015" HPOS="638"/>
                  <String HEIGHT="63" WIDTH="92" VPOS="1015" HPOS="591" CONTENT="Ad"/>
                  <SP HEIGHT="63" WIDTH="15" VPOS="1015" HPOS="684"/>
                  <String HEIGHT="63"
                          WIDTH="138"
                          VPOS="1015"
                          HPOS="638"
                          CONTENT="aliud"/>
                  <SP HEIGHT="63" WIDTH="15" VPOS="1015" HPOS="776"/>
                  <String HEIGHT="63"
                          WIDTH="169"
                          VPOS="1015"
                          HPOS="730"
                          CONTENT="concedo"/>
                  <SP HEIGHT="63" WIDTH="15" VPOS="1015" HPOS="898"/>
                  <String HEIGHT="63"
                          WIDTH="123"
                          VPOS="1015"
                          HPOS="852"
                          CONTENT="quod"/>
                  <SP HEIGHT="63" WIDTH="15" VPOS="1015" HPOS="975"/>
                  <String HEIGHT="63" WIDTH="77" VPOS="1015" HPOS="929" CONTENT="a"/>
                  <SP HEIGHT="63" WIDTH="15" VPOS="1015" HPOS="1006"/>
                  <String HEIGHT="63"
                          WIDTH="200"
                          VPOS="1015"
                          HPOS="944"
                          CONTENT="cognoscente"/>
               </TextLine>
               <TextLine ID="r2l21"
                         BASELINE="1126"
                         HEIGHT="66"
                         WIDTH="722"
                         VPOS="1060"
                         HPOS="434">
                  <String HEIGHT="66" WIDTH="88" VPOS="1060" HPOS="419" CONTENT="et"/>
                  <SP HEIGHT="66" WIDTH="15" VPOS="1060" HPOS="508"/>
                  <String HEIGHT="66"
                          WIDTH="162"
                          VPOS="1060"
                          HPOS="463"
                          CONTENT="cognito"/>
                  <SP HEIGHT="66" WIDTH="15" VPOS="1060" HPOS="626"/>
                  <String HEIGHT="66"
                          WIDTH="162"
                          VPOS="1060"
                          HPOS="581"
                          CONTENT="paritur"/>
                  <SP HEIGHT="66" WIDTH="15" VPOS="1060" HPOS="743"/>
                  <String HEIGHT="66"
                          WIDTH="177"
                          VPOS="1060"
                          HPOS="699"
                          CONTENT="notitia:"/>
                  <SP HEIGHT="66" WIDTH="15" VPOS="1060" HPOS="876"/>
                  <String HEIGHT="66"
                          WIDTH="103"
                          VPOS="1060"
                          HPOS="832"
                          CONTENT="sed"/>
                  <SP HEIGHT="66" WIDTH="15" VPOS="1060" HPOS="935"/>
                  <String HEIGHT="66"
                          WIDTH="236"
                          VPOS="1060"
                          HPOS="891"
                          CONTENT="diuersimode:"/>
                  <SP HEIGHT="66" WIDTH="15" VPOS="1060" HPOS="1127"/>
                  <String HEIGHT="66"
                          WIDTH="88"
                          VPOS="1060"
                          HPOS="1068"
                          CONTENT="quia"/>
               </TextLine>
               <TextLine ID="r2l22"
                         BASELINE="1164"
                         HEIGHT="61"
                         WIDTH="725"
                         VPOS="1103"
                         HPOS="429">
                  <String HEIGHT="61" WIDTH="79" VPOS="1103" HPOS="413" CONTENT="a"/>
                  <SP HEIGHT="61" WIDTH="16" VPOS="1103" HPOS="492"/>
                  <String HEIGHT="61"
                          WIDTH="236"
                          VPOS="1103"
                          HPOS="445"
                          CONTENT="cognoscente"/>
                  <SP HEIGHT="61" WIDTH="16" VPOS="1103" HPOS="681"/>
                  <String HEIGHT="61"
                          WIDTH="142"
                          VPOS="1103"
                          HPOS="634"
                          CONTENT="sicut"/>
                  <SP HEIGHT="61" WIDTH="16" VPOS="1103" HPOS="776"/>
                  <String HEIGHT="61" WIDTH="79" VPOS="1103" HPOS="728" CONTENT="a"/>
                  <SP HEIGHT="61" WIDTH="16" VPOS="1103" HPOS="807"/>
                  <String HEIGHT="61"
                          WIDTH="173"
                          VPOS="1103"
                          HPOS="760"
                          CONTENT="materia"/>
                  <SP HEIGHT="61" WIDTH="16" VPOS="1103" HPOS="933"/>
                  <String HEIGHT="61"
                          WIDTH="173"
                          VPOS="1103"
                          HPOS="886"
                          CONTENT="propria"/>
                  <SP HEIGHT="61" WIDTH="16" VPOS="1103" HPOS="1059"/>
                  <String HEIGHT="61"
                          WIDTH="158"
                          VPOS="1103"
                          HPOS="996"
                          CONTENT="recipien"/>
               </TextLine>
               <TextLine ID="r2l23"
                         BASELINE="1208"
                         HEIGHT="62"
                         WIDTH="727"
                         VPOS="1146"
                         HPOS="429">
                  <String HEIGHT="62" WIDTH="79" VPOS="1146" HPOS="416" CONTENT="te"/>
                  <SP HEIGHT="62" WIDTH="13" VPOS="1146" HPOS="495"/>
                  <String HEIGHT="62" WIDTH="79" VPOS="1146" HPOS="455" CONTENT="et"/>
                  <SP HEIGHT="62" WIDTH="13" VPOS="1146" HPOS="535"/>
                  <String HEIGHT="62" WIDTH="66" VPOS="1146" HPOS="495" CONTENT="a"/>
                  <SP HEIGHT="62" WIDTH="13" VPOS="1146" HPOS="561"/>
                  <String HEIGHT="62"
                          WIDTH="145"
                          VPOS="1146"
                          HPOS="522"
                          CONTENT="cognito"/>
                  <SP HEIGHT="62" WIDTH="13" VPOS="1146" HPOS="667"/>
                  <String HEIGHT="62"
                          WIDTH="119"
                          VPOS="1146"
                          HPOS="627"
                          CONTENT="sicut"/>
                  <SP HEIGHT="62" WIDTH="13" VPOS="1146" HPOS="746"/>
                  <String HEIGHT="62" WIDTH="66" VPOS="1146" HPOS="707" CONTENT="a"/>
                  <SP HEIGHT="62" WIDTH="13" VPOS="1146" HPOS="773"/>
                  <String HEIGHT="62"
                          WIDTH="119"
                          VPOS="1146"
                          HPOS="733"
                          CONTENT="causa"/>
                  <SP HEIGHT="62" WIDTH="13" VPOS="1146" HPOS="852"/>
                  <String HEIGHT="62"
                          WIDTH="198"
                          VPOS="1146"
                          HPOS="812"
                          CONTENT="efficiente:"/>
                  <SP HEIGHT="62" WIDTH="13" VPOS="1146" HPOS="1011"/>
                  <String HEIGHT="62" WIDTH="79" VPOS="1146" HPOS="971" CONTENT="et"/>
                  <SP HEIGHT="62" WIDTH="13" VPOS="1146" HPOS="1050"/>
                  <String HEIGHT="62"
                          WIDTH="106"
                          VPOS="1146"
                          HPOS="1011"
                          CONTENT="ideo"/>
                  <SP HEIGHT="62" WIDTH="13" VPOS="1146" HPOS="1116"/>
                  <String HEIGHT="62"
                          WIDTH="93"
                          VPOS="1146"
                          HPOS="1063"
                          CONTENT="vtrum"/>
               </TextLine>
               <TextLine ID="r2l24"
                         BASELINE="1260"
                         HEIGHT="70"
                         WIDTH="724"
                         VPOS="1190"
                         HPOS="435">
                  <String HEIGHT="70" WIDTH="99" VPOS="1190" HPOS="421" CONTENT="que"/>
                  <SP HEIGHT="70" WIDTH="14" VPOS="1190" HPOS="520"/>
                  <String HEIGHT="70" WIDTH="99" VPOS="1190" HPOS="478" CONTENT="est"/>
                  <SP HEIGHT="70" WIDTH="14" VPOS="1190" HPOS="577"/>
                  <String HEIGHT="70"
                          WIDTH="142"
                          VPOS="1190"
                          HPOS="534"
                          CONTENT="causa:"/>
                  <SP HEIGHT="70" WIDTH="14" VPOS="1190" HPOS="676"/>
                  <String HEIGHT="70"
                          WIDTH="114"
                          VPOS="1190"
                          HPOS="634"
                          CONTENT="quia"/>
                  <SP HEIGHT="70" WIDTH="14" VPOS="1190" HPOS="747"/>
                  <String HEIGHT="70"
                          WIDTH="114"
                          VPOS="1190"
                          HPOS="705"
                          CONTENT="vnum"/>
                  <SP HEIGHT="70" WIDTH="14" VPOS="1190" HPOS="818"/>
                  <String HEIGHT="70"
                          WIDTH="199"
                          VPOS="1190"
                          HPOS="776"
                          CONTENT="efficiens:"/>
                  <SP HEIGHT="70" WIDTH="14" VPOS="1190" HPOS="974"/>
                  <String HEIGHT="70" WIDTH="85" VPOS="1190" HPOS="932" CONTENT="et"/>
                  <SP HEIGHT="70" WIDTH="14" VPOS="1190" HPOS="1017"/>
                  <String HEIGHT="70"
                          WIDTH="128"
                          VPOS="1190"
                          HPOS="974"
                          CONTENT="aliud"/>
                  <SP HEIGHT="70" WIDTH="14" VPOS="1190" HPOS="1102"/>
                  <String HEIGHT="70"
                          WIDTH="114"
                          VPOS="1190"
                          HPOS="1045"
                          CONTENT="materi"/>
               </TextLine>
               <TextLine ID="r2l25"
                         BASELINE="1294"
                         HEIGHT="50"
                         WIDTH="723"
                         VPOS="1244"
                         HPOS="442">
                  <String HEIGHT="50"
                          WIDTH="111"
                          VPOS="1244"
                          HPOS="428"
                          CONTENT="ale."/>
                  <SP HEIGHT="50" WIDTH="14" VPOS="1244" HPOS="539"/>
                  <String HEIGHT="50"
                          WIDTH="139"
                          VPOS="1244"
                          HPOS="498"
                          CONTENT="Aliter"/>
                  <SP HEIGHT="50" WIDTH="14" VPOS="1244" HPOS="637"/>
                  <String HEIGHT="50"
                          WIDTH="139"
                          VPOS="1244"
                          HPOS="595"
                          CONTENT="potest"/>
                  <SP HEIGHT="50" WIDTH="14" VPOS="1244" HPOS="734"/>
                  <String HEIGHT="50"
                          WIDTH="111"
                          VPOS="1244"
                          HPOS="692"
                          CONTENT="dici"/>
                  <SP HEIGHT="50" WIDTH="14" VPOS="1244" HPOS="804"/>
                  <String HEIGHT="50"
                          WIDTH="111"
                          VPOS="1244"
                          HPOS="762"
                          CONTENT="quod"/>
                  <SP HEIGHT="50" WIDTH="14" VPOS="1244" HPOS="873"/>
                  <String HEIGHT="50"
                          WIDTH="111"
                          VPOS="1244"
                          HPOS="831"
                          CONTENT="illa"/>
                  <SP HEIGHT="50" WIDTH="14" VPOS="1244" HPOS="943"/>
                  <String HEIGHT="50"
                          WIDTH="167"
                          VPOS="1244"
                          HPOS="901"
                          CONTENT="fundatur"/>
                  <SP HEIGHT="50" WIDTH="14" VPOS="1244" HPOS="1068"/>
                  <String HEIGHT="50"
                          WIDTH="125"
                          VPOS="1244"
                          HPOS="1026"
                          CONTENT="super"/>
                  <SP HEIGHT="50" WIDTH="14" VPOS="1244" HPOS="1151"/>
                  <String HEIGHT="50"
                          WIDTH="70"
                          VPOS="1244"
                          HPOS="1095"
                          CONTENT="au"
                          SUBS_TYPE="HypPart1"
                          SUBS_CONTENT="auctoritate:"/>
                  <HYP CONTENT="-"/>
               </TextLine>
               <TextLine ID="r2l26"
                         BASELINE="1344"
                         HEIGHT="67"
                         WIDTH="704"
                         VPOS="1277"
                         HPOS="449">
                  <String HEIGHT="67"
                          WIDTH="197"
                          VPOS="1277"
                          HPOS="435"
                          CONTENT="ctoritate:"
                          SUBS_TYPE="HypPart2"
                          SUBS_CONTENT="auctoritate:"/>
                  <SP HEIGHT="67" WIDTH="14" VPOS="1277" HPOS="632"/>
                  <String HEIGHT="67" WIDTH="84" VPOS="1277" HPOS="590" CONTENT="et"/>
                  <SP HEIGHT="67" WIDTH="14" VPOS="1277" HPOS="674"/>
                  <String HEIGHT="67"
                          WIDTH="113"
                          VPOS="1277"
                          HPOS="632"
                          CONTENT="ideo"/>
                  <SP HEIGHT="67" WIDTH="14" VPOS="1277" HPOS="745"/>
                  <String HEIGHT="67"
                          WIDTH="127"
                          VPOS="1277"
                          HPOS="702"
                          CONTENT="nihil"/>
                  <SP HEIGHT="67" WIDTH="14" VPOS="1277" HPOS="829"/>
                  <String HEIGHT="67" WIDTH="84" VPOS="1277" HPOS="787" CONTENT="ad"/>
                  <SP HEIGHT="67" WIDTH="14" VPOS="1277" HPOS="871"/>
                  <String HEIGHT="67"
                          WIDTH="211"
                          VPOS="1277"
                          HPOS="829"
                          CONTENT="propositum."/>
                  <SP HEIGHT="67" WIDTH="14" VPOS="1277" HPOS="1040"/>
                  <String HEIGHT="67" WIDTH="70" VPOS="1277" HPOS="998" CONTENT="⁋"/>
                  <SP HEIGHT="67" WIDTH="14" VPOS="1277" HPOS="1069"/>
                  <String HEIGHT="67" WIDTH="84" VPOS="1277" HPOS="1026" CONTENT="Ad"/>
                  <SP HEIGHT="67" WIDTH="14" VPOS="1277" HPOS="1111"/>
                  <String HEIGHT="67"
                          WIDTH="99"
                          VPOS="1277"
                          HPOS="1054"
                          CONTENT="aliud"/>
               </TextLine>
               <TextLine ID="r2l27"
                         BASELINE="1386"
                         HEIGHT="60"
                         WIDTH="714"
                         VPOS="1326"
                         HPOS="448">
                  <String HEIGHT="60"
                          WIDTH="117"
                          VPOS="1326"
                          HPOS="433"
                          CONTENT="dico"/>
                  <SP HEIGHT="60" WIDTH="15" VPOS="1326" HPOS="550"/>
                  <String HEIGHT="60"
                          WIDTH="117"
                          VPOS="1326"
                          HPOS="506"
                          CONTENT="quod"/>
                  <SP HEIGHT="60" WIDTH="15" VPOS="1326" HPOS="623"/>
                  <String HEIGHT="60" WIDTH="87" VPOS="1326" HPOS="579" CONTENT="si"/>
                  <SP HEIGHT="60" WIDTH="15" VPOS="1326" HPOS="667"/>
                  <String HEIGHT="60"
                          WIDTH="102"
                          VPOS="1326"
                          HPOS="623"
                          CONTENT="res"/>
                  <SP HEIGHT="60" WIDTH="15" VPOS="1326" HPOS="725"/>
                  <String HEIGHT="60"
                          WIDTH="102"
                          VPOS="1326"
                          HPOS="681"
                          CONTENT="sit"/>
                  <SP HEIGHT="60" WIDTH="15" VPOS="1326" HPOS="783"/>
                  <String HEIGHT="60"
                          WIDTH="189"
                          VPOS="1326"
                          HPOS="739"
                          CONTENT="equaliter"/>
                  <SP HEIGHT="60" WIDTH="15" VPOS="1326" HPOS="929"/>
                  <String HEIGHT="60"
                          WIDTH="160"
                          VPOS="1326"
                          HPOS="885"
                          CONTENT="presens"/>
                  <SP HEIGHT="60" WIDTH="15" VPOS="1326" HPOS="1045"/>
                  <String HEIGHT="60"
                          WIDTH="146"
                          VPOS="1326"
                          HPOS="1002"
                          CONTENT="angelo"/>
                  <SP HEIGHT="60" WIDTH="15" VPOS="1326" HPOS="1147"/>
                  <String HEIGHT="60"
                          WIDTH="73"
                          VPOS="1326"
                          HPOS="1089"
                          CONTENT="vno"/>
               </TextLine>
               <TextLine ID="r2l28"
                         BASELINE="1427"
                         HEIGHT="55"
                         WIDTH="721"
                         VPOS="1372"
                         HPOS="446">
                  <String HEIGHT="55"
                          WIDTH="156"
                          VPOS="1372"
                          HPOS="432"
                          CONTENT="tempore"/>
                  <SP HEIGHT="55" WIDTH="14" VPOS="1372" HPOS="587"/>
                  <String HEIGHT="55" WIDTH="85" VPOS="1372" HPOS="545" CONTENT="et"/>
                  <SP HEIGHT="55" WIDTH="14" VPOS="1372" HPOS="630"/>
                  <String HEIGHT="55"
                          WIDTH="127"
                          VPOS="1372"
                          HPOS="587"
                          CONTENT="alio:"/>
                  <SP HEIGHT="55" WIDTH="14" VPOS="1372" HPOS="715"/>
                  <String HEIGHT="55"
                          WIDTH="127"
                          VPOS="1372"
                          HPOS="672"
                          CONTENT="causa"/>
                  <SP HEIGHT="55" WIDTH="14" VPOS="1372" HPOS="799"/>
                  <String HEIGHT="55"
                          WIDTH="127"
                          VPOS="1372"
                          HPOS="757"
                          CONTENT="quare"/>
                  <SP HEIGHT="55" WIDTH="14" VPOS="1372" HPOS="884"/>
                  <String HEIGHT="55"
                          WIDTH="113"
                          VPOS="1372"
                          HPOS="842"
                          CONTENT="plus"/>
                  <SP HEIGHT="55" WIDTH="14" VPOS="1372" HPOS="955"/>
                  <String HEIGHT="55"
                          WIDTH="170"
                          VPOS="1372"
                          HPOS="913"
                          CONTENT="causatur"/>
                  <SP HEIGHT="55" WIDTH="14" VPOS="1372" HPOS="1082"/>
                  <String HEIGHT="55"
                          WIDTH="113"
                          VPOS="1372"
                          HPOS="1040"
                          CONTENT="nunc"/>
                  <SP HEIGHT="55" WIDTH="14" VPOS="1372" HPOS="1153"/>
                  <String HEIGHT="55"
                          WIDTH="71"
                          VPOS="1372"
                          HPOS="1096"
                          CONTENT="co"
                          SUBS_TYPE="HypPart1"
                          SUBS_CONTENT="cognitio"/>
                  <HYP CONTENT="-"/>
               </TextLine>
               <TextLine ID="r2l29"
                         BASELINE="1481"
                         HEIGHT="62"
                         WIDTH="716"
                         VPOS="1419"
                         HPOS="441">
                  <String HEIGHT="62"
                          WIDTH="130"
                          VPOS="1419"
                          HPOS="428"
                          CONTENT="gnitio"
                          SUBS_TYPE="HypPart2"
                          SUBS_CONTENT="cognitio"/>
                  <SP HEIGHT="62" WIDTH="13" VPOS="1419" HPOS="558"/>
                  <String HEIGHT="62"
                          WIDTH="104"
                          VPOS="1419"
                          HPOS="519"
                          CONTENT="quam"/>
                  <SP HEIGHT="62" WIDTH="13" VPOS="1419" HPOS="623"/>
                  <String HEIGHT="62"
                          WIDTH="117"
                          VPOS="1419"
                          HPOS="584"
                          CONTENT="alias"/>
                  <SP HEIGHT="62" WIDTH="13" VPOS="1419" HPOS="701"/>
                  <String HEIGHT="62" WIDTH="91" VPOS="1419" HPOS="662" CONTENT="est"/>
                  <SP HEIGHT="62" WIDTH="13" VPOS="1419" HPOS="753"/>
                  <String HEIGHT="62"
                          WIDTH="143"
                          VPOS="1419"
                          HPOS="714"
                          CONTENT="volitio"/>
                  <SP HEIGHT="62" WIDTH="13" VPOS="1419" HPOS="858"/>
                  <String HEIGHT="62"
                          WIDTH="104"
                          VPOS="1419"
                          HPOS="819"
                          CONTENT="quia"/>
                  <SP HEIGHT="62" WIDTH="13" VPOS="1419" HPOS="923"/>
                  <String HEIGHT="62"
                          WIDTH="156"
                          VPOS="1419"
                          HPOS="884"
                          CONTENT="scilicet"/>
                  <SP HEIGHT="62" WIDTH="13" VPOS="1419" HPOS="1040"/>
                  <String HEIGHT="62"
                          WIDTH="91"
                          VPOS="1419"
                          HPOS="1001"
                          CONTENT="vno"/>
                  <SP HEIGHT="62" WIDTH="13" VPOS="1419" HPOS="1092"/>
                  <String HEIGHT="62"
                          WIDTH="117"
                          VPOS="1419"
                          HPOS="1040"
                          CONTENT="tempore"/>
               </TextLine>
               <TextLine ID="r2l30"
                         BASELINE="1516"
                         HEIGHT="65"
                         WIDTH="715"
                         VPOS="1451"
                         HPOS="450">
                  <String HEIGHT="65"
                          WIDTH="102"
                          VPOS="1451"
                          HPOS="437"
                          CONTENT="vult"/>
                  <SP HEIGHT="65" WIDTH="13" VPOS="1451" HPOS="539"/>
                  <String HEIGHT="65"
                          WIDTH="192"
                          VPOS="1451"
                          HPOS="501"
                          CONTENT="intelligere"/>
                  <SP HEIGHT="65" WIDTH="13" VPOS="1451" HPOS="693"/>
                  <String HEIGHT="65" WIDTH="89" VPOS="1451" HPOS="654" CONTENT="hoc"/>
                  <SP HEIGHT="65" WIDTH="13" VPOS="1451" HPOS="744"/>
                  <String HEIGHT="65" WIDTH="77" VPOS="1451" HPOS="705" CONTENT="et"/>
                  <SP HEIGHT="65" WIDTH="13" VPOS="1451" HPOS="782"/>
                  <String HEIGHT="65"
                          WIDTH="102"
                          VPOS="1451"
                          HPOS="744"
                          CONTENT="alio"/>
                  <SP HEIGHT="65" WIDTH="13" VPOS="1451" HPOS="846"/>
                  <String HEIGHT="65"
                          WIDTH="102"
                          VPOS="1451"
                          HPOS="808"
                          CONTENT="non:"/>
                  <SP HEIGHT="65" WIDTH="13" VPOS="1451" HPOS="910"/>
                  <String HEIGHT="65" WIDTH="77" VPOS="1451" HPOS="871" CONTENT="et"/>
                  <SP HEIGHT="65" WIDTH="13" VPOS="1451" HPOS="948"/>
                  <String HEIGHT="65"
                          WIDTH="102"
                          VPOS="1451"
                          HPOS="910"
                          CONTENT="quod"/>
                  <SP HEIGHT="65" WIDTH="13" VPOS="1451" HPOS="1012"/>
                  <String HEIGHT="65" WIDTH="89" VPOS="1451" HPOS="973" CONTENT="hoc"/>
                  <SP HEIGHT="65" WIDTH="13" VPOS="1451" HPOS="1063"/>
                  <String HEIGHT="65"
                          WIDTH="102"
                          VPOS="1451"
                          HPOS="1025"
                          CONTENT="siti"/>
                  <SP HEIGHT="65" WIDTH="13" VPOS="1451" HPOS="1127"/>
                  <String HEIGHT="65"
                          WIDTH="89"
                          VPOS="1451"
                          HPOS="1076"
                          CONTENT="verum"/>
               </TextLine>
               <TextLine ID="r2l31"
                         BASELINE="1569"
                         HEIGHT="73"
                         WIDTH="716"
                         VPOS="1496"
                         HPOS="446">
                  <String HEIGHT="73"
                          WIDTH="130"
                          VPOS="1496"
                          HPOS="433"
                          CONTENT="patet:"/>
                  <SP HEIGHT="73" WIDTH="13" VPOS="1496" HPOS="563"/>
                  <String HEIGHT="73"
                          WIDTH="104"
                          VPOS="1496"
                          HPOS="524"
                          CONTENT="quia"/>
                  <SP HEIGHT="73" WIDTH="13" VPOS="1496" HPOS="628"/>
                  <String HEIGHT="73"
                          WIDTH="221"
                          VPOS="1496"
                          HPOS="589"
                          CONTENT="quantumcunque"/>
                  <SP HEIGHT="73" WIDTH="13" VPOS="1496" HPOS="811"/>
                  <String HEIGHT="73"
                          WIDTH="143"
                          VPOS="1496"
                          HPOS="771"
                          CONTENT="ponatur"/>
                  <SP HEIGHT="73" WIDTH="13" VPOS="1496" HPOS="915"/>
                  <String HEIGHT="73"
                          WIDTH="104"
                          VPOS="1496"
                          HPOS="876"
                          CONTENT="quod"/>
                  <SP HEIGHT="73" WIDTH="13" VPOS="1496" HPOS="980"/>
                  <String HEIGHT="73"
                          WIDTH="195"
                          VPOS="1496"
                          HPOS="941"
                          CONTENT="intellectus"/>
                  <SP HEIGHT="73" WIDTH="13" VPOS="1496" HPOS="1136"/>
                  <String HEIGHT="73"
                          WIDTH="78"
                          VPOS="1496"
                          HPOS="1084"
                          CONTENT="com"
                          SUBS_TYPE="HypPart1"
                          SUBS_CONTENT="comcurrat"/>
                  <HYP CONTENT="-"/>
               </TextLine>
               <TextLine ID="r2l32"
                         BASELINE="1608"
                         HEIGHT="67"
                         WIDTH="703"
                         VPOS="1541"
                         HPOS="455">
                  <String HEIGHT="67"
                          WIDTH="153"
                          VPOS="1541"
                          HPOS="440"
                          CONTENT="currat"
                          SUBS_TYPE="HypPart2"
                          SUBS_CONTENT="comcurrat"/>
                  <SP HEIGHT="67" WIDTH="15" VPOS="1541" HPOS="593"/>
                  <String HEIGHT="67"
                          WIDTH="107"
                          VPOS="1541"
                          HPOS="547"
                          CONTENT="cum"/>
                  <SP HEIGHT="67" WIDTH="15" VPOS="1541" HPOS="654"/>
                  <String HEIGHT="67"
                          WIDTH="168"
                          VPOS="1541"
                          HPOS="608"
                          CONTENT="obiecto"/>
                  <SP HEIGHT="67" WIDTH="15" VPOS="1541" HPOS="776"/>
                  <String HEIGHT="67" WIDTH="92" VPOS="1541" HPOS="730" CONTENT="ad"/>
                  <SP HEIGHT="67" WIDTH="15" VPOS="1541" HPOS="822"/>
                  <String HEIGHT="67"
                          WIDTH="199"
                          VPOS="1541"
                          HPOS="776"
                          CONTENT="causandum"/>
                  <SP HEIGHT="67" WIDTH="15" VPOS="1541" HPOS="975"/>
                  <String HEIGHT="67"
                          WIDTH="138"
                          VPOS="1541"
                          HPOS="929"
                          CONTENT="adhuc"/>
                  <SP HEIGHT="67" WIDTH="15" VPOS="1541" HPOS="1066"/>
                  <String HEIGHT="67"
                          WIDTH="107"
                          VPOS="1541"
                          HPOS="1020"
                          CONTENT="vno"/>
                  <SP HEIGHT="67" WIDTH="15" VPOS="1541" HPOS="1127"/>
                  <String HEIGHT="67"
                          WIDTH="92"
                          VPOS="1541"
                          HPOS="1066"
                          CONTENT="ten"
                          SUBS_TYPE="HypPart1"
                          SUBS_CONTENT="tenpore"/>
                  <HYP CONTENT="-"/>
               </TextLine>
               <TextLine ID="r2l33"
                         BASELINE="1655"
                         HEIGHT="68"
                         WIDTH="713"
                         VPOS="1587"
                         HPOS="444">
                  <String HEIGHT="68"
                          WIDTH="114"
                          VPOS="1587"
                          HPOS="430"
                          CONTENT="pore"
                          SUBS_TYPE="HypPart2"
                          SUBS_CONTENT="tenpore"/>
                  <SP HEIGHT="68" WIDTH="14" VPOS="1587" HPOS="544"/>
                  <String HEIGHT="68"
                          WIDTH="200"
                          VPOS="1587"
                          HPOS="501"
                          CONTENT="intelligit"/>
                  <SP HEIGHT="68" WIDTH="14" VPOS="1587" HPOS="701"/>
                  <String HEIGHT="68"
                          WIDTH="128"
                          VPOS="1587"
                          HPOS="658"
                          CONTENT="illud"/>
                  <SP HEIGHT="68" WIDTH="14" VPOS="1587" HPOS="786"/>
                  <String HEIGHT="68"
                          WIDTH="171"
                          VPOS="1587"
                          HPOS="743"
                          CONTENT="obiectum"/>
                  <SP HEIGHT="68" WIDTH="14" VPOS="1587" HPOS="915"/>
                  <String HEIGHT="68" WIDTH="86" VPOS="1587" HPOS="872" CONTENT="et"/>
                  <SP HEIGHT="68" WIDTH="14" VPOS="1587" HPOS="957"/>
                  <String HEIGHT="68"
                          WIDTH="114"
                          VPOS="1587"
                          HPOS="915"
                          CONTENT="alio"/>
                  <SP HEIGHT="68" WIDTH="14" VPOS="1587" HPOS="1029"/>
                  <String HEIGHT="68"
                          WIDTH="157"
                          VPOS="1587"
                          HPOS="986"
                          CONTENT="tempore"/>
                  <SP HEIGHT="68" WIDTH="14" VPOS="1587" HPOS="1143"/>
                  <String HEIGHT="68"
                          WIDTH="71"
                          VPOS="1587"
                          HPOS="1086"
                          CONTENT="non"/>
               </TextLine>
               <TextLine ID="r2l34"
                         BASELINE="1695"
                         HEIGHT="64"
                         WIDTH="700"
                         VPOS="1631"
                         HPOS="460">
                  <String HEIGHT="64"
                          WIDTH="131"
                          VPOS="1631"
                          HPOS="445"
                          CONTENT="ctiam"/>
                  <SP HEIGHT="64" WIDTH="15" VPOS="1631" HPOS="577"/>
                  <String HEIGHT="64"
                          WIDTH="146"
                          VPOS="1631"
                          HPOS="533"
                          CONTENT="posita"/>
                  <SP HEIGHT="64" WIDTH="15" VPOS="1631" HPOS="679"/>
                  <String HEIGHT="64"
                          WIDTH="146"
                          VPOS="1631"
                          HPOS="635"
                          CONTENT="semper"/>
                  <SP HEIGHT="64" WIDTH="15" VPOS="1631" HPOS="781"/>
                  <String HEIGHT="64"
                          WIDTH="146"
                          VPOS="1631"
                          HPOS="737"
                          CONTENT="equali"/>
                  <SP HEIGHT="64" WIDTH="15" VPOS="1631" HPOS="883"/>
                  <String HEIGHT="64"
                          WIDTH="277"
                          VPOS="1631"
                          HPOS="839"
                          CONTENT="approximatione:"/>
                  <SP HEIGHT="64" WIDTH="15" VPOS="1631" HPOS="1116"/>
                  <String HEIGHT="64"
                          WIDTH="102"
                          VPOS="1631"
                          HPOS="1058"
                          CONTENT="sicut"/>
               </TextLine>
               <TextLine ID="r2l35"
                         BASELINE="1738"
                         HEIGHT="53"
                         WIDTH="722"
                         VPOS="1685"
                         HPOS="453">
                  <String HEIGHT="53"
                          WIDTH="127"
                          VPOS="1685"
                          HPOS="439"
                          CONTENT="patet"/>
                  <SP HEIGHT="53" WIDTH="14" VPOS="1685" HPOS="566"/>
                  <String HEIGHT="53" WIDTH="99" VPOS="1685" HPOS="524" CONTENT="per"/>
                  <SP HEIGHT="53" WIDTH="14" VPOS="1685" HPOS="623"/>
                  <String HEIGHT="53"
                          WIDTH="227"
                          VPOS="1685"
                          HPOS="580"
                          CONTENT="experientiam"/>
                  <SP HEIGHT="53" WIDTH="14" VPOS="1685" HPOS="807"/>
                  <String HEIGHT="53" WIDTH="85" VPOS="1685" HPOS="764" CONTENT="in"/>
                  <SP HEIGHT="53" WIDTH="14" VPOS="1685" HPOS="849"/>
                  <String HEIGHT="53"
                          WIDTH="142"
                          VPOS="1685"
                          HPOS="807"
                          CONTENT="nobis:"/>
                  <SP HEIGHT="53" WIDTH="14" VPOS="1685" HPOS="948"/>
                  <String HEIGHT="53" WIDTH="99" VPOS="1685" HPOS="906" CONTENT="sed"/>
                  <SP HEIGHT="53" WIDTH="14" VPOS="1685" HPOS="1005"/>
                  <String HEIGHT="53"
                          WIDTH="184"
                          VPOS="1685"
                          HPOS="963"
                          CONTENT="huiusmodi"/>
                  <SP HEIGHT="53" WIDTH="14" VPOS="1685" HPOS="1147"/>
                  <String HEIGHT="53"
                          WIDTH="85"
                          VPOS="1685"
                          HPOS="1090"
                          CONTENT="cau"
                          SUBS_TYPE="HypPart1"
                          SUBS_CONTENT="causa"/>
                  <HYP CONTENT="-"/>
               </TextLine>
               <TextLine ID="r2l36"
                         BASELINE="1777"
                         HEIGHT="62"
                         WIDTH="733"
                         VPOS="1715"
                         HPOS="447">
                  <String HEIGHT="62"
                          WIDTH="92"
                          VPOS="1715"
                          HPOS="432"
                          CONTENT="sa"
                          SUBS_TYPE="HypPart2"
                          SUBS_CONTENT="causa"/>
                  <SP HEIGHT="62" WIDTH="15" VPOS="1715" HPOS="523"/>
                  <String HEIGHT="62"
                          WIDTH="107"
                          VPOS="1715"
                          HPOS="478"
                          CONTENT="non"/>
                  <SP HEIGHT="62" WIDTH="15" VPOS="1715" HPOS="584"/>
                  <String HEIGHT="62"
                          WIDTH="153"
                          VPOS="1715"
                          HPOS="539"
                          CONTENT="potest"/>
                  <SP HEIGHT="62" WIDTH="15" VPOS="1715" HPOS="691"/>
                  <String HEIGHT="62"
                          WIDTH="122"
                          VPOS="1715"
                          HPOS="646"
                          CONTENT="esse"/>
                  <SP HEIGHT="62" WIDTH="15" VPOS="1715" HPOS="768"/>
                  <String HEIGHT="62"
                          WIDTH="199"
                          VPOS="1715"
                          HPOS="722"
                          CONTENT="actiuitas"/>
                  <SP HEIGHT="62" WIDTH="15" VPOS="1715" HPOS="920"/>
                  <String HEIGHT="62"
                          WIDTH="244"
                          VPOS="1715"
                          HPOS="875"
                          CONTENT="intellectus:"/>
                  <SP HEIGHT="62" WIDTH="15" VPOS="1715" HPOS="1119"/>
                  <String HEIGHT="62"
                          WIDTH="107"
                          VPOS="1715"
                          HPOS="1073"
                          CONTENT="que"/>
                  <SP HEIGHT="62" WIDTH="15" VPOS="1715" HPOS="1180"/>
                  <String HEIGHT="62" WIDTH="61" VPOS="1715" HPOS="1119" CONTENT="si"/>
               </TextLine>
               <TextLine ID="r2l37"
                         BASELINE="1825"
                         HEIGHT="64"
                         WIDTH="724"
                         VPOS="1761"
                         HPOS="445">
                  <String HEIGHT="64"
                          WIDTH="114"
                          VPOS="1761"
                          HPOS="431"
                          CONTENT="agat"/>
                  <SP HEIGHT="64" WIDTH="14" VPOS="1761" HPOS="544"/>
                  <String HEIGHT="64"
                          WIDTH="213"
                          VPOS="1761"
                          HPOS="502"
                          CONTENT="naturaliter"/>
                  <SP HEIGHT="64" WIDTH="14" VPOS="1761" HPOS="715"/>
                  <String HEIGHT="64"
                          WIDTH="128"
                          VPOS="1761"
                          HPOS="672"
                          CONTENT="agit."/>
                  <SP HEIGHT="64" WIDTH="14" VPOS="1761" HPOS="800"/>
                  <String HEIGHT="64" WIDTH="85" VPOS="1761" HPOS="757" CONTENT="Et"/>
                  <SP HEIGHT="64" WIDTH="14" VPOS="1761" HPOS="842"/>
                  <String HEIGHT="64" WIDTH="99" VPOS="1761" HPOS="800" CONTENT="ita"/>
                  <SP HEIGHT="64" WIDTH="14" VPOS="1761" HPOS="899"/>
                  <String HEIGHT="64"
                          WIDTH="185"
                          VPOS="1761"
                          HPOS="857"
                          CONTENT="quicumque"/>
                  <SP HEIGHT="64" WIDTH="14" VPOS="1761" HPOS="1041"/>
                  <String HEIGHT="64"
                          WIDTH="156"
                          VPOS="1761"
                          HPOS="999"
                          CONTENT="quantum"/>
                  <SP HEIGHT="64" WIDTH="14" VPOS="1761" HPOS="1155"/>
                  <String HEIGHT="64"
                          WIDTH="71"
                          VPOS="1761"
                          HPOS="1098"
                          CONTENT="est"/>
               </TextLine>
               <TextLine ID="r2l38"
                         BASELINE="1861"
                         HEIGHT="54"
                         WIDTH="716"
                         VPOS="1807"
                         HPOS="452">
                  <String HEIGHT="54" WIDTH="93" VPOS="1807" HPOS="436" CONTENT="ex"/>
                  <SP HEIGHT="54" WIDTH="16" VPOS="1807" HPOS="530"/>
                  <String HEIGHT="54"
                          WIDTH="109"
                          VPOS="1807"
                          HPOS="483"
                          CONTENT="se."/>
                  <SP HEIGHT="54" WIDTH="16" VPOS="1807" HPOS="592"/>
                  <String HEIGHT="54"
                          WIDTH="125"
                          VPOS="1807"
                          HPOS="545"
                          CONTENT="ergo"/>
                  <SP HEIGHT="54" WIDTH="16" VPOS="1807" HPOS="670"/>
                  <String HEIGHT="54"
                          WIDTH="233"
                          VPOS="1807"
                          HPOS="623"
                          CONTENT="huiuscemodi"/>
                  <SP HEIGHT="54" WIDTH="16" VPOS="1807" HPOS="857"/>
                  <String HEIGHT="54"
                          WIDTH="140"
                          VPOS="1807"
                          HPOS="810"
                          CONTENT="causa"/>
                  <SP HEIGHT="54" WIDTH="16" VPOS="1807" HPOS="950"/>
                  <String HEIGHT="54"
                          WIDTH="109"
                          VPOS="1807"
                          HPOS="903"
                          CONTENT="est"/>
                  <SP HEIGHT="54" WIDTH="16" VPOS="1807" HPOS="1012"/>
                  <String HEIGHT="54"
                          WIDTH="140"
                          VPOS="1807"
                          HPOS="966"
                          CONTENT="actus"/>
                  <SP HEIGHT="54" WIDTH="16" VPOS="1807" HPOS="1106"/>
                  <String HEIGHT="54"
                          WIDTH="125"
                          VPOS="1807"
                          HPOS="1043"
                          CONTENT="volun"
                          SUBS_TYPE="HypPart1"
                          SUBS_CONTENT="voluntatis"/>
                  <HYP CONTENT="-"/>
               </TextLine>
               <TextLine ID="r2l39"
                         BASELINE="1904"
                         HEIGHT="49"
                         WIDTH="705"
                         VPOS="1855"
                         HPOS="458">
                  <String HEIGHT="49"
                          WIDTH="138"
                          VPOS="1855"
                          HPOS="443"
                          CONTENT="tatis"
                          SUBS_TYPE="HypPart2"
                          SUBS_CONTENT="voluntatis"/>
                  <SP HEIGHT="49" WIDTH="15" VPOS="1855" HPOS="581"/>
                  <String HEIGHT="49"
                          WIDTH="153"
                          VPOS="1855"
                          HPOS="535"
                          CONTENT="libere"/>
                  <SP HEIGHT="49" WIDTH="15" VPOS="1855" HPOS="688"/>
                  <String HEIGHT="49"
                          WIDTH="184"
                          VPOS="1855"
                          HPOS="642"
                          CONTENT="volentis"/>
                  <SP HEIGHT="49" WIDTH="15" VPOS="1855" HPOS="826"/>
                  <String HEIGHT="49"
                          WIDTH="123"
                          VPOS="1855"
                          HPOS="780"
                          CONTENT="tunc"/>
                  <SP HEIGHT="49" WIDTH="15" VPOS="1855" HPOS="902"/>
                  <String HEIGHT="49"
                          WIDTH="215"
                          VPOS="1855"
                          HPOS="856"
                          CONTENT="cognoscere"/>
                  <SP HEIGHT="49" WIDTH="15" VPOS="1855" HPOS="1071"/>
                  <String HEIGHT="49"
                          WIDTH="138"
                          VPOS="1855"
                          HPOS="1025"
                          CONTENT="illud"/>
                  <SP HEIGHT="49" WIDTH="15" VPOS="1855" HPOS="1163"/>
                  <String HEIGHT="49" WIDTH="61" VPOS="1855" HPOS="1102" CONTENT="ob"/>
               </TextLine>
               <TextLine ID="r2l40"
                         BASELINE="1950"
                         HEIGHT="59"
                         WIDTH="715"
                         VPOS="1891"
                         HPOS="459">
                  <String HEIGHT="59"
                          WIDTH="138"
                          VPOS="1891"
                          HPOS="445"
                          CONTENT="iectum"/>
                  <SP HEIGHT="59" WIDTH="14" VPOS="1891" HPOS="583"/>
                  <String HEIGHT="59" WIDTH="83" VPOS="1891" HPOS="542" CONTENT="et"/>
                  <SP HEIGHT="59" WIDTH="14" VPOS="1891" HPOS="624"/>
                  <String HEIGHT="59"
                          WIDTH="124"
                          VPOS="1891"
                          HPOS="583"
                          CONTENT="alias"/>
                  <SP HEIGHT="59" WIDTH="14" VPOS="1891" HPOS="707"/>
                  <String HEIGHT="59"
                          WIDTH="110"
                          VPOS="1891"
                          HPOS="665"
                          CONTENT="non."/>
                  <SP HEIGHT="59" WIDTH="14" VPOS="1891" HPOS="775"/>
                  <String HEIGHT="59" WIDTH="69" VPOS="1891" HPOS="734" CONTENT="⁋"/>
                  <SP HEIGHT="59" WIDTH="14" VPOS="1891" HPOS="803"/>
                  <String HEIGHT="59" WIDTH="83" VPOS="1891" HPOS="762" CONTENT="Si"/>
                  <SP HEIGHT="59" WIDTH="14" VPOS="1891" HPOS="844"/>
                  <String HEIGHT="59"
                          WIDTH="124"
                          VPOS="1891"
                          HPOS="803"
                          CONTENT="dicas"/>
                  <SP HEIGHT="59" WIDTH="14" VPOS="1891" HPOS="927"/>
                  <String HEIGHT="59"
                          WIDTH="110"
                          VPOS="1891"
                          HPOS="885"
                          CONTENT="quod"/>
                  <SP HEIGHT="59" WIDTH="14" VPOS="1891" HPOS="995"/>
                  <String HEIGHT="59"
                          WIDTH="110"
                          VPOS="1891"
                          HPOS="954"
                          CONTENT="tunc"/>
                  <SP HEIGHT="59" WIDTH="14" VPOS="1891" HPOS="1064"/>
                  <String HEIGHT="59"
                          WIDTH="151"
                          VPOS="1891"
                          HPOS="1023"
                          CONTENT="volitio"/>
                  <SP HEIGHT="59" WIDTH="14" VPOS="1891" HPOS="1174"/>
                  <String HEIGHT="59" WIDTH="55" VPOS="1891" HPOS="1119" CONTENT="es"/>
               </TextLine>
               <TextLine ID="r2l41"
                         BASELINE="1992"
                         HEIGHT="57"
                         WIDTH="699"
                         VPOS="1935"
                         HPOS="462">
                  <String HEIGHT="57"
                          WIDTH="102"
                          VPOS="1935"
                          HPOS="447"
                          CONTENT="set"/>
                  <SP HEIGHT="57" WIDTH="15" VPOS="1935" HPOS="549"/>
                  <String HEIGHT="57"
                          WIDTH="117"
                          VPOS="1935"
                          HPOS="506"
                          CONTENT="vere"/>
                  <SP HEIGHT="57" WIDTH="15" VPOS="1935" HPOS="622"/>
                  <String HEIGHT="57"
                          WIDTH="131"
                          VPOS="1935"
                          HPOS="579"
                          CONTENT="causa"/>
                  <SP HEIGHT="57" WIDTH="15" VPOS="1935" HPOS="710"/>
                  <String HEIGHT="57"
                          WIDTH="175"
                          VPOS="1935"
                          HPOS="666"
                          CONTENT="respectu"/>
                  <SP HEIGHT="57" WIDTH="15" VPOS="1935" HPOS="841"/>
                  <String HEIGHT="57"
                          WIDTH="233"
                          VPOS="1935"
                          HPOS="797"
                          CONTENT="cognitionis."/>
                  <SP HEIGHT="57" WIDTH="15" VPOS="1935" HPOS="1030"/>
                  <String HEIGHT="57"
                          WIDTH="160"
                          VPOS="1935"
                          HPOS="986"
                          CONTENT="concedo"/>
                  <SP HEIGHT="57" WIDTH="15" VPOS="1935" HPOS="1146"/>
                  <String HEIGHT="57"
                          WIDTH="73"
                          VPOS="1935"
                          HPOS="1088"
                          CONTENT="con"/>
               </TextLine>
               <TextLine ID="r2l42"
                         BASELINE="2044"
                         HEIGHT="67"
                         WIDTH="708"
                         VPOS="1977"
                         HPOS="464">
                  <String HEIGHT="67"
                          WIDTH="221"
                          VPOS="1977"
                          HPOS="449"
                          CONTENT="sequentiam:"/>
                  <SP HEIGHT="67" WIDTH="15" VPOS="1977" HPOS="671"/>
                  <String HEIGHT="67"
                          WIDTH="118"
                          VPOS="1977"
                          HPOS="626"
                          CONTENT="quia"/>
                  <SP HEIGHT="67" WIDTH="15" VPOS="1977" HPOS="744"/>
                  <String HEIGHT="67"
                          WIDTH="177"
                          VPOS="1977"
                          HPOS="700"
                          CONTENT="cognitio"/>
                  <SP HEIGHT="67" WIDTH="15" VPOS="1977" HPOS="877"/>
                  <String HEIGHT="67"
                          WIDTH="118"
                          VPOS="1977"
                          HPOS="833"
                          CONTENT="illa"/>
                  <SP HEIGHT="67" WIDTH="15" VPOS="1977" HPOS="951"/>
                  <String HEIGHT="67"
                          WIDTH="103"
                          VPOS="1977"
                          HPOS="907"
                          CONTENT="que"/>
                  <SP HEIGHT="67" WIDTH="15" VPOS="1977" HPOS="1010"/>
                  <String HEIGHT="67"
                          WIDTH="103"
                          VPOS="1977"
                          HPOS="966"
                          CONTENT="non"/>
                  <SP HEIGHT="67" WIDTH="15" VPOS="1977" HPOS="1069"/>
                  <String HEIGHT="67"
                          WIDTH="148"
                          VPOS="1977"
                          HPOS="1025"
                          CONTENT="potest"/>
                  <SP HEIGHT="67" WIDTH="15" VPOS="1977" HPOS="1172"/>
                  <String HEIGHT="67" WIDTH="59" VPOS="1977" HPOS="1113" CONTENT="na"/>
               </TextLine>
               <TextLine ID="r2l43"
                         BASELINE="2086"
                         HEIGHT="64"
                         WIDTH="714"
                         VPOS="2022"
                         HPOS="461">
                  <String HEIGHT="64"
                          WIDTH="193"
                          VPOS="2022"
                          HPOS="446"
                          CONTENT="turaliter"/>
                  <SP HEIGHT="64" WIDTH="15" VPOS="2022" HPOS="640"/>
                  <String HEIGHT="64"
                          WIDTH="164"
                          VPOS="2022"
                          HPOS="595"
                          CONTENT="causari"/>
                  <SP HEIGHT="64" WIDTH="15" VPOS="2022" HPOS="759"/>
                  <String HEIGHT="64"
                          WIDTH="119"
                          VPOS="2022"
                          HPOS="714"
                          CONTENT="sine"/>
                  <SP HEIGHT="64" WIDTH="15" VPOS="2022" HPOS="833"/>
                  <String HEIGHT="64"
                          WIDTH="193"
                          VPOS="2022"
                          HPOS="788"
                          CONTENT="volitione"/>
                  <SP HEIGHT="64" WIDTH="15" VPOS="2022" HPOS="982"/>
                  <String HEIGHT="64"
                          WIDTH="134"
                          VPOS="2022"
                          HPOS="937"
                          CONTENT="sicut"/>
                  <SP HEIGHT="64" WIDTH="15" VPOS="2022" HPOS="1071"/>
                  <String HEIGHT="64" WIDTH="74" VPOS="2022" HPOS="1026" CONTENT="a"/>
                  <SP HEIGHT="64" WIDTH="15" VPOS="2022" HPOS="1101"/>
                  <String HEIGHT="64"
                          WIDTH="134"
                          VPOS="2022"
                          HPOS="1041"
                          CONTENT="partia"
                          SUBS_TYPE="HypPart1"
                          SUBS_CONTENT="partiali"/>
                  <HYP CONTENT="-"/>
               </TextLine>
               <TextLine ID="r2l44"
                         BASELINE="2128"
                         HEIGHT="63"
                         WIDTH="708"
                         VPOS="2065"
                         HPOS="461">
                  <String HEIGHT="63"
                          WIDTH="90"
                          VPOS="2065"
                          HPOS="446"
                          CONTENT="li"
                          SUBS_TYPE="HypPart2"
                          SUBS_CONTENT="partiali"/>
                  <SP HEIGHT="63" WIDTH="15" VPOS="2065" HPOS="536"/>
                  <String HEIGHT="63"
                          WIDTH="136"
                          VPOS="2065"
                          HPOS="491"
                          CONTENT="causa"/>
                  <SP HEIGHT="63" WIDTH="15" VPOS="2065" HPOS="627"/>
                  <String HEIGHT="63"
                          WIDTH="105"
                          VPOS="2065"
                          HPOS="582"
                          CONTENT="per"/>
                  <SP HEIGHT="63" WIDTH="15" VPOS="2065" HPOS="687"/>
                  <String HEIGHT="63"
                          WIDTH="256"
                          VPOS="2065"
                          HPOS="642"
                          CONTENT="propositionem"/>
                  <SP HEIGHT="63" WIDTH="15" VPOS="2065" HPOS="898"/>
                  <String HEIGHT="63"
                          WIDTH="211"
                          VPOS="2065"
                          HPOS="853"
                          CONTENT="frequenter"/>
                  <SP HEIGHT="63" WIDTH="15" VPOS="2065" HPOS="1064"/>
                  <String HEIGHT="63"
                          WIDTH="166"
                          VPOS="2065"
                          HPOS="1003"
                          CONTENT="acceptam."/>
               </TextLine>
               <TextLine ID="r2l45"
                         BASELINE="2174"
                         HEIGHT="64"
                         WIDTH="719"
                         VPOS="2110"
                         HPOS="453">
                  <String HEIGHT="64"
                          WIDTH="176"
                          VPOS="2110"
                          HPOS="438"
                          CONTENT="Effectus"/>
                  <SP HEIGHT="64" WIDTH="15" VPOS="2110" HPOS="614"/>
                  <String HEIGHT="64"
                          WIDTH="235"
                          VPOS="2110"
                          HPOS="570"
                          CONTENT="sufficienter"/>
                  <SP HEIGHT="64" WIDTH="15" VPOS="2110" HPOS="805"/>
                  <String HEIGHT="64"
                          WIDTH="103"
                          VPOS="2110"
                          HPOS="761"
                          CONTENT="etc"/>
                  <SP HEIGHT="64" WIDTH="15" VPOS="2110" HPOS="864"/>
                  <String HEIGHT="64" WIDTH="73" VPOS="2110" HPOS="820" CONTENT="⁋"/>
                  <SP HEIGHT="64" WIDTH="15" VPOS="2110" HPOS="893"/>
                  <String HEIGHT="64" WIDTH="88" VPOS="2110" HPOS="849" CONTENT="Si"/>
                  <SP HEIGHT="64" WIDTH="15" VPOS="2110" HPOS="937"/>
                  <String HEIGHT="64"
                          WIDTH="132"
                          VPOS="2110"
                          HPOS="893"
                          CONTENT="dicas"/>
                  <SP HEIGHT="64" WIDTH="15" VPOS="2110" HPOS="1025"/>
                  <String HEIGHT="64"
                          WIDTH="161"
                          VPOS="2110"
                          HPOS="981"
                          CONTENT="ponamus"/>
                  <SP HEIGHT="64" WIDTH="15" VPOS="2110" HPOS="1143"/>
                  <String HEIGHT="64"
                          WIDTH="88"
                          VPOS="2110"
                          HPOS="1084"
                          CONTENT="quod"/>
               </TextLine>
               <TextLine ID="r2l46"
                         BASELINE="2217"
                         HEIGHT="63"
                         WIDTH="709"
                         VPOS="2154"
                         HPOS="462">
                  <String HEIGHT="63"
                          WIDTH="193"
                          VPOS="2154"
                          HPOS="446"
                          CONTENT="quilibet"/>
                  <SP HEIGHT="63" WIDTH="16" VPOS="2154" HPOS="639"/>
                  <String HEIGHT="63"
                          WIDTH="145"
                          VPOS="2154"
                          HPOS="591"
                          CONTENT="actus"/>
                  <SP HEIGHT="63" WIDTH="16" VPOS="2154" HPOS="736"/>
                  <String HEIGHT="63"
                          WIDTH="226"
                          VPOS="2154"
                          HPOS="688"
                          CONTENT="voluntatis"/>
                  <SP HEIGHT="63" WIDTH="16" VPOS="2154" HPOS="913"/>
                  <String HEIGHT="63"
                          WIDTH="258"
                          VPOS="2154"
                          HPOS="865"
                          CONTENT="suspendatur:"/>
                  <SP HEIGHT="63" WIDTH="16" VPOS="2154" HPOS="1123"/>
                  <String HEIGHT="63"
                          WIDTH="113"
                          VPOS="2154"
                          HPOS="1058"
                          CONTENT="adhuc"/>
               </TextLine>
               <TextLine ID="r2l47"
                         BASELINE="2266"
                         HEIGHT="61"
                         WIDTH="704"
                         VPOS="2205"
                         HPOS="465">
                  <String HEIGHT="61"
                          WIDTH="160"
                          VPOS="2205"
                          HPOS="449"
                          CONTENT="potest"/>
                  <SP HEIGHT="61" WIDTH="16" VPOS="2205" HPOS="609"/>
                  <String HEIGHT="61"
                          WIDTH="176"
                          VPOS="2205"
                          HPOS="561"
                          CONTENT="angelus"/>
                  <SP HEIGHT="61" WIDTH="16" VPOS="2205" HPOS="737"/>
                  <String HEIGHT="61"
                          WIDTH="160"
                          VPOS="2205"
                          HPOS="689"
                          CONTENT="priori"/>
                  <SP HEIGHT="61" WIDTH="16" VPOS="2205" HPOS="849"/>
                  <String HEIGHT="61"
                          WIDTH="128"
                          VPOS="2205"
                          HPOS="801"
                          CONTENT="casu"/>
                  <SP HEIGHT="61" WIDTH="16" VPOS="2205" HPOS="929"/>
                  <String HEIGHT="61"
                          WIDTH="160"
                          VPOS="2205"
                          HPOS="881"
                          CONTENT="posito"/>
                  <SP HEIGHT="61" WIDTH="16" VPOS="2205" HPOS="1041"/>
                  <String HEIGHT="61"
                          WIDTH="192"
                          VPOS="2205"
                          HPOS="977"
                          CONTENT="cognoscere"/>
               </TextLine>
               <TextLine ID="r2l48"
                         BASELINE="2302"
                         HEIGHT="49"
                         WIDTH="709"
                         VPOS="2253"
                         HPOS="469">
                  <String HEIGHT="49"
                          WIDTH="130"
                          VPOS="2253"
                          HPOS="455"
                          CONTENT="illud"/>
                  <SP HEIGHT="49" WIDTH="14" VPOS="2253" HPOS="585"/>
                  <String HEIGHT="49"
                          WIDTH="174"
                          VPOS="2253"
                          HPOS="541"
                          CONTENT="obiectum"/>
                  <SP HEIGHT="49" WIDTH="14" VPOS="2253" HPOS="715"/>
                  <String HEIGHT="49"
                          WIDTH="101"
                          VPOS="2253"
                          HPOS="672"
                          CONTENT="vno"/>
                  <SP HEIGHT="49" WIDTH="14" VPOS="2253" HPOS="773"/>
                  <String HEIGHT="49"
                          WIDTH="159"
                          VPOS="2253"
                          HPOS="729"
                          CONTENT="tempore"/>
                  <SP HEIGHT="49" WIDTH="14" VPOS="2253" HPOS="889"/>
                  <String HEIGHT="49" WIDTH="87" VPOS="2253" HPOS="845" CONTENT="et"/>
                  <SP HEIGHT="49" WIDTH="14" VPOS="2253" HPOS="932"/>
                  <String HEIGHT="49"
                          WIDTH="101"
                          VPOS="2253"
                          HPOS="889"
                          CONTENT="non"/>
                  <SP HEIGHT="49" WIDTH="14" VPOS="2253" HPOS="990"/>
                  <String HEIGHT="49"
                          WIDTH="130"
                          VPOS="2253"
                          HPOS="946"
                          CONTENT="alio."/>
                  <SP HEIGHT="49" WIDTH="14" VPOS="2253" HPOS="1077"/>
                  <String HEIGHT="49" WIDTH="72" VPOS="2253" HPOS="1033" CONTENT="⁋"/>
                  <SP HEIGHT="49" WIDTH="14" VPOS="2253" HPOS="1106"/>
                  <String HEIGHT="49"
                          WIDTH="130"
                          VPOS="2253"
                          HPOS="1048"
                          CONTENT="Respon"
                          SUBS_TYPE="HypPart1"
                          SUBS_CONTENT="Respondeo"/>
                  <HYP CONTENT="-"/>
               </TextLine>
               <TextLine ID="r2l49"
                         BASELINE="2352"
                         HEIGHT="65"
                         WIDTH="712"
                         VPOS="2287"
                         HPOS="472">
                  <String HEIGHT="65"
                          WIDTH="106"
                          VPOS="2287"
                          HPOS="457"
                          CONTENT="deo"
                          SUBS_TYPE="HypPart2"
                          SUBS_CONTENT="Respondeo"/>
                  <SP HEIGHT="65" WIDTH="15" VPOS="2287" HPOS="563"/>
                  <String HEIGHT="65"
                          WIDTH="121"
                          VPOS="2287"
                          HPOS="517"
                          CONTENT="quod"/>
                  <SP HEIGHT="65" WIDTH="15" VPOS="2287" HPOS="639"/>
                  <String HEIGHT="65"
                          WIDTH="151"
                          VPOS="2287"
                          HPOS="593"
                          CONTENT="falsum"/>
                  <SP HEIGHT="65" WIDTH="15" VPOS="2287" HPOS="745"/>
                  <String HEIGHT="65"
                          WIDTH="121"
                          VPOS="2287"
                          HPOS="699"
                          CONTENT="est:"/>
                  <SP HEIGHT="65" WIDTH="15" VPOS="2287" HPOS="820"/>
                  <String HEIGHT="65"
                          WIDTH="182"
                          VPOS="2287"
                          HPOS="775"
                          CONTENT="cessante"/>
                  <SP HEIGHT="65" WIDTH="15" VPOS="2287" HPOS="957"/>
                  <String HEIGHT="65"
                          WIDTH="121"
                          VPOS="2287"
                          HPOS="911"
                          CONTENT="omni"/>
                  <SP HEIGHT="65" WIDTH="15" VPOS="2287" HPOS="1033"/>
                  <String HEIGHT="65"
                          WIDTH="212"
                          VPOS="2287"
                          HPOS="972"
                          CONTENT="impedimento."/>
               </TextLine>
               <TextLine ID="r2l50"
                         BASELINE="2391"
                         HEIGHT="58"
                         WIDTH="710"
                         VPOS="2333"
                         HPOS="462">
                  <String HEIGHT="58"
                          WIDTH="145"
                          VPOS="2333"
                          HPOS="446"
                          CONTENT="tamen"/>
                  <SP HEIGHT="58" WIDTH="16" VPOS="2333" HPOS="591"/>
                  <String HEIGHT="58" WIDTH="97" VPOS="2333" HPOS="543" CONTENT="si"/>
                  <SP HEIGHT="58" WIDTH="16" VPOS="2333" HPOS="640"/>
                  <String HEIGHT="58"
                          WIDTH="226"
                          VPOS="2333"
                          HPOS="591"
                          CONTENT="impediatur"/>
                  <SP HEIGHT="58" WIDTH="16" VPOS="2333" HPOS="817"/>
                  <String HEIGHT="58"
                          WIDTH="129"
                          VPOS="2333"
                          HPOS="769"
                          CONTENT="bene"/>
                  <SP HEIGHT="58" WIDTH="16" VPOS="2333" HPOS="898"/>
                  <String HEIGHT="58"
                          WIDTH="178"
                          VPOS="2333"
                          HPOS="849"
                          CONTENT="potest:"/>
                  <SP HEIGHT="58" WIDTH="16" VPOS="2333" HPOS="1027"/>
                  <String HEIGHT="58"
                          WIDTH="129"
                          VPOS="2333"
                          HPOS="978"
                          CONTENT="puta"/>
                  <SP HEIGHT="58" WIDTH="16" VPOS="2333" HPOS="1107"/>
                  <String HEIGHT="58" WIDTH="97" VPOS="2333" HPOS="1059" CONTENT="si"/>
                  <SP HEIGHT="58" WIDTH="16" VPOS="2333" HPOS="1156"/>
                  <String HEIGHT="58"
                          WIDTH="81"
                          VPOS="2333"
                          HPOS="1091"
                          CONTENT="vno"/>
               </TextLine>
               <TextLine ID="r2l51"
                         BASELINE="2430"
                         HEIGHT="48"
                         WIDTH="718"
                         VPOS="2382"
                         HPOS="466">
                  <String HEIGHT="48"
                          WIDTH="168"
                          VPOS="2382"
                          HPOS="451"
                          CONTENT="tempore"/>
                  <SP HEIGHT="48" WIDTH="15" VPOS="2382" HPOS="619"/>
                  <String HEIGHT="48"
                          WIDTH="214"
                          VPOS="2382"
                          HPOS="573"
                          CONTENT="intelligat"/>
                  <SP HEIGHT="48" WIDTH="15" VPOS="2382" HPOS="787"/>
                  <String HEIGHT="48"
                          WIDTH="137"
                          VPOS="2382"
                          HPOS="741"
                          CONTENT="aliud"/>
                  <SP HEIGHT="48" WIDTH="15" VPOS="2382" HPOS="878"/>
                  <String HEIGHT="48"
                          WIDTH="183"
                          VPOS="2382"
                          HPOS="833"
                          CONTENT="obiectum"/>
                  <SP HEIGHT="48" WIDTH="15" VPOS="2382" HPOS="1016"/>
                  <String HEIGHT="48"
                          WIDTH="214"
                          VPOS="2382"
                          HPOS="970"
                          CONTENT="dispositum"/>
                  <SP HEIGHT="48" WIDTH="15" VPOS="2382" HPOS="1184"/>
                  <String HEIGHT="48" WIDTH="61" VPOS="2382" HPOS="1123" CONTENT="cu"/>
               </TextLine>
               <TextLine ID="r2l52"
                         BASELINE="2477"
                         HEIGHT="51"
                         WIDTH="706"
                         VPOS="2426"
                         HPOS="477">
                  <String HEIGHT="51"
                          WIDTH="118"
                          VPOS="2426"
                          HPOS="460"
                          CONTENT="ius"/>
                  <SP HEIGHT="51" WIDTH="17" VPOS="2426" HPOS="578"/>
                  <String HEIGHT="51"
                          WIDTH="202"
                          VPOS="2426"
                          HPOS="527"
                          CONTENT="cagnitio"/>
                  <SP HEIGHT="51" WIDTH="17" VPOS="2426" HPOS="729"/>
                  <String HEIGHT="51"
                          WIDTH="185"
                          VPOS="2426"
                          HPOS="679"
                          CONTENT="impedit"/>
                  <SP HEIGHT="51" WIDTH="17" VPOS="2426" HPOS="864"/>
                  <String HEIGHT="51"
                          WIDTH="252"
                          VPOS="2426"
                          HPOS="813"
                          CONTENT="cognitionem"/>
                  <SP HEIGHT="51" WIDTH="17" VPOS="2426" HPOS="1065"/>
                  <String HEIGHT="51"
                          WIDTH="185"
                          VPOS="2426"
                          HPOS="998"
                          CONTENT="alterius:"/>
               </TextLine>
               <TextLine ID="r2l53"
                         BASELINE="2519"
                         HEIGHT="59"
                         WIDTH="706"
                         VPOS="2460"
                         HPOS="468">
                  <String HEIGHT="59"
                          WIDTH="120"
                          VPOS="2460"
                          HPOS="453"
                          CONTENT="tunc"/>
                  <SP HEIGHT="59" WIDTH="15" VPOS="2460" HPOS="573"/>
                  <String HEIGHT="59"
                          WIDTH="105"
                          VPOS="2460"
                          HPOS="528"
                          CONTENT="sic"/>
                  <SP HEIGHT="59" WIDTH="15" VPOS="2460" HPOS="633"/>
                  <String HEIGHT="59"
                          WIDTH="150"
                          VPOS="2460"
                          HPOS="588"
                          CONTENT="posset"/>
                  <SP HEIGHT="59" WIDTH="15" VPOS="2460" HPOS="738"/>
                  <String HEIGHT="59" WIDTH="90" VPOS="2460" HPOS="693" CONTENT="ab"/>
                  <SP HEIGHT="59" WIDTH="15" VPOS="2460" HPOS="783"/>
                  <String HEIGHT="59"
                          WIDTH="120"
                          VPOS="2460"
                          HPOS="738"
                          CONTENT="omni"/>
                  <SP HEIGHT="59" WIDTH="15" VPOS="2460" HPOS="859"/>
                  <String HEIGHT="59"
                          WIDTH="120"
                          VPOS="2460"
                          HPOS="813"
                          CONTENT="alia"/>
                  <SP HEIGHT="59" WIDTH="15" VPOS="2460" HPOS="934"/>
                  <String HEIGHT="59"
                          WIDTH="210"
                          VPOS="2460"
                          HPOS="889"
                          CONTENT="cognitione"/>
                  <SP HEIGHT="59" WIDTH="15" VPOS="2460" HPOS="1099"/>
                  <String HEIGHT="59"
                          WIDTH="135"
                          VPOS="2460"
                          HPOS="1039"
                          CONTENT="cessare"/>
               </TextLine>
               <TextLine ID="r2l54"
                         BASELINE="2563"
                         HEIGHT="60"
                         WIDTH="713"
                         VPOS="2503"
                         HPOS="474">
                  <String HEIGHT="60"
                          WIDTH="116"
                          VPOS="2503"
                          HPOS="459"
                          CONTENT="sine"/>
                  <SP HEIGHT="60" WIDTH="15" VPOS="2503" HPOS="576"/>
                  <String HEIGHT="60"
                          WIDTH="116"
                          VPOS="2503"
                          HPOS="532"
                          CONTENT="omni"/>
                  <SP HEIGHT="60" WIDTH="15" VPOS="2503" HPOS="649"/>
                  <String HEIGHT="60"
                          WIDTH="116"
                          VPOS="2503"
                          HPOS="605"
                          CONTENT="actu"/>
                  <SP HEIGHT="60" WIDTH="15" VPOS="2503" HPOS="721"/>
                  <String HEIGHT="60"
                          WIDTH="204"
                          VPOS="2503"
                          HPOS="678"
                          CONTENT="voluntatis"/>
                  <SP HEIGHT="60" WIDTH="15" VPOS="2503" HPOS="881"/>
                  <String HEIGHT="60"
                          WIDTH="116"
                          VPOS="2503"
                          HPOS="838"
                          CONTENT="quod"/>
                  <SP HEIGHT="60" WIDTH="15" VPOS="2503" HPOS="954"/>
                  <String HEIGHT="60"
                          WIDTH="131"
                          VPOS="2503"
                          HPOS="911"
                          CONTENT="forte"/>
                  <SP HEIGHT="60" WIDTH="15" VPOS="2503" HPOS="1041"/>
                  <String HEIGHT="60"
                          WIDTH="102"
                          VPOS="2503"
                          HPOS="998"
                          CONTENT="non"/>
                  <SP HEIGHT="60" WIDTH="15" VPOS="2503" HPOS="1100"/>
                  <String HEIGHT="60"
                          WIDTH="102"
                          VPOS="2503"
                          HPOS="1056"
                          CONTENT="est"/>
                  <SP HEIGHT="60" WIDTH="15" VPOS="2503" HPOS="1158"/>
                  <String HEIGHT="60"
                          WIDTH="87"
                          VPOS="2503"
                          HPOS="1100"
                          CONTENT="pos"
                          SUBS_TYPE="HypPart1"
                          SUBS_CONTENT="possibile"/>
                  <HYP CONTENT="-"/>
               </TextLine>
               <TextLine ID="r2l55"
                         BASELINE="2605"
                         HEIGHT="59"
                         WIDTH="698"
                         VPOS="2546"
                         HPOS="477">
                  <String HEIGHT="59"
                          WIDTH="142"
                          VPOS="2546"
                          HPOS="463"
                          CONTENT="sibile"
                          SUBS_TYPE="HypPart2"
                          SUBS_CONTENT="possibile"/>
                  <SP HEIGHT="59" WIDTH="14" VPOS="2546" HPOS="605"/>
                  <String HEIGHT="59" WIDTH="85" VPOS="2546" HPOS="562" CONTENT="in"/>
                  <SP HEIGHT="59" WIDTH="14" VPOS="2546" HPOS="648"/>
                  <String HEIGHT="59"
                          WIDTH="142"
                          VPOS="2546"
                          HPOS="605"
                          CONTENT="angelo"/>
                  <SP HEIGHT="59" WIDTH="14" VPOS="2546" HPOS="748"/>
                  <String HEIGHT="59"
                          WIDTH="171"
                          VPOS="2546"
                          HPOS="705"
                          CONTENT="quicquid"/>
                  <SP HEIGHT="59" WIDTH="14" VPOS="2546" HPOS="876"/>
                  <String HEIGHT="59"
                          WIDTH="100"
                          VPOS="2546"
                          HPOS="833"
                          CONTENT="sit"/>
                  <SP HEIGHT="59" WIDTH="14" VPOS="2546" HPOS="933"/>
                  <String HEIGHT="59" WIDTH="85" VPOS="2546" HPOS="890" CONTENT="in"/>
                  <SP HEIGHT="59" WIDTH="14" VPOS="2546" HPOS="976"/>
                  <String HEIGHT="59"
                          WIDTH="142"
                          VPOS="2546"
                          HPOS="933"
                          CONTENT="nobis:"/>
                  <SP HEIGHT="59" WIDTH="14" VPOS="2546" HPOS="1075"/>
                  <String HEIGHT="59"
                          WIDTH="114"
                          VPOS="2546"
                          HPOS="1033"
                          CONTENT="tunc"/>
                  <SP HEIGHT="59" WIDTH="14" VPOS="2546" HPOS="1147"/>
                  <String HEIGHT="59"
                          WIDTH="85"
                          VPOS="2546"
                          HPOS="1090"
                          CONTENT="pos"
                          SUBS_TYPE="HypPart1"
                          SUBS_CONTENT="posset"/>
                  <HYP CONTENT="-"/>
               </TextLine>
               <TextLine ID="r2l56"
                         BASELINE="2668"
                         HEIGHT="76"
                         WIDTH="719"
                         VPOS="2592"
                         HPOS="468">
                  <String HEIGHT="76"
                          WIDTH="105"
                          VPOS="2592"
                          HPOS="453"
                          CONTENT="set"
                          SUBS_TYPE="HypPart2"
                          SUBS_CONTENT="posset"/>
                  <SP HEIGHT="76" WIDTH="15" VPOS="2592" HPOS="558"/>
                  <String HEIGHT="76"
                          WIDTH="225"
                          VPOS="2592"
                          HPOS="513"
                          CONTENT="intelligere"/>
                  <SP HEIGHT="76" WIDTH="15" VPOS="2592" HPOS="738"/>
                  <String HEIGHT="76"
                          WIDTH="135"
                          VPOS="2592"
                          HPOS="693"
                          CONTENT="aliud"/>
                  <SP HEIGHT="76" WIDTH="15" VPOS="2592" HPOS="828"/>
                  <String HEIGHT="76"
                          WIDTH="180"
                          VPOS="2592"
                          HPOS="783"
                          CONTENT="obiectum"/>
                  <SP HEIGHT="76" WIDTH="15" VPOS="2592" HPOS="962"/>
                  <String HEIGHT="76"
                          WIDTH="195"
                          VPOS="2592"
                          HPOS="917"
                          CONTENT="equaliter"/>
                  <SP HEIGHT="76" WIDTH="15" VPOS="2592" HPOS="1112"/>
                  <String HEIGHT="76"
                          WIDTH="135"
                          VPOS="2592"
                          HPOS="1052"
                          CONTENT="presens"/>
               </TextLine>
            </TextBlock>
            <TextBlock ID="r3" HEIGHT="2487" WIDTH="759" VPOS="150" HPOS="1239">
               <Shape>
                  <Polygon POINTS="1239,150 1239,2637 1998,2637 1998,150"/>
               </Shape>
               <TextLine ID="r3l2"
                         BASELINE="268"
                         HEIGHT="85"
                         WIDTH="709"
                         VPOS="183"
                         HPOS="1244">
                  <String HEIGHT="85"
                          WIDTH="109"
                          VPOS="183"
                          HPOS="1230"
                          CONTENT="sibi"/>
                  <SP HEIGHT="85" WIDTH="14" VPOS="183" HPOS="1339"/>
                  <String HEIGHT="85"
                          WIDTH="109"
                          VPOS="183"
                          HPOS="1299"
                          CONTENT="nunc"/>
                  <SP HEIGHT="85" WIDTH="14" VPOS="183" HPOS="1408"/>
                  <String HEIGHT="85" WIDTH="82" VPOS="183" HPOS="1367" CONTENT="et"/>
                  <SP HEIGHT="85" WIDTH="14" VPOS="183" HPOS="1449"/>
                  <String HEIGHT="85"
                          WIDTH="123"
                          VPOS="183"
                          HPOS="1408"
                          CONTENT="prius"/>
                  <SP HEIGHT="85" WIDTH="14" VPOS="183" HPOS="1530"/>
                  <String HEIGHT="85"
                          WIDTH="109"
                          VPOS="183"
                          HPOS="1489"
                          CONTENT="sine"/>
                  <SP HEIGHT="85" WIDTH="14" VPOS="183" HPOS="1598"/>
                  <String HEIGHT="85"
                          WIDTH="109"
                          VPOS="183"
                          HPOS="1558"
                          CONTENT="omni"/>
                  <SP HEIGHT="85" WIDTH="14" VPOS="183" HPOS="1667"/>
                  <String HEIGHT="85"
                          WIDTH="109"
                          VPOS="183"
                          HPOS="1626"
                          CONTENT="actu"/>
                  <SP HEIGHT="85" WIDTH="14" VPOS="183" HPOS="1735"/>
                  <String HEIGHT="85"
                          WIDTH="205"
                          VPOS="183"
                          HPOS="1694"
                          CONTENT="voluntatis."/>
                  <SP HEIGHT="85" WIDTH="14" VPOS="183" HPOS="1898"/>
                  <String HEIGHT="85" WIDTH="82" VPOS="183" HPOS="1858" CONTENT="et"/>
                  <SP HEIGHT="85" WIDTH="14" VPOS="183" HPOS="1939"/>
                  <String HEIGHT="85" WIDTH="68" VPOS="183" HPOS="1885" CONTENT="hoc"/>
               </TextLine>
               <TextLine ID="r3l3"
                         BASELINE="319"
                         HEIGHT="63"
                         WIDTH="706"
                         VPOS="256"
                         HPOS="1241">
                  <String HEIGHT="63"
                          WIDTH="155"
                          VPOS="256"
                          HPOS="1227"
                          CONTENT="propter"/>
                  <SP HEIGHT="63" WIDTH="14" VPOS="256" HPOS="1382"/>
                  <String HEIGHT="63"
                          WIDTH="184"
                          VPOS="256"
                          HPOS="1340"
                          CONTENT="amotionem"/>
                  <SP HEIGHT="63" WIDTH="14" VPOS="256" HPOS="1523"/>
                  <String HEIGHT="63"
                          WIDTH="226"
                          VPOS="256"
                          HPOS="1481"
                          CONTENT="impedimenti."/>
                  <SP HEIGHT="63" WIDTH="14" VPOS="256" HPOS="1707"/>
                  <String HEIGHT="63" WIDTH="99" VPOS="256" HPOS="1665" CONTENT="sed"/>
                  <SP HEIGHT="63" WIDTH="14" VPOS="256" HPOS="1763"/>
                  <String HEIGHT="63" WIDTH="85" VPOS="256" HPOS="1721" CONTENT="in"/>
                  <SP HEIGHT="63" WIDTH="14" VPOS="256" HPOS="1806"/>
                  <String HEIGHT="63"
                          WIDTH="113"
                          VPOS="256"
                          HPOS="1763"
                          CONTENT="alio"/>
                  <SP HEIGHT="63" WIDTH="14" VPOS="256" HPOS="1876"/>
                  <String HEIGHT="63" WIDTH="99" VPOS="256" HPOS="1834" CONTENT="non"/>
                  <SP HEIGHT="63" WIDTH="14" VPOS="256" HPOS="1933"/>
                  <String HEIGHT="63"
                          WIDTH="71"
                          VPOS="256"
                          HPOS="1876"
                          CONTENT="vt"
                          SUBS_TYPE="HypPart1"
                          SUBS_CONTENT="vtdetur"/>
                  <HYP CONTENT="-"/>
               </TextLine>
               <TextLine ID="r3l4"
                         BASELINE="353"
                         HEIGHT="48"
                         WIDTH="710"
                         VPOS="305"
                         HPOS="1238">
                  <String HEIGHT="48"
                          WIDTH="130"
                          VPOS="305"
                          HPOS="1224"
                          CONTENT="detur"
                          SUBS_TYPE="HypPart2"
                          SUBS_CONTENT="vtdetur"/>
                  <SP HEIGHT="48" WIDTH="14" VPOS="305" HPOS="1354"/>
                  <String HEIGHT="48"
                          WIDTH="145"
                          VPOS="305"
                          HPOS="1310"
                          CONTENT="aliqua"/>
                  <SP HEIGHT="48" WIDTH="14" VPOS="305" HPOS="1455"/>
                  <String HEIGHT="48"
                          WIDTH="130"
                          VPOS="305"
                          HPOS="1412"
                          CONTENT="ratio"/>
                  <SP HEIGHT="48" WIDTH="14" VPOS="305" HPOS="1542"/>
                  <String HEIGHT="48" WIDTH="87" VPOS="305" HPOS="1499" CONTENT="si"/>
                  <SP HEIGHT="48" WIDTH="14" VPOS="305" HPOS="1586"/>
                  <String HEIGHT="48"
                          WIDTH="203"
                          VPOS="305"
                          HPOS="1542"
                          CONTENT="intelligat"/>
                  <SP HEIGHT="48" WIDTH="14" VPOS="305" HPOS="1745"/>
                  <String HEIGHT="48"
                          WIDTH="159"
                          VPOS="305"
                          HPOS="1702"
                          CONTENT="aliquod"/>
                  <SP HEIGHT="48" WIDTH="14" VPOS="305" HPOS="1861"/>
                  <String HEIGHT="48"
                          WIDTH="145"
                          VPOS="305"
                          HPOS="1803"
                          CONTENT="obiectum"/>
               </TextLine>
               <TextLine ID="r3l5"
                         BASELINE="401"
                         HEIGHT="49"
                         WIDTH="701"
                         VPOS="352"
                         HPOS="1244">
                  <String HEIGHT="49"
                          WIDTH="243"
                          VPOS="352"
                          HPOS="1230"
                          CONTENT="approximatum:"/>
                  <SP HEIGHT="49" WIDTH="14" VPOS="352" HPOS="1473"/>
                  <String HEIGHT="49" WIDTH="86" VPOS="352" HPOS="1430" CONTENT="et"/>
                  <SP HEIGHT="49" WIDTH="14" VPOS="352" HPOS="1516"/>
                  <String HEIGHT="49"
                          WIDTH="157"
                          VPOS="352"
                          HPOS="1473"
                          CONTENT="ceteris"/>
                  <SP HEIGHT="49" WIDTH="14" VPOS="352" HPOS="1630"/>
                  <String HEIGHT="49"
                          WIDTH="243"
                          VPOS="352"
                          HPOS="1587"
                          CONTENT="conditionibus"/>
                  <SP HEIGHT="49" WIDTH="14" VPOS="352" HPOS="1831"/>
                  <String HEIGHT="49"
                          WIDTH="172"
                          VPOS="352"
                          HPOS="1773"
                          CONTENT="requisitis"/>
               </TextLine>
               <TextLine ID="r3l6"
                         BASELINE="448"
                         HEIGHT="54"
                         WIDTH="706"
                         VPOS="394"
                         HPOS="1245">
                  <String HEIGHT="54"
                          WIDTH="160"
                          VPOS="394"
                          HPOS="1232"
                          CONTENT="positis."/>
                  <SP HEIGHT="54" WIDTH="13" VPOS="394" HPOS="1392"/>
                  <String HEIGHT="54"
                          WIDTH="107"
                          VPOS="394"
                          HPOS="1352"
                          CONTENT="quod"/>
                  <SP HEIGHT="54" WIDTH="13" VPOS="394" HPOS="1458"/>
                  <String HEIGHT="54"
                          WIDTH="107"
                          VPOS="394"
                          HPOS="1418"
                          CONTENT="plus"/>
                  <SP HEIGHT="54" WIDTH="13" VPOS="394" HPOS="1525"/>
                  <String HEIGHT="54" WIDTH="93" VPOS="394" HPOS="1485" CONTENT="vno"/>
                  <SP HEIGHT="54" WIDTH="13" VPOS="394" HPOS="1578"/>
                  <String HEIGHT="54"
                          WIDTH="147"
                          VPOS="394"
                          HPOS="1538"
                          CONTENT="tempore"/>
                  <SP HEIGHT="54" WIDTH="13" VPOS="394" HPOS="1685"/>
                  <String HEIGHT="54"
                          WIDTH="133"
                          VPOS="394"
                          HPOS="1645"
                          CONTENT="cesset"/>
                  <SP HEIGHT="54" WIDTH="13" VPOS="394" HPOS="1778"/>
                  <String HEIGHT="54" WIDTH="80" VPOS="394" HPOS="1738" CONTENT="ab"/>
                  <SP HEIGHT="54" WIDTH="13" VPOS="394" HPOS="1818"/>
                  <String HEIGHT="54"
                          WIDTH="107"
                          VPOS="394"
                          HPOS="1778"
                          CONTENT="illo"/>
                  <SP HEIGHT="54" WIDTH="13" VPOS="394" HPOS="1884"/>
                  <String HEIGHT="54"
                          WIDTH="107"
                          VPOS="394"
                          HPOS="1844"
                          CONTENT="actu"/>
                  <SP HEIGHT="54" WIDTH="13" VPOS="394" HPOS="1951"/>
                  <String HEIGHT="54" WIDTH="53" VPOS="394" HPOS="1898" CONTENT="et"/>
               </TextLine>
               <TextLine ID="r3l7"
                         BASELINE="486"
                         HEIGHT="58"
                         WIDTH="707"
                         VPOS="428"
                         HPOS="1241">
                  <String HEIGHT="58"
                          WIDTH="206"
                          VPOS="428"
                          HPOS="1226"
                          CONTENT="intelligat"/>
                  <SP HEIGHT="58" WIDTH="15" VPOS="428" HPOS="1432"/>
                  <String HEIGHT="58"
                          WIDTH="133"
                          VPOS="428"
                          HPOS="1388"
                          CONTENT="aliud"/>
                  <SP HEIGHT="58" WIDTH="15" VPOS="428" HPOS="1521"/>
                  <String HEIGHT="58"
                          WIDTH="177"
                          VPOS="428"
                          HPOS="1477"
                          CONTENT="obiectum"/>
                  <SP HEIGHT="58" WIDTH="15" VPOS="428" HPOS="1653"/>
                  <String HEIGHT="58"
                          WIDTH="118"
                          VPOS="428"
                          HPOS="1609"
                          CONTENT="nisi"/>
                  <SP HEIGHT="58" WIDTH="15" VPOS="428" HPOS="1727"/>
                  <String HEIGHT="58"
                          WIDTH="103"
                          VPOS="428"
                          HPOS="1683"
                          CONTENT="per"/>
                  <SP HEIGHT="58" WIDTH="15" VPOS="428" HPOS="1786"/>
                  <String HEIGHT="58"
                          WIDTH="133"
                          VPOS="428"
                          HPOS="1742"
                          CONTENT="actum"/>
                  <SP HEIGHT="58" WIDTH="15" VPOS="428" HPOS="1874"/>
                  <String HEIGHT="58"
                          WIDTH="133"
                          VPOS="428"
                          HPOS="1815"
                          CONTENT="volunta"/>
               </TextLine>
               <TextLine ID="r3l8"
                         BASELINE="531"
                         HEIGHT="57"
                         WIDTH="716"
                         VPOS="474"
                         HPOS="1238">
                  <String HEIGHT="57"
                          WIDTH="110"
                          VPOS="474"
                          HPOS="1224"
                          CONTENT="tis."/>
                  <SP HEIGHT="57" WIDTH="14" VPOS="474" HPOS="1334"/>
                  <String HEIGHT="57" WIDTH="83" VPOS="474" HPOS="1293" CONTENT="et"/>
                  <SP HEIGHT="57" WIDTH="14" VPOS="474" HPOS="1376"/>
                  <String HEIGHT="57"
                          WIDTH="124"
                          VPOS="474"
                          HPOS="1334"
                          CONTENT="ratio"/>
                  <SP HEIGHT="57" WIDTH="14" VPOS="474" HPOS="1458"/>
                  <String HEIGHT="57"
                          WIDTH="110"
                          VPOS="474"
                          HPOS="1417"
                          CONTENT="est."/>
                  <SP HEIGHT="57" WIDTH="14" VPOS="474" HPOS="1527"/>
                  <String HEIGHT="57"
                          WIDTH="110"
                          VPOS="474"
                          HPOS="1486"
                          CONTENT="quia"/>
                  <SP HEIGHT="57" WIDTH="14" VPOS="474" HPOS="1596"/>
                  <String HEIGHT="57"
                          WIDTH="124"
                          VPOS="474"
                          HPOS="1555"
                          CONTENT="agens"/>
                  <SP HEIGHT="57" WIDTH="14" VPOS="474" HPOS="1679"/>
                  <String HEIGHT="57"
                          WIDTH="165"
                          VPOS="474"
                          HPOS="1637"
                          CONTENT="naturale"/>
                  <SP HEIGHT="57" WIDTH="14" VPOS="474" HPOS="1803"/>
                  <String HEIGHT="57"
                          WIDTH="138"
                          VPOS="474"
                          HPOS="1761"
                          CONTENT="habens"/>
                  <SP HEIGHT="57" WIDTH="14" VPOS="474" HPOS="1899"/>
                  <String HEIGHT="57"
                          WIDTH="110"
                          VPOS="474"
                          HPOS="1844"
                          CONTENT="passum"/>
               </TextLine>
               <TextLine ID="r3l9"
                         BASELINE="574"
                         HEIGHT="59"
                         WIDTH="709"
                         VPOS="515"
                         HPOS="1245">
                  <String HEIGHT="59"
                          WIDTH="126"
                          VPOS="515"
                          HPOS="1229"
                          CONTENT="sibi"/>
                  <SP HEIGHT="59" WIDTH="16" VPOS="515" HPOS="1355"/>
                  <String HEIGHT="59"
                          WIDTH="252"
                          VPOS="515"
                          HPOS="1308"
                          CONTENT="approximatum"/>
                  <SP HEIGHT="59" WIDTH="16" VPOS="515" HPOS="1560"/>
                  <String HEIGHT="59" WIDTH="95" VPOS="515" HPOS="1513" CONTENT="et"/>
                  <SP HEIGHT="59" WIDTH="16" VPOS="515" HPOS="1607"/>
                  <String HEIGHT="59"
                          WIDTH="110"
                          VPOS="515"
                          HPOS="1560"
                          CONTENT="non"/>
                  <SP HEIGHT="59" WIDTH="16" VPOS="515" HPOS="1670"/>
                  <String HEIGHT="59"
                          WIDTH="205"
                          VPOS="515"
                          HPOS="1623"
                          CONTENT="impeditum"/>
                  <SP HEIGHT="59" WIDTH="16" VPOS="515" HPOS="1828"/>
                  <String HEIGHT="59"
                          WIDTH="189"
                          VPOS="515"
                          HPOS="1765"
                          CONTENT="necessario"/>
               </TextLine>
               <TextLine ID="r3l10"
                         BASELINE="626"
                         HEIGHT="66"
                         WIDTH="708"
                         VPOS="560"
                         HPOS="1241">
                  <String HEIGHT="66"
                          WIDTH="130"
                          VPOS="560"
                          HPOS="1227"
                          CONTENT="agit."/>
                  <SP HEIGHT="66" WIDTH="14" VPOS="560" HPOS="1357"/>
                  <String HEIGHT="66" WIDTH="87" VPOS="560" HPOS="1313" CONTENT="et"/>
                  <SP HEIGHT="66" WIDTH="14" VPOS="560" HPOS="1400"/>
                  <String HEIGHT="66"
                          WIDTH="101"
                          VPOS="560"
                          HPOS="1357"
                          CONTENT="ita"/>
                  <SP HEIGHT="66" WIDTH="14" VPOS="560" HPOS="1458"/>
                  <String HEIGHT="66"
                          WIDTH="173"
                          VPOS="560"
                          HPOS="1414"
                          CONTENT="obiectum"/>
                  <SP HEIGHT="66" WIDTH="14" VPOS="560" HPOS="1588"/>
                  <String HEIGHT="66"
                          WIDTH="130"
                          VPOS="560"
                          HPOS="1544"
                          CONTENT="primo"/>
                  <SP HEIGHT="66" WIDTH="14" VPOS="560" HPOS="1674"/>
                  <String HEIGHT="66"
                          WIDTH="217"
                          VPOS="560"
                          HPOS="1631"
                          CONTENT="intellectum"/>
                  <SP HEIGHT="66" WIDTH="14" VPOS="560" HPOS="1848"/>
                  <String HEIGHT="66" WIDTH="87" VPOS="560" HPOS="1805" CONTENT="ab"/>
                  <SP HEIGHT="66" WIDTH="14" VPOS="560" HPOS="1891"/>
                  <String HEIGHT="66"
                          WIDTH="116"
                          VPOS="560"
                          HPOS="1833"
                          CONTENT="angelo"/>
               </TextLine>
               <TextLine ID="r3l11"
                         BASELINE="662"
                         HEIGHT="61"
                         WIDTH="716"
                         VPOS="601"
                         HPOS="1244">
                  <String HEIGHT="61"
                          WIDTH="205"
                          VPOS="601"
                          HPOS="1229"
                          CONTENT="necessario"/>
                  <SP HEIGHT="61" WIDTH="15" VPOS="601" HPOS="1434"/>
                  <String HEIGHT="61"
                          WIDTH="190"
                          VPOS="601"
                          HPOS="1390"
                          CONTENT="continuat"/>
                  <SP HEIGHT="61" WIDTH="15" VPOS="601" HPOS="1580"/>
                  <String HEIGHT="61"
                          WIDTH="146"
                          VPOS="601"
                          HPOS="1536"
                          CONTENT="primum"/>
                  <SP HEIGHT="61" WIDTH="15" VPOS="601" HPOS="1682"/>
                  <String HEIGHT="61"
                          WIDTH="132"
                          VPOS="601"
                          HPOS="1639"
                          CONTENT="actum"/>
                  <SP HEIGHT="61" WIDTH="15" VPOS="601" HPOS="1770"/>
                  <String HEIGHT="61"
                          WIDTH="117"
                          VPOS="601"
                          HPOS="1726"
                          CONTENT="nisi"/>
                  <SP HEIGHT="61" WIDTH="15" VPOS="601" HPOS="1843"/>
                  <String HEIGHT="61"
                          WIDTH="175"
                          VPOS="601"
                          HPOS="1785"
                          CONTENT="impediatur"/>
               </TextLine>
               <TextLine ID="r3l12"
                         BASELINE="711"
                         HEIGHT="64"
                         WIDTH="722"
                         VPOS="647"
                         HPOS="1239">
                  <String HEIGHT="64"
                          WIDTH="101"
                          VPOS="647"
                          HPOS="1225"
                          CONTENT="per"/>
                  <SP HEIGHT="64" WIDTH="14" VPOS="647" HPOS="1326"/>
                  <String HEIGHT="64"
                          WIDTH="130"
                          VPOS="647"
                          HPOS="1282"
                          CONTENT="actum"/>
                  <SP HEIGHT="64" WIDTH="14" VPOS="647" HPOS="1412"/>
                  <String HEIGHT="64"
                          WIDTH="202"
                          VPOS="647"
                          HPOS="1369"
                          CONTENT="voluntatis"/>
                  <SP HEIGHT="64" WIDTH="14" VPOS="647" HPOS="1571"/>
                  <String HEIGHT="64"
                          WIDTH="188"
                          VPOS="647"
                          HPOS="1528"
                          CONTENT="stantibus"/>
                  <SP HEIGHT="64" WIDTH="14" VPOS="647" HPOS="1716"/>
                  <String HEIGHT="64"
                          WIDTH="130"
                          VPOS="647"
                          HPOS="1672"
                          CONTENT="aliis"/>
                  <SP HEIGHT="64" WIDTH="14" VPOS="647" HPOS="1802"/>
                  <String HEIGHT="64"
                          WIDTH="217"
                          VPOS="647"
                          HPOS="1744"
                          CONTENT="conditionibus"/>
               </TextLine>
               <TextLine ID="r3l13"
                         BASELINE="750"
                         HEIGHT="59"
                         WIDTH="725"
                         VPOS="691"
                         HPOS="1233">
                  <String HEIGHT="59"
                          WIDTH="203"
                          VPOS="691"
                          HPOS="1219"
                          CONTENT="requisitis"/>
                  <SP HEIGHT="59" WIDTH="15" VPOS="691" HPOS="1422"/>
                  <String HEIGHT="59" WIDTH="73" VPOS="691" HPOS="1378" CONTENT="⁋"/>
                  <SP HEIGHT="59" WIDTH="15" VPOS="691" HPOS="1451"/>
                  <String HEIGHT="59" WIDTH="87" VPOS="691" HPOS="1407" CONTENT="Ad"/>
                  <SP HEIGHT="59" WIDTH="15" VPOS="691" HPOS="1494"/>
                  <String HEIGHT="59"
                          WIDTH="131"
                          VPOS="691"
                          HPOS="1451"
                          CONTENT="aliud"/>
                  <SP HEIGHT="59" WIDTH="15" VPOS="691" HPOS="1581"/>
                  <String HEIGHT="59"
                          WIDTH="116"
                          VPOS="691"
                          HPOS="1538"
                          CONTENT="dico"/>
                  <SP HEIGHT="59" WIDTH="15" VPOS="691" HPOS="1654"/>
                  <String HEIGHT="59"
                          WIDTH="116"
                          VPOS="691"
                          HPOS="1610"
                          CONTENT="quod"/>
                  <SP HEIGHT="59" WIDTH="15" VPOS="691" HPOS="1726"/>
                  <String HEIGHT="59"
                          WIDTH="116"
                          VPOS="691"
                          HPOS="1683"
                          CONTENT="illa"/>
                  <SP HEIGHT="59" WIDTH="15" VPOS="691" HPOS="1799"/>
                  <String HEIGHT="59"
                          WIDTH="131"
                          VPOS="691"
                          HPOS="1755"
                          CONTENT="ratio"/>
                  <SP HEIGHT="59" WIDTH="15" VPOS="691" HPOS="1886"/>
                  <String HEIGHT="59"
                          WIDTH="131"
                          VPOS="691"
                          HPOS="1828"
                          CONTENT="equali"
                          SUBS_TYPE="HypPart1"
                          SUBS_CONTENT="equaliter"/>
                  <HYP CONTENT="-"/>
               </TextLine>
               <TextLine ID="r3l14"
                         BASELINE="793"
                         HEIGHT="59"
                         WIDTH="712"
                         VPOS="734"
                         HPOS="1247">
                  <String HEIGHT="59"
                          WIDTH="89"
                          VPOS="734"
                          HPOS="1234"
                          CONTENT="ter"
                          SUBS_TYPE="HypPart2"
                          SUBS_CONTENT="equaliter"/>
                  <SP HEIGHT="59" WIDTH="13" VPOS="734" HPOS="1323"/>
                  <String HEIGHT="59"
                          WIDTH="178"
                          VPOS="734"
                          HPOS="1285"
                          CONTENT="concludit:"/>
                  <SP HEIGHT="59" WIDTH="13" VPOS="734" HPOS="1463"/>
                  <String HEIGHT="59"
                          WIDTH="102"
                          VPOS="734"
                          HPOS="1425"
                          CONTENT="siue"/>
                  <SP HEIGHT="59" WIDTH="13" VPOS="734" HPOS="1527"/>
                  <String HEIGHT="59"
                          WIDTH="140"
                          VPOS="734"
                          HPOS="1489"
                          CONTENT="ponatur"/>
                  <SP HEIGHT="59" WIDTH="13" VPOS="734" HPOS="1628"/>
                  <String HEIGHT="59"
                          WIDTH="102"
                          VPOS="734"
                          HPOS="1590"
                          CONTENT="quod"/>
                  <SP HEIGHT="59" WIDTH="13" VPOS="734" HPOS="1692"/>
                  <String HEIGHT="59"
                          WIDTH="191"
                          VPOS="734"
                          HPOS="1654"
                          CONTENT="intellectus"/>
                  <SP HEIGHT="59" WIDTH="13" VPOS="734" HPOS="1845"/>
                  <String HEIGHT="59" WIDTH="89" VPOS="734" HPOS="1806" CONTENT="sit"/>
                  <SP HEIGHT="59" WIDTH="13" VPOS="734" HPOS="1895"/>
                  <String HEIGHT="59"
                          WIDTH="114"
                          VPOS="734"
                          HPOS="1845"
                          CONTENT="actiuus"/>
               </TextLine>
               <TextLine ID="r3l15"
                         BASELINE="839"
                         HEIGHT="55"
                         WIDTH="722"
                         VPOS="784"
                         HPOS="1245">
                  <String HEIGHT="55"
                          WIDTH="107"
                          VPOS="784"
                          HPOS="1232"
                          CONTENT="siue"/>
                  <SP HEIGHT="55" WIDTH="13" VPOS="784" HPOS="1339"/>
                  <String HEIGHT="55"
                          WIDTH="147"
                          VPOS="784"
                          HPOS="1298"
                          CONTENT="ponatur"/>
                  <SP HEIGHT="55" WIDTH="13" VPOS="784" HPOS="1446"/>
                  <String HEIGHT="55"
                          WIDTH="107"
                          VPOS="784"
                          HPOS="1405"
                          CONTENT="quod"/>
                  <SP HEIGHT="55" WIDTH="13" VPOS="784" HPOS="1512"/>
                  <String HEIGHT="55" WIDTH="94" VPOS="784" HPOS="1472" CONTENT="non"/>
                  <SP HEIGHT="55" WIDTH="13" VPOS="784" HPOS="1566"/>
                  <String HEIGHT="55" WIDTH="94" VPOS="784" HPOS="1526" CONTENT="sit"/>
                  <SP HEIGHT="55" WIDTH="13" VPOS="784" HPOS="1619"/>
                  <String HEIGHT="55"
                          WIDTH="160"
                          VPOS="784"
                          HPOS="1579"
                          CONTENT="actiuus."/>
                  <SP HEIGHT="55" WIDTH="13" VPOS="784" HPOS="1740"/>
                  <String HEIGHT="55"
                          WIDTH="107"
                          VPOS="784"
                          HPOS="1700"
                          CONTENT="quia"/>
                  <SP HEIGHT="55" WIDTH="13" VPOS="784" HPOS="1807"/>
                  <String HEIGHT="55" WIDTH="80" VPOS="784" HPOS="1766" CONTENT="si"/>
                  <SP HEIGHT="55" WIDTH="13" VPOS="784" HPOS="1847"/>
                  <String HEIGHT="55" WIDTH="94" VPOS="784" HPOS="1807" CONTENT="sit"/>
                  <SP HEIGHT="55" WIDTH="13" VPOS="784" HPOS="1900"/>
                  <String HEIGHT="55"
                          WIDTH="120"
                          VPOS="784"
                          HPOS="1847"
                          CONTENT="actiuus"/>
               </TextLine>
               <TextLine ID="r3l16"
                         BASELINE="882"
                         HEIGHT="58"
                         WIDTH="721"
                         VPOS="824"
                         HPOS="1250">
                  <String HEIGHT="58"
                          WIDTH="216"
                          VPOS="824"
                          HPOS="1236"
                          CONTENT="naturaliter"/>
                  <SP HEIGHT="58" WIDTH="14" VPOS="824" HPOS="1452"/>
                  <String HEIGHT="58"
                          WIDTH="130"
                          VPOS="824"
                          HPOS="1409"
                          CONTENT="agit."/>
                  <SP HEIGHT="58" WIDTH="14" VPOS="824" HPOS="1538"/>
                  <String HEIGHT="58" WIDTH="87" VPOS="824" HPOS="1495" CONTENT="et"/>
                  <SP HEIGHT="58" WIDTH="14" VPOS="824" HPOS="1582"/>
                  <String HEIGHT="58"
                          WIDTH="101"
                          VPOS="824"
                          HPOS="1538"
                          CONTENT="ita"/>
                  <SP HEIGHT="58" WIDTH="14" VPOS="824" HPOS="1639"/>
                  <String HEIGHT="58"
                          WIDTH="202"
                          VPOS="824"
                          HPOS="1596"
                          CONTENT="indifferes"/>
                  <SP HEIGHT="58" WIDTH="14" VPOS="824" HPOS="1798"/>
                  <String HEIGHT="58"
                          WIDTH="101"
                          VPOS="824"
                          HPOS="1755"
                          CONTENT="est"/>
                  <SP HEIGHT="58" WIDTH="14" VPOS="824" HPOS="1856"/>
                  <String HEIGHT="58" WIDTH="87" VPOS="824" HPOS="1812" CONTENT="ad"/>
                  <SP HEIGHT="58" WIDTH="14" VPOS="824" HPOS="1899"/>
                  <String HEIGHT="58"
                          WIDTH="130"
                          VPOS="824"
                          HPOS="1841"
                          CONTENT="causan"
                          SUBS_TYPE="HypPart1"
                          SUBS_CONTENT="causandum"/>
                  <HYP CONTENT="-"/>
               </TextLine>
               <TextLine ID="r3l17"
                         BASELINE="927"
                         HEIGHT="63"
                         WIDTH="718"
                         VPOS="864"
                         HPOS="1248">
                  <String HEIGHT="63"
                          WIDTH="97"
                          VPOS="864"
                          HPOS="1234"
                          CONTENT="dum"
                          SUBS_TYPE="HypPart2"
                          SUBS_CONTENT="causandum"/>
                  <SP HEIGHT="63" WIDTH="14" VPOS="864" HPOS="1331"/>
                  <String HEIGHT="63"
                          WIDTH="235"
                          VPOS="864"
                          HPOS="1289"
                          CONTENT="propositionem"/>
                  <SP HEIGHT="63" WIDTH="14" VPOS="864" HPOS="1524"/>
                  <String HEIGHT="63"
                          WIDTH="124"
                          VPOS="864"
                          HPOS="1483"
                          CONTENT="veram"/>
                  <SP HEIGHT="63" WIDTH="14" VPOS="864" HPOS="1607"/>
                  <String HEIGHT="63"
                          WIDTH="124"
                          VPOS="864"
                          HPOS="1566"
                          CONTENT="sicut"/>
                  <SP HEIGHT="63" WIDTH="14" VPOS="864" HPOS="1690"/>
                  <String HEIGHT="63"
                          WIDTH="138"
                          VPOS="864"
                          HPOS="1648"
                          CONTENT="falsam"/>
                  <SP HEIGHT="63" WIDTH="14" VPOS="864" HPOS="1787"/>
                  <String HEIGHT="63" WIDTH="83" VPOS="864" HPOS="1745" CONTENT="et"/>
                  <SP HEIGHT="63" WIDTH="14" VPOS="864" HPOS="1828"/>
                  <String HEIGHT="63"
                          WIDTH="193"
                          VPOS="864"
                          HPOS="1773"
                          CONTENT="impossibilem"/>
               </TextLine>
               <TextLine ID="r3l18"
                         BASELINE="973"
                         HEIGHT="58"
                         WIDTH="719"
                         VPOS="915"
                         HPOS="1251">
                  <String HEIGHT="58"
                          WIDTH="141"
                          VPOS="915"
                          HPOS="1237"
                          CONTENT="solum."/>
                  <SP HEIGHT="58" WIDTH="14" VPOS="915" HPOS="1378"/>
                  <String HEIGHT="58" WIDTH="85" VPOS="915" HPOS="1336" CONTENT="et"/>
                  <SP HEIGHT="58" WIDTH="14" VPOS="915" HPOS="1420"/>
                  <String HEIGHT="58" WIDTH="85" VPOS="915" HPOS="1378" CONTENT="si"/>
                  <SP HEIGHT="58" WIDTH="14" VPOS="915" HPOS="1462"/>
                  <String HEIGHT="58"
                          WIDTH="169"
                          VPOS="915"
                          HPOS="1420"
                          CONTENT="causaret"/>
                  <SP HEIGHT="58" WIDTH="14" VPOS="915" HPOS="1589"/>
                  <String HEIGHT="58"
                          WIDTH="211"
                          VPOS="915"
                          HPOS="1547"
                          CONTENT="naturaliter"/>
                  <SP HEIGHT="58" WIDTH="14" VPOS="915" HPOS="1759"/>
                  <String HEIGHT="58"
                          WIDTH="240"
                          VPOS="915"
                          HPOS="1716"
                          CONTENT="propositionem"/>
                  <SP HEIGHT="58" WIDTH="14" VPOS="915" HPOS="1956"/>
                  <String HEIGHT="58"
                          WIDTH="70"
                          VPOS="915"
                          HPOS="1900"
                          CONTENT="ve"
                          SUBS_TYPE="HypPart1"
                          SUBS_CONTENT="veram"/>
                  <HYP CONTENT="-"/>
               </TextLine>
               <TextLine ID="r3l19"
                         BASELINE="1013"
                         HEIGHT="56"
                         WIDTH="718"
                         VPOS="957"
                         HPOS="1248">
                  <String HEIGHT="56"
                          WIDTH="105"
                          VPOS="957"
                          HPOS="1233"
                          CONTENT="ram"
                          SUBS_TYPE="HypPart2"
                          SUBS_CONTENT="veram"/>
                  <SP HEIGHT="56" WIDTH="15" VPOS="957" HPOS="1338"/>
                  <String HEIGHT="56"
                          WIDTH="105"
                          VPOS="957"
                          HPOS="1293"
                          CONTENT="non"/>
                  <SP HEIGHT="56" WIDTH="15" VPOS="957" HPOS="1398"/>
                  <String HEIGHT="56"
                          WIDTH="150"
                          VPOS="957"
                          HPOS="1353"
                          CONTENT="posset"/>
                  <SP HEIGHT="56" WIDTH="15" VPOS="957" HPOS="1502"/>
                  <String HEIGHT="56"
                          WIDTH="165"
                          VPOS="957"
                          HPOS="1457"
                          CONTENT="causare"/>
                  <SP HEIGHT="56" WIDTH="15" VPOS="957" HPOS="1622"/>
                  <String HEIGHT="56"
                          WIDTH="239"
                          VPOS="957"
                          HPOS="1577"
                          CONTENT="propositione"/>
                  <SP HEIGHT="56" WIDTH="15" VPOS="957" HPOS="1816"/>
                  <String HEIGHT="56"
                          WIDTH="165"
                          VPOS="957"
                          HPOS="1772"
                          CONTENT="falsam."/>
                  <SP HEIGHT="56" WIDTH="15" VPOS="957" HPOS="1936"/>
                  <String HEIGHT="56"
                          WIDTH="90"
                          VPOS="957"
                          HPOS="1876"
                          CONTENT="Ideo"/>
               </TextLine>
               <TextLine ID="r3l20"
                         BASELINE="1057"
                         HEIGHT="57"
                         WIDTH="714"
                         VPOS="1000"
                         HPOS="1244">
                  <String HEIGHT="57"
                          WIDTH="112"
                          VPOS="1000"
                          HPOS="1230"
                          CONTENT="dico"/>
                  <SP HEIGHT="57" WIDTH="14" VPOS="1000" HPOS="1342"/>
                  <String HEIGHT="57"
                          WIDTH="126"
                          VPOS="1000"
                          HPOS="1300"
                          CONTENT="sicut"/>
                  <SP HEIGHT="57" WIDTH="14" VPOS="1000" HPOS="1426"/>
                  <String HEIGHT="57"
                          WIDTH="126"
                          VPOS="1000"
                          HPOS="1384"
                          CONTENT="alibi"/>
                  <SP HEIGHT="57" WIDTH="14" VPOS="1000" HPOS="1510"/>
                  <String HEIGHT="57"
                          WIDTH="140"
                          VPOS="1000"
                          HPOS="1468"
                          CONTENT="dictum"/>
                  <SP HEIGHT="57" WIDTH="14" VPOS="1000" HPOS="1608"/>
                  <String HEIGHT="57"
                          WIDTH="98"
                          VPOS="1000"
                          HPOS="1566"
                          CONTENT="est"/>
                  <SP HEIGHT="57" WIDTH="14" VPOS="1000" HPOS="1664"/>
                  <String HEIGHT="57"
                          WIDTH="112"
                          VPOS="1000"
                          HPOS="1622"
                          CONTENT="quod"/>
                  <SP HEIGHT="57" WIDTH="14" VPOS="1000" HPOS="1734"/>
                  <String HEIGHT="57" WIDTH="84" VPOS="1000" HPOS="1692" CONTENT="ad"/>
                  <SP HEIGHT="57" WIDTH="14" VPOS="1000" HPOS="1776"/>
                  <String HEIGHT="57"
                          WIDTH="182"
                          VPOS="1000"
                          HPOS="1734"
                          CONTENT="causandum"/>
                  <SP HEIGHT="57" WIDTH="14" VPOS="1000" HPOS="1916"/>
                  <String HEIGHT="57"
                          WIDTH="98"
                          VPOS="1000"
                          HPOS="1860"
                          CONTENT="actum"/>
               </TextLine>
               <TextLine ID="r3l21"
                         BASELINE="1101"
                         HEIGHT="53"
                         WIDTH="704"
                         VPOS="1048"
                         HPOS="1260">
                  <String HEIGHT="53"
                          WIDTH="110"
                          VPOS="1048"
                          HPOS="1244"
                          CONTENT="quo"/>
                  <SP HEIGHT="53" WIDTH="16" VPOS="1048" HPOS="1354"/>
                  <String HEIGHT="53"
                          WIDTH="266"
                          VPOS="1048"
                          HPOS="1307"
                          CONTENT="apprehenditur"/>
                  <SP HEIGHT="53" WIDTH="16" VPOS="1048" HPOS="1573"/>
                  <String HEIGHT="53"
                          WIDTH="203"
                          VPOS="1048"
                          HPOS="1526"
                          CONTENT="complexum"/>
                  <SP HEIGHT="53" WIDTH="16" VPOS="1048" HPOS="1729"/>
                  <String HEIGHT="53"
                          WIDTH="110"
                          VPOS="1048"
                          HPOS="1682"
                          CONTENT="qui"/>
                  <SP HEIGHT="53" WIDTH="16" VPOS="1048" HPOS="1792"/>
                  <String HEIGHT="53"
                          WIDTH="172"
                          VPOS="1048"
                          HPOS="1745"
                          CONTENT="dicitur"/>
                  <SP HEIGHT="53" WIDTH="16" VPOS="1048" HPOS="1917"/>
                  <String HEIGHT="53"
                          WIDTH="110"
                          VPOS="1048"
                          HPOS="1854"
                          CONTENT="compo"/>
               </TextLine>
               <TextLine ID="r3l22"
                         BASELINE="1147"
                         HEIGHT="59"
                         WIDTH="714"
                         VPOS="1088"
                         HPOS="1250">
                  <String HEIGHT="59"
                          WIDTH="140"
                          VPOS="1088"
                          HPOS="1236"
                          CONTENT="sitio:"/>
                  <SP HEIGHT="59" WIDTH="14" VPOS="1088" HPOS="1376"/>
                  <String HEIGHT="59"
                          WIDTH="182"
                          VPOS="1088"
                          HPOS="1334"
                          CONTENT="concurrit"/>
                  <SP HEIGHT="59" WIDTH="14" VPOS="1088" HPOS="1516"/>
                  <String HEIGHT="59"
                          WIDTH="126"
                          VPOS="1088"
                          HPOS="1474"
                          CONTENT="actus"/>
                  <SP HEIGHT="59" WIDTH="14" VPOS="1088" HPOS="1600"/>
                  <String HEIGHT="59"
                          WIDTH="210"
                          VPOS="1088"
                          HPOS="1558"
                          CONTENT="voluntatis."/>
                  <SP HEIGHT="59" WIDTH="14" VPOS="1088" HPOS="1768"/>
                  <String HEIGHT="59"
                          WIDTH="112"
                          VPOS="1088"
                          HPOS="1726"
                          CONTENT="siue"/>
                  <SP HEIGHT="59" WIDTH="14" VPOS="1088" HPOS="1838"/>
                  <String HEIGHT="59"
                          WIDTH="182"
                          VPOS="1088"
                          HPOS="1782"
                          CONTENT="intellectus"/>
               </TextLine>
               <TextLine ID="r3l23"
                         BASELINE="1189"
                         HEIGHT="58"
                         WIDTH="723"
                         VPOS="1131"
                         HPOS="1250">
                  <String HEIGHT="58"
                          WIDTH="99"
                          VPOS="1131"
                          HPOS="1236"
                          CONTENT="sit"/>
                  <SP HEIGHT="58" WIDTH="14" VPOS="1131" HPOS="1335"/>
                  <String HEIGHT="58"
                          WIDTH="113"
                          VPOS="1131"
                          HPOS="1293"
                          CONTENT="siue"/>
                  <SP HEIGHT="58" WIDTH="14" VPOS="1131" HPOS="1406"/>
                  <String HEIGHT="58"
                          WIDTH="113"
                          VPOS="1131"
                          HPOS="1363"
                          CONTENT="non."/>
                  <SP HEIGHT="58" WIDTH="14" VPOS="1131" HPOS="1477"/>
                  <String HEIGHT="58"
                          WIDTH="113"
                          VPOS="1131"
                          HPOS="1434"
                          CONTENT="quia"/>
                  <SP HEIGHT="58" WIDTH="14" VPOS="1131" HPOS="1548"/>
                  <String HEIGHT="58"
                          WIDTH="156"
                          VPOS="1131"
                          HPOS="1505"
                          CONTENT="notitie"/>
                  <SP HEIGHT="58" WIDTH="14" VPOS="1131" HPOS="1661"/>
                  <String HEIGHT="58"
                          WIDTH="198"
                          VPOS="1131"
                          HPOS="1619"
                          CONTENT="incomplexe"/>
                  <SP HEIGHT="58" WIDTH="14" VPOS="1131" HPOS="1817"/>
                  <String HEIGHT="58"
                          WIDTH="198"
                          VPOS="1131"
                          HPOS="1775"
                          CONTENT="terminorum"/>
                  <SP HEIGHT="58" WIDTH="14" VPOS="1131" HPOS="1973"/>
                  <String HEIGHT="58" WIDTH="57" VPOS="1131" HPOS="1916" CONTENT="et"/>
               </TextLine>
               <TextLine ID="r3l24"
                         BASELINE="1237"
                         HEIGHT="59"
                         WIDTH="731"
                         VPOS="1178"
                         HPOS="1251">
                  <String HEIGHT="59"
                          WIDTH="234"
                          VPOS="1178"
                          HPOS="1236"
                          CONTENT="intellectus:"/>
                  <SP HEIGHT="59" WIDTH="15" VPOS="1178" HPOS="1470"/>
                  <String HEIGHT="59" WIDTH="88" VPOS="1178" HPOS="1426" CONTENT="si"/>
                  <SP HEIGHT="59" WIDTH="15" VPOS="1178" HPOS="1514"/>
                  <String HEIGHT="59"
                          WIDTH="102"
                          VPOS="1178"
                          HPOS="1470"
                          CONTENT="sit"/>
                  <SP HEIGHT="59" WIDTH="15" VPOS="1178" HPOS="1573"/>
                  <String HEIGHT="59"
                          WIDTH="161"
                          VPOS="1178"
                          HPOS="1529"
                          CONTENT="actiuus"/>
                  <SP HEIGHT="59" WIDTH="15" VPOS="1178" HPOS="1690"/>
                  <String HEIGHT="59"
                          WIDTH="117"
                          VPOS="1178"
                          HPOS="1646"
                          CONTENT="sunt"/>
                  <SP HEIGHT="59" WIDTH="15" VPOS="1178" HPOS="1763"/>
                  <String HEIGHT="59"
                          WIDTH="219"
                          VPOS="1178"
                          HPOS="1719"
                          CONTENT="naturaliter"/>
                  <SP HEIGHT="59" WIDTH="15" VPOS="1178" HPOS="1938"/>
                  <String HEIGHT="59"
                          WIDTH="102"
                          VPOS="1178"
                          HPOS="1880"
                          CONTENT="agen"
                          SUBS_TYPE="HypPart1"
                          SUBS_CONTENT="agentia"/>
                  <HYP CONTENT="-"/>
               </TextLine>
               <TextLine ID="r3l25"
                         BASELINE="1277"
                         HEIGHT="48"
                         WIDTH="717"
                         VPOS="1229"
                         HPOS="1264">
                  <String HEIGHT="48"
                          WIDTH="102"
                          VPOS="1229"
                          HPOS="1249"
                          CONTENT="tia"
                          SUBS_TYPE="HypPart2"
                          SUBS_CONTENT="agentia"/>
                  <SP HEIGHT="48" WIDTH="15" VPOS="1229" HPOS="1352"/>
                  <String HEIGHT="48" WIDTH="88" VPOS="1229" HPOS="1308" CONTENT="et"/>
                  <SP HEIGHT="48" WIDTH="15" VPOS="1229" HPOS="1396"/>
                  <String HEIGHT="48"
                          WIDTH="102"
                          VPOS="1229"
                          HPOS="1352"
                          CONTENT="non"/>
                  <SP HEIGHT="48" WIDTH="15" VPOS="1229" HPOS="1454"/>
                  <String HEIGHT="48"
                          WIDTH="117"
                          VPOS="1229"
                          HPOS="1410"
                          CONTENT="plus"/>
                  <SP HEIGHT="48" WIDTH="15" VPOS="1229" HPOS="1527"/>
                  <String HEIGHT="48"
                          WIDTH="176"
                          VPOS="1229"
                          HPOS="1483"
                          CONTENT="inclinat"/>
                  <SP HEIGHT="48" WIDTH="15" VPOS="1229" HPOS="1659"/>
                  <String HEIGHT="48" WIDTH="88" VPOS="1229" HPOS="1615" CONTENT="ad"/>
                  <SP HEIGHT="48" WIDTH="15" VPOS="1229" HPOS="1703"/>
                  <String HEIGHT="48"
                          WIDTH="190"
                          VPOS="1229"
                          HPOS="1659"
                          CONTENT="formandum"/>
                  <SP HEIGHT="48" WIDTH="15" VPOS="1229" HPOS="1849"/>
                  <String HEIGHT="48"
                          WIDTH="190"
                          VPOS="1229"
                          HPOS="1791"
                          CONTENT="propositio"
                          SUBS_TYPE="HypPart1"
                          SUBS_CONTENT="propositionem"/>
                  <HYP CONTENT="-"/>
               </TextLine>
               <TextLine ID="r3l26"
                         BASELINE="1318"
                         HEIGHT="54"
                         WIDTH="703"
                         VPOS="1264"
                         HPOS="1263">
                  <String HEIGHT="54"
                          WIDTH="93"
                          VPOS="1264"
                          HPOS="1250"
                          CONTENT="nem"
                          SUBS_TYPE="HypPart2"
                          SUBS_CONTENT="propositionem"/>
                  <SP HEIGHT="54" WIDTH="13" VPOS="1264" HPOS="1343"/>
                  <String HEIGHT="54"
                          WIDTH="119"
                          VPOS="1264"
                          HPOS="1303"
                          CONTENT="veram"/>
                  <SP HEIGHT="54" WIDTH="13" VPOS="1264" HPOS="1422"/>
                  <String HEIGHT="54"
                          WIDTH="106"
                          VPOS="1264"
                          HPOS="1382"
                          CONTENT="quam"/>
                  <SP HEIGHT="54" WIDTH="13" VPOS="1264" HPOS="1488"/>
                  <String HEIGHT="54"
                          WIDTH="133"
                          VPOS="1264"
                          HPOS="1449"
                          CONTENT="falsam"/>
                  <SP HEIGHT="54" WIDTH="13" VPOS="1264" HPOS="1581"/>
                  <String HEIGHT="54"
                          WIDTH="212"
                          VPOS="1264"
                          HPOS="1542"
                          CONTENT="affirmatiuam"/>
                  <SP HEIGHT="54" WIDTH="13" VPOS="1264" HPOS="1754"/>
                  <String HEIGHT="54"
                          WIDTH="106"
                          VPOS="1264"
                          HPOS="1714"
                          CONTENT="quam"/>
                  <SP HEIGHT="54" WIDTH="13" VPOS="1264" HPOS="1820"/>
                  <String HEIGHT="54"
                          WIDTH="186"
                          VPOS="1264"
                          HPOS="1780"
                          CONTENT="negatiuam."/>
                  <SP HEIGHT="54" WIDTH="13" VPOS="1264" HPOS="1966"/>
                  <String HEIGHT="54" WIDTH="53" VPOS="1264" HPOS="1913" CONTENT="et"/>
               </TextLine>
               <TextLine ID="r3l27"
                         BASELINE="1371"
                         HEIGHT="67"
                         WIDTH="723"
                         VPOS="1304"
                         HPOS="1259">
                  <String HEIGHT="67"
                          WIDTH="116"
                          VPOS="1304"
                          HPOS="1245"
                          CONTENT="ideo"/>
                  <SP HEIGHT="67" WIDTH="14" VPOS="1304" HPOS="1360"/>
                  <String HEIGHT="67"
                          WIDTH="101"
                          VPOS="1304"
                          HPOS="1317"
                          CONTENT="vel"/>
                  <SP HEIGHT="67" WIDTH="14" VPOS="1304" HPOS="1418"/>
                  <String HEIGHT="67"
                          WIDTH="174"
                          VPOS="1304"
                          HPOS="1375"
                          CONTENT="formaret"/>
                  <SP HEIGHT="67" WIDTH="14" VPOS="1304" HPOS="1548"/>
                  <String HEIGHT="67"
                          WIDTH="159"
                          VPOS="1304"
                          HPOS="1505"
                          CONTENT="neutram"/>
                  <SP HEIGHT="67" WIDTH="14" VPOS="1304" HPOS="1664"/>
                  <String HEIGHT="67"
                          WIDTH="101"
                          VPOS="1304"
                          HPOS="1621"
                          CONTENT="vel"/>
                  <SP HEIGHT="67" WIDTH="14" VPOS="1304" HPOS="1722"/>
                  <String HEIGHT="67"
                          WIDTH="130"
                          VPOS="1304"
                          HPOS="1678"
                          CONTENT="simul"/>
                  <SP HEIGHT="67" WIDTH="14" VPOS="1304" HPOS="1808"/>
                  <String HEIGHT="67"
                          WIDTH="188"
                          VPOS="1304"
                          HPOS="1765"
                          CONTENT="vtramque."/>
                  <SP HEIGHT="67" WIDTH="14" VPOS="1304" HPOS="1953"/>
                  <String HEIGHT="67"
                          WIDTH="87"
                          VPOS="1304"
                          HPOS="1895"
                          CONTENT="quod"/>
               </TextLine>
               <TextLine ID="r3l28"
                         BASELINE="1407"
                         HEIGHT="59"
                         WIDTH="710"
                         VPOS="1348"
                         HPOS="1265">
                  <String HEIGHT="59"
                          WIDTH="94"
                          VPOS="1348"
                          HPOS="1252"
                          CONTENT="est"/>
                  <SP HEIGHT="59" WIDTH="13" VPOS="1348" HPOS="1345"/>
                  <String HEIGHT="59"
                          WIDTH="134"
                          VPOS="1348"
                          HPOS="1305"
                          CONTENT="contra"/>
                  <SP HEIGHT="59" WIDTH="13" VPOS="1348" HPOS="1439"/>
                  <String HEIGHT="59"
                          WIDTH="228"
                          VPOS="1348"
                          HPOS="1399"
                          CONTENT="experientiam."/>
                  <SP HEIGHT="59" WIDTH="13" VPOS="1348" HPOS="1627"/>
                  <String HEIGHT="59"
                          WIDTH="107"
                          VPOS="1348"
                          HPOS="1587"
                          CONTENT="quia"/>
                  <SP HEIGHT="59" WIDTH="13" VPOS="1348" HPOS="1694"/>
                  <String HEIGHT="59"
                          WIDTH="107"
                          VPOS="1348"
                          HPOS="1653"
                          CONTENT="homo"/>
                  <SP HEIGHT="59" WIDTH="13" VPOS="1348" HPOS="1761"/>
                  <String HEIGHT="59"
                          WIDTH="94"
                          VPOS="1348"
                          HPOS="1720"
                          CONTENT="non"/>
                  <SP HEIGHT="59" WIDTH="13" VPOS="1348" HPOS="1814"/>
                  <String HEIGHT="59"
                          WIDTH="174"
                          VPOS="1348"
                          HPOS="1774"
                          CONTENT="experitur"/>
                  <SP HEIGHT="59" WIDTH="13" VPOS="1348" HPOS="1948"/>
                  <String HEIGHT="59"
                          WIDTH="80"
                          VPOS="1348"
                          HPOS="1895"
                          CONTENT="quod"/>
               </TextLine>
               <TextLine ID="r3l29"
                         BASELINE="1451"
                         HEIGHT="48"
                         WIDTH="718"
                         VPOS="1403"
                         HPOS="1257">
                  <String HEIGHT="48"
                          WIDTH="127"
                          VPOS="1403"
                          HPOS="1243"
                          CONTENT="simul"/>
                  <SP HEIGHT="48" WIDTH="14" VPOS="1403" HPOS="1370"/>
                  <String HEIGHT="48"
                          WIDTH="141"
                          VPOS="1403"
                          HPOS="1327"
                          CONTENT="formet"/>
                  <SP HEIGHT="48" WIDTH="14" VPOS="1403" HPOS="1468"/>
                  <String HEIGHT="48"
                          WIDTH="169"
                          VPOS="1403"
                          HPOS="1426"
                          CONTENT="vtramque"/>
                  <SP HEIGHT="48" WIDTH="14" VPOS="1403" HPOS="1595"/>
                  <String HEIGHT="48"
                          WIDTH="141"
                          VPOS="1403"
                          HPOS="1553"
                          CONTENT="partem"/>
                  <SP HEIGHT="48" WIDTH="14" VPOS="1403" HPOS="1693"/>
                  <String HEIGHT="48"
                          WIDTH="282"
                          VPOS="1403"
                          HPOS="1651"
                          CONTENT="contradictionis."/>
                  <SP HEIGHT="48" WIDTH="14" VPOS="1403" HPOS="1933"/>
                  <String HEIGHT="48"
                          WIDTH="99"
                          VPOS="1403"
                          HPOS="1876"
                          CONTENT="licet"/>
               </TextLine>
               <TextLine ID="r3l30"
                         BASELINE="1499"
                         HEIGHT="53"
                         WIDTH="718"
                         VPOS="1446"
                         HPOS="1264">
                  <String HEIGHT="53"
                          WIDTH="186"
                          VPOS="1446"
                          HPOS="1251"
                          CONTENT="formaliter"/>
                  <SP HEIGHT="53" WIDTH="13" VPOS="1446" HPOS="1437"/>
                  <String HEIGHT="53"
                          WIDTH="93"
                          VPOS="1446"
                          HPOS="1397"
                          CONTENT="non"/>
                  <SP HEIGHT="53" WIDTH="13" VPOS="1446" HPOS="1490"/>
                  <String HEIGHT="53"
                          WIDTH="93"
                          VPOS="1446"
                          HPOS="1450"
                          CONTENT="sit"/>
                  <SP HEIGHT="53" WIDTH="13" VPOS="1446" HPOS="1543"/>
                  <String HEIGHT="53"
                          WIDTH="213"
                          VPOS="1446"
                          HPOS="1503"
                          CONTENT="contradictio"/>
                  <SP HEIGHT="53" WIDTH="13" VPOS="1446" HPOS="1716"/>
                  <String HEIGHT="53"
                          WIDTH="120"
                          VPOS="1446"
                          HPOS="1676"
                          CONTENT="simul"/>
                  <SP HEIGHT="53" WIDTH="13" VPOS="1446" HPOS="1796"/>
                  <String HEIGHT="53"
                          WIDTH="146"
                          VPOS="1446"
                          HPOS="1756"
                          CONTENT="formare"/>
                  <SP HEIGHT="53" WIDTH="13" VPOS="1446" HPOS="1902"/>
                  <String HEIGHT="53"
                          WIDTH="133"
                          VPOS="1446"
                          HPOS="1849"
                          CONTENT="vtramque"/>
               </TextLine>
               <TextLine ID="r3l31"
                         BASELINE="1537"
                         HEIGHT="48"
                         WIDTH="730"
                         VPOS="1489"
                         HPOS="1257">
                  <String HEIGHT="48"
                          WIDTH="115"
                          VPOS="1489"
                          HPOS="1243"
                          CONTENT="quia"/>
                  <SP HEIGHT="48" WIDTH="14" VPOS="1489" HPOS="1357"/>
                  <String HEIGHT="48"
                          WIDTH="100"
                          VPOS="1489"
                          HPOS="1314"
                          CONTENT="non"/>
                  <SP HEIGHT="48" WIDTH="14" VPOS="1489" HPOS="1414"/>
                  <String HEIGHT="48"
                          WIDTH="100"
                          VPOS="1489"
                          HPOS="1372"
                          CONTENT="est"/>
                  <SP HEIGHT="48" WIDTH="14" VPOS="1489" HPOS="1472"/>
                  <String HEIGHT="48"
                          WIDTH="215"
                          VPOS="1489"
                          HPOS="1429"
                          CONTENT="repugnantia"/>
                  <SP HEIGHT="48" WIDTH="14" VPOS="1489" HPOS="1643"/>
                  <String HEIGHT="48"
                          WIDTH="100"
                          VPOS="1489"
                          HPOS="1601"
                          CONTENT="vel"/>
                  <SP HEIGHT="48" WIDTH="14" VPOS="1489" HPOS="1701"/>
                  <String HEIGHT="48"
                          WIDTH="229"
                          VPOS="1489"
                          HPOS="1658"
                          CONTENT="contradictio"/>
                  <SP HEIGHT="48" WIDTH="14" VPOS="1489" HPOS="1887"/>
                  <String HEIGHT="48"
                          WIDTH="129"
                          VPOS="1489"
                          HPOS="1844"
                          CONTENT="simul"/>
                  <SP HEIGHT="48" WIDTH="14" VPOS="1489" HPOS="1973"/>
                  <String HEIGHT="48"
                          WIDTH="72"
                          VPOS="1489"
                          HPOS="1915"
                          CONTENT="ap"
                          SUBS_TYPE="HypPart1"
                          SUBS_CONTENT="apprehendere"/>
                  <HYP CONTENT="-"/>
               </TextLine>
               <TextLine ID="r3l32"
                         BASELINE="1595"
                         HEIGHT="73"
                         WIDTH="717"
                         VPOS="1522"
                         HPOS="1259">
                  <String HEIGHT="73"
                          WIDTH="214"
                          VPOS="1522"
                          HPOS="1244"
                          CONTENT="prehendere"
                          SUBS_TYPE="HypPart2"
                          SUBS_CONTENT="apprehendere"/>
                  <SP HEIGHT="73" WIDTH="15" VPOS="1522" HPOS="1457"/>
                  <String HEIGHT="73"
                          WIDTH="290"
                          VPOS="1522"
                          HPOS="1412"
                          CONTENT="contradictoria."/>
                  <SP HEIGHT="73" WIDTH="15" VPOS="1522" HPOS="1701"/>
                  <String HEIGHT="73"
                          WIDTH="137"
                          VPOS="1522"
                          HPOS="1656"
                          CONTENT="tamen"/>
                  <SP HEIGHT="73" WIDTH="15" VPOS="1522" HPOS="1793"/>
                  <String HEIGHT="73"
                          WIDTH="137"
                          VPOS="1522"
                          HPOS="1747"
                          CONTENT="simul"/>
                  <SP HEIGHT="73" WIDTH="15" VPOS="1522" HPOS="1884"/>
                  <String HEIGHT="73" WIDTH="92" VPOS="1522" HPOS="1839" CONTENT="et"/>
                  <SP HEIGHT="73" WIDTH="15" VPOS="1522" HPOS="1930"/>
                  <String HEIGHT="73"
                          WIDTH="107"
                          VPOS="1522"
                          HPOS="1869"
                          CONTENT="semel"/>
               </TextLine>
               <TextLine ID="r3l33"
                         BASELINE="1626"
                         HEIGHT="53"
                         WIDTH="711"
                         VPOS="1573"
                         HPOS="1270">
                  <String HEIGHT="53"
                          WIDTH="181"
                          VPOS="1573"
                          HPOS="1256"
                          CONTENT="assentire"/>
                  <SP HEIGHT="53" WIDTH="14" VPOS="1573" HPOS="1437"/>
                  <String HEIGHT="53"
                          WIDTH="265"
                          VPOS="1573"
                          HPOS="1395"
                          CONTENT="contradictoriis"/>
                  <SP HEIGHT="53" WIDTH="14" VPOS="1573" HPOS="1660"/>
                  <String HEIGHT="53"
                          WIDTH="98"
                          VPOS="1573"
                          HPOS="1619"
                          CONTENT="est"/>
                  <SP HEIGHT="53" WIDTH="14" VPOS="1573" HPOS="1716"/>
                  <String HEIGHT="53"
                          WIDTH="237"
                          VPOS="1573"
                          HPOS="1674"
                          CONTENT="contradictio:"/>
                  <SP HEIGHT="53" WIDTH="14" VPOS="1573" HPOS="1911"/>
                  <String HEIGHT="53"
                          WIDTH="125"
                          VPOS="1573"
                          HPOS="1856"
                          CONTENT="propter"/>
               </TextLine>
               <TextLine ID="r3l34"
                         BASELINE="1668"
                         HEIGHT="55"
                         WIDTH="715"
                         VPOS="1613"
                         HPOS="1275">
                  <String HEIGHT="55"
                          WIDTH="216"
                          VPOS="1613"
                          HPOS="1262"
                          CONTENT="repugnantiam"/>
                  <SP HEIGHT="55" WIDTH="13" VPOS="1613" HPOS="1477"/>
                  <String HEIGHT="55"
                          WIDTH="121"
                          VPOS="1613"
                          HPOS="1437"
                          CONTENT="inter"/>
                  <SP HEIGHT="55" WIDTH="13" VPOS="1613" HPOS="1558"/>
                  <String HEIGHT="55"
                          WIDTH="121"
                          VPOS="1613"
                          HPOS="1518"
                          CONTENT="illos"/>
                  <SP HEIGHT="55" WIDTH="13" VPOS="1613" HPOS="1639"/>
                  <String HEIGHT="55"
                          WIDTH="175"
                          VPOS="1613"
                          HPOS="1599"
                          CONTENT="assensus."/>
                  <SP HEIGHT="55" WIDTH="13" VPOS="1613" HPOS="1774"/>
                  <String HEIGHT="55"
                          WIDTH="108"
                          VPOS="1613"
                          HPOS="1734"
                          CONTENT="ideo"/>
                  <SP HEIGHT="55" WIDTH="13" VPOS="1613" HPOS="1842"/>
                  <String HEIGHT="55"
                          WIDTH="108"
                          VPOS="1613"
                          HPOS="1801"
                          CONTENT="dico"/>
                  <SP HEIGHT="55" WIDTH="13" VPOS="1613" HPOS="1909"/>
                  <String HEIGHT="55"
                          WIDTH="108"
                          VPOS="1613"
                          HPOS="1869"
                          CONTENT="quod"/>
                  <SP HEIGHT="55" WIDTH="13" VPOS="1613" HPOS="1977"/>
                  <String HEIGHT="55"
                          WIDTH="67"
                          VPOS="1613"
                          HPOS="1923"
                          CONTENT="cau"/>
               </TextLine>
               <TextLine ID="r3l35"
                         BASELINE="1720"
                         HEIGHT="63"
                         WIDTH="710"
                         VPOS="1657"
                         HPOS="1269">
                  <String HEIGHT="63" WIDTH="89" VPOS="1657" HPOS="1254" CONTENT="sa"/>
                  <SP HEIGHT="63" WIDTH="15" VPOS="1657" HPOS="1343"/>
                  <String HEIGHT="63"
                          WIDTH="133"
                          VPOS="1657"
                          HPOS="1299"
                          CONTENT="quare"/>
                  <SP HEIGHT="63" WIDTH="15" VPOS="1657" HPOS="1432"/>
                  <String HEIGHT="63"
                          WIDTH="118"
                          VPOS="1657"
                          HPOS="1387"
                          CONTENT="plus"/>
                  <SP HEIGHT="63" WIDTH="15" VPOS="1657" HPOS="1506"/>
                  <String HEIGHT="63"
                          WIDTH="178"
                          VPOS="1657"
                          HPOS="1461"
                          CONTENT="formatur"/>
                  <SP HEIGHT="63" WIDTH="15" VPOS="1657" HPOS="1639"/>
                  <String HEIGHT="63"
                          WIDTH="207"
                          VPOS="1657"
                          HPOS="1594"
                          CONTENT="propositio"/>
                  <SP HEIGHT="63" WIDTH="15" VPOS="1657" HPOS="1802"/>
                  <String HEIGHT="63"
                          WIDTH="118"
                          VPOS="1657"
                          HPOS="1757"
                          CONTENT="vera"/>
                  <SP HEIGHT="63" WIDTH="15" VPOS="1657" HPOS="1875"/>
                  <String HEIGHT="63"
                          WIDTH="104"
                          VPOS="1657"
                          HPOS="1831"
                          CONTENT="vel"/>
                  <SP HEIGHT="63" WIDTH="15" VPOS="1657" HPOS="1935"/>
                  <String HEIGHT="63"
                          WIDTH="104"
                          VPOS="1657"
                          HPOS="1875"
                          CONTENT="falsa"/>
               </TextLine>
               <TextLine ID="r3l36"
                         BASELINE="1762"
                         HEIGHT="63"
                         WIDTH="710"
                         VPOS="1699"
                         HPOS="1266">
                  <String HEIGHT="63"
                          WIDTH="213"
                          VPOS="1699"
                          HPOS="1252"
                          CONTENT="affirmatiua"/>
                  <SP HEIGHT="63" WIDTH="14" VPOS="1699" HPOS="1465"/>
                  <String HEIGHT="63"
                          WIDTH="99"
                          VPOS="1699"
                          HPOS="1422"
                          CONTENT="vel"/>
                  <SP HEIGHT="63" WIDTH="14" VPOS="1699" HPOS="1522"/>
                  <String HEIGHT="63"
                          WIDTH="170"
                          VPOS="1699"
                          HPOS="1479"
                          CONTENT="negatiua"/>
                  <SP HEIGHT="63" WIDTH="14" VPOS="1699" HPOS="1649"/>
                  <String HEIGHT="63"
                          WIDTH="99"
                          VPOS="1699"
                          HPOS="1607"
                          CONTENT="est"/>
                  <SP HEIGHT="63" WIDTH="14" VPOS="1699" HPOS="1706"/>
                  <String HEIGHT="63"
                          WIDTH="185"
                          VPOS="1699"
                          HPOS="1664"
                          CONTENT="voluntas."/>
                  <SP HEIGHT="63" WIDTH="14" VPOS="1699" HPOS="1848"/>
                  <String HEIGHT="63"
                          WIDTH="114"
                          VPOS="1699"
                          HPOS="1806"
                          CONTENT="quia"/>
                  <SP HEIGHT="63" WIDTH="14" VPOS="1699" HPOS="1919"/>
                  <String HEIGHT="63"
                          WIDTH="114"
                          VPOS="1699"
                          HPOS="1862"
                          CONTENT="volun"
                          SUBS_TYPE="HypPart1"
                          SUBS_CONTENT="voluntas"/>
                  <HYP CONTENT="-"/>
               </TextLine>
               <TextLine ID="r3l37"
                         BASELINE="1805"
                         HEIGHT="67"
                         WIDTH="718"
                         VPOS="1738"
                         HPOS="1270">
                  <String HEIGHT="67"
                          WIDTH="95"
                          VPOS="1738"
                          HPOS="1256"
                          CONTENT="tas"
                          SUBS_TYPE="HypPart2"
                          SUBS_CONTENT="voluntas"/>
                  <SP HEIGHT="67" WIDTH="14" VPOS="1738" HPOS="1351"/>
                  <String HEIGHT="67"
                          WIDTH="108"
                          VPOS="1738"
                          HPOS="1311"
                          CONTENT="vult"/>
                  <SP HEIGHT="67" WIDTH="14" VPOS="1738" HPOS="1419"/>
                  <String HEIGHT="67"
                          WIDTH="149"
                          VPOS="1738"
                          HPOS="1378"
                          CONTENT="formare"/>
                  <SP HEIGHT="67" WIDTH="14" VPOS="1738" HPOS="1527"/>
                  <String HEIGHT="67"
                          WIDTH="108"
                          VPOS="1738"
                          HPOS="1487"
                          CONTENT="vnam"/>
                  <SP HEIGHT="67" WIDTH="14" VPOS="1738" HPOS="1595"/>
                  <String HEIGHT="67" WIDTH="81" VPOS="1738" HPOS="1554" CONTENT="et"/>
                  <SP HEIGHT="67" WIDTH="14" VPOS="1738" HPOS="1636"/>
                  <String HEIGHT="67"
                          WIDTH="95"
                          VPOS="1738"
                          HPOS="1595"
                          CONTENT="non"/>
                  <SP HEIGHT="67" WIDTH="14" VPOS="1738" HPOS="1690"/>
                  <String HEIGHT="67"
                          WIDTH="135"
                          VPOS="1738"
                          HPOS="1649"
                          CONTENT="aliam."/>
                  <SP HEIGHT="67" WIDTH="14" VPOS="1738" HPOS="1785"/>
                  <String HEIGHT="67" WIDTH="81" VPOS="1738" HPOS="1744" CONTENT="et"/>
                  <SP HEIGHT="67" WIDTH="14" VPOS="1738" HPOS="1825"/>
                  <String HEIGHT="67"
                          WIDTH="108"
                          VPOS="1738"
                          HPOS="1785"
                          CONTENT="ideo"/>
                  <SP HEIGHT="67" WIDTH="14" VPOS="1738" HPOS="1893"/>
                  <String HEIGHT="67"
                          WIDTH="122"
                          VPOS="1738"
                          HPOS="1853"
                          CONTENT="actus"/>
                  <SP HEIGHT="67" WIDTH="14" VPOS="1738" HPOS="1974"/>
                  <String HEIGHT="67"
                          WIDTH="68"
                          VPOS="1738"
                          HPOS="1920"
                          CONTENT="qui"/>
               </TextLine>
               <TextLine ID="r3l38"
                         BASELINE="1848"
                         HEIGHT="65"
                         WIDTH="728"
                         VPOS="1783"
                         HPOS="1262">
                  <String HEIGHT="65"
                          WIDTH="258"
                          VPOS="1783"
                          HPOS="1247"
                          CONTENT="apprehenditur"/>
                  <SP HEIGHT="65" WIDTH="15" VPOS="1783" HPOS="1505"/>
                  <String HEIGHT="65"
                          WIDTH="121"
                          VPOS="1783"
                          HPOS="1459"
                          CONTENT="post"/>
                  <SP HEIGHT="65" WIDTH="15" VPOS="1783" HPOS="1581"/>
                  <String HEIGHT="65"
                          WIDTH="197"
                          VPOS="1783"
                          HPOS="1535"
                          CONTENT="complexum"/>
                  <SP HEIGHT="65" WIDTH="15" VPOS="1783" HPOS="1732"/>
                  <String HEIGHT="65"
                          WIDTH="182"
                          VPOS="1783"
                          HPOS="1687"
                          CONTENT="formatur"/>
                  <SP HEIGHT="65" WIDTH="15" VPOS="1783" HPOS="1869"/>
                  <String HEIGHT="65" WIDTH="76" VPOS="1783" HPOS="1823" CONTENT="a"/>
                  <SP HEIGHT="65" WIDTH="15" VPOS="1783" HPOS="1899"/>
                  <String HEIGHT="65"
                          WIDTH="152"
                          VPOS="1783"
                          HPOS="1838"
                          CONTENT="notitiis"/>
               </TextLine>
               <TextLine ID="r3l39"
                         BASELINE="1888"
                         HEIGHT="56"
                         WIDTH="724"
                         VPOS="1832"
                         HPOS="1272">
                  <String HEIGHT="56"
                          WIDTH="207"
                          VPOS="1832"
                          HPOS="1257"
                          CONTENT="incoplexis"/>
                  <SP HEIGHT="56" WIDTH="15" VPOS="1832" HPOS="1464"/>
                  <String HEIGHT="56"
                          WIDTH="207"
                          VPOS="1832"
                          HPOS="1420"
                          CONTENT="terminorum"/>
                  <SP HEIGHT="56" WIDTH="15" VPOS="1832" HPOS="1627"/>
                  <String HEIGHT="56"
                          WIDTH="148"
                          VPOS="1832"
                          HPOS="1582"
                          CONTENT="illius"/>
                  <SP HEIGHT="56" WIDTH="15" VPOS="1832" HPOS="1730"/>
                  <String HEIGHT="56"
                          WIDTH="266"
                          VPOS="1832"
                          HPOS="1686"
                          CONTENT="propositionis:"/>
                  <SP HEIGHT="56" WIDTH="15" VPOS="1832" HPOS="1952"/>
                  <String HEIGHT="56" WIDTH="89" VPOS="1832" HPOS="1907" CONTENT="et"/>
                  <SP HEIGHT="56" WIDTH="15" VPOS="1832" HPOS="1996"/>
                  <String HEIGHT="56" WIDTH="59" VPOS="1832" HPOS="1937" CONTENT="ab"/>
               </TextLine>
               <TextLine ID="r3l40"
                         BASELINE="1934"
                         HEIGHT="61"
                         WIDTH="725"
                         VPOS="1873"
                         HPOS="1271">
                  <String HEIGHT="61"
                          WIDTH="114"
                          VPOS="1873"
                          HPOS="1257"
                          CONTENT="actu"/>
                  <SP HEIGHT="61" WIDTH="14" VPOS="1873" HPOS="1371"/>
                  <String HEIGHT="61"
                          WIDTH="142"
                          VPOS="1873"
                          HPOS="1328"
                          CONTENT="illius"/>
                  <SP HEIGHT="61" WIDTH="14" VPOS="1873" HPOS="1470"/>
                  <String HEIGHT="61"
                          WIDTH="213"
                          VPOS="1873"
                          HPOS="1427"
                          CONTENT="voluntatis."/>
                  <SP HEIGHT="61" WIDTH="14" VPOS="1873" HPOS="1641"/>
                  <String HEIGHT="61" WIDTH="85" VPOS="1873" HPOS="1598" CONTENT="et"/>
                  <SP HEIGHT="61" WIDTH="14" VPOS="1873" HPOS="1683"/>
                  <String HEIGHT="61"
                          WIDTH="100"
                          VPOS="1873"
                          HPOS="1641"
                          CONTENT="hoc"/>
                  <SP HEIGHT="61" WIDTH="14" VPOS="1873" HPOS="1740"/>
                  <String HEIGHT="61"
                          WIDTH="227"
                          VPOS="1873"
                          HPOS="1697"
                          CONTENT="generaliter."/>
                  <SP HEIGHT="61" WIDTH="14" VPOS="1873" HPOS="1925"/>
                  <String HEIGHT="61"
                          WIDTH="114"
                          VPOS="1873"
                          HPOS="1882"
                          CONTENT="quia"/>
                  <SP HEIGHT="61" WIDTH="14" VPOS="1873" HPOS="1996"/>
                  <String HEIGHT="61" WIDTH="57" VPOS="1873" HPOS="1939" CONTENT="po"/>
               </TextLine>
               <TextLine ID="r3l41"
                         BASELINE="1979"
                         HEIGHT="62"
                         WIDTH="706"
                         VPOS="1917"
                         HPOS="1273">
                  <String HEIGHT="62"
                          WIDTH="115"
                          VPOS="1917"
                          HPOS="1259"
                          CONTENT="sito"/>
                  <SP HEIGHT="62" WIDTH="14" VPOS="1917" HPOS="1374"/>
                  <String HEIGHT="62"
                          WIDTH="115"
                          VPOS="1917"
                          HPOS="1331"
                          CONTENT="actu"/>
                  <SP HEIGHT="62" WIDTH="14" VPOS="1917" HPOS="1446"/>
                  <String HEIGHT="62"
                          WIDTH="202"
                          VPOS="1917"
                          HPOS="1403"
                          CONTENT="voluntatis"/>
                  <SP HEIGHT="62" WIDTH="14" VPOS="1917" HPOS="1604"/>
                  <String HEIGHT="62"
                          WIDTH="101"
                          VPOS="1917"
                          HPOS="1561"
                          CONTENT="quo"/>
                  <SP HEIGHT="62" WIDTH="14" VPOS="1917" HPOS="1662"/>
                  <String HEIGHT="62"
                          WIDTH="115"
                          VPOS="1917"
                          HPOS="1619"
                          CONTENT="vult"/>
                  <SP HEIGHT="62" WIDTH="14" VPOS="1917" HPOS="1734"/>
                  <String HEIGHT="62"
                          WIDTH="115"
                          VPOS="1917"
                          HPOS="1691"
                          CONTENT="tale"/>
                  <SP HEIGHT="62" WIDTH="14" VPOS="1917" HPOS="1806"/>
                  <String HEIGHT="62"
                          WIDTH="187"
                          VPOS="1917"
                          HPOS="1763"
                          CONTENT="complexum"/>
                  <SP HEIGHT="62" WIDTH="14" VPOS="1917" HPOS="1950"/>
                  <String HEIGHT="62"
                          WIDTH="86"
                          VPOS="1917"
                          HPOS="1893"
                          CONTENT="for"
                          SUBS_TYPE="HypPart1"
                          SUBS_CONTENT="formari."/>
                  <HYP CONTENT="-"/>
               </TextLine>
               <TextLine ID="r3l42"
                         BASELINE="2027"
                         HEIGHT="67"
                         WIDTH="707"
                         VPOS="1960"
                         HPOS="1272">
                  <String HEIGHT="67"
                          WIDTH="133"
                          VPOS="1960"
                          HPOS="1257"
                          CONTENT="mari."
                          SUBS_TYPE="HypPart2"
                          SUBS_CONTENT="formari."/>
                  <SP HEIGHT="67" WIDTH="15" VPOS="1960" HPOS="1390"/>
                  <String HEIGHT="67" WIDTH="88" VPOS="1960" HPOS="1346" CONTENT="et"/>
                  <SP HEIGHT="67" WIDTH="15" VPOS="1960" HPOS="1434"/>
                  <String HEIGHT="67"
                          WIDTH="162"
                          VPOS="1960"
                          HPOS="1390"
                          CONTENT="positis"/>
                  <SP HEIGHT="67" WIDTH="15" VPOS="1960" HPOS="1552"/>
                  <String HEIGHT="67"
                          WIDTH="177"
                          VPOS="1960"
                          HPOS="1508"
                          CONTENT="notitiis"/>
                  <SP HEIGHT="67" WIDTH="15" VPOS="1960" HPOS="1684"/>
                  <String HEIGHT="67"
                          WIDTH="221"
                          VPOS="1960"
                          HPOS="1640"
                          CONTENT="incomplexis"/>
                  <SP HEIGHT="67" WIDTH="15" VPOS="1960" HPOS="1861"/>
                  <String HEIGHT="67"
                          WIDTH="177"
                          VPOS="1960"
                          HPOS="1802"
                          CONTENT="terminorum"/>
               </TextLine>
               <TextLine ID="r3l43"
                         BASELINE="2064"
                         HEIGHT="61"
                         WIDTH="701"
                         VPOS="2003"
                         HPOS="1281">
                  <String HEIGHT="61"
                          WIDTH="140"
                          VPOS="2003"
                          HPOS="1267"
                          CONTENT="illius"/>
                  <SP HEIGHT="61" WIDTH="14" VPOS="2003" HPOS="1407"/>
                  <String HEIGHT="61"
                          WIDTH="168"
                          VPOS="2003"
                          HPOS="1365"
                          CONTENT="complexi"/>
                  <SP HEIGHT="61" WIDTH="14" VPOS="2003" HPOS="1533"/>
                  <String HEIGHT="61"
                          WIDTH="196"
                          VPOS="2003"
                          HPOS="1491"
                          CONTENT="necessario"/>
                  <SP HEIGHT="61" WIDTH="14" VPOS="2003" HPOS="1688"/>
                  <String HEIGHT="61"
                          WIDTH="168"
                          VPOS="2003"
                          HPOS="1646"
                          CONTENT="sequitur"/>
                  <SP HEIGHT="61" WIDTH="14" VPOS="2003" HPOS="1814"/>
                  <String HEIGHT="61"
                          WIDTH="126"
                          VPOS="2003"
                          HPOS="1772"
                          CONTENT="actus"/>
                  <SP HEIGHT="61" WIDTH="14" VPOS="2003" HPOS="1898"/>
                  <String HEIGHT="61"
                          WIDTH="140"
                          VPOS="2003"
                          HPOS="1842"
                          CONTENT="apprehen"/>
               </TextLine>
               <TextLine ID="r3l44"
                         BASELINE="2105"
                         HEIGHT="56"
                         WIDTH="699"
                         VPOS="2049"
                         HPOS="1285">
                  <String HEIGHT="56"
                          WIDTH="123"
                          VPOS="2049"
                          HPOS="1271"
                          CONTENT="dendi"/>
                  <SP HEIGHT="56" WIDTH="14" VPOS="2049" HPOS="1395"/>
                  <String HEIGHT="56"
                          WIDTH="110"
                          VPOS="2049"
                          HPOS="1354"
                          CONTENT="siue"/>
                  <SP HEIGHT="56" WIDTH="14" VPOS="2049" HPOS="1463"/>
                  <String HEIGHT="56"
                          WIDTH="164"
                          VPOS="2049"
                          HPOS="1422"
                          CONTENT="formandi"/>
                  <SP HEIGHT="56" WIDTH="14" VPOS="2049" HPOS="1587"/>
                  <String HEIGHT="56"
                          WIDTH="123"
                          VPOS="2049"
                          HPOS="1545"
                          CONTENT="illud"/>
                  <SP HEIGHT="56" WIDTH="14" VPOS="2049" HPOS="1669"/>
                  <String HEIGHT="56"
                          WIDTH="192"
                          VPOS="2049"
                          HPOS="1628"
                          CONTENT="complexum:"/>
                  <SP HEIGHT="56" WIDTH="14" VPOS="2049" HPOS="1820"/>
                  <String HEIGHT="56"
                          WIDTH="123"
                          VPOS="2049"
                          HPOS="1778"
                          CONTENT="sicut"/>
                  <SP HEIGHT="56" WIDTH="14" VPOS="2049" HPOS="1902"/>
                  <String HEIGHT="56"
                          WIDTH="137"
                          VPOS="2049"
                          HPOS="1847"
                          CONTENT="effectus"/>
               </TextLine>
               <TextLine ID="r3l45"
                         BASELINE="2158"
                         HEIGHT="64"
                         WIDTH="719"
                         VPOS="2094"
                         HPOS="1269">
                  <String HEIGHT="64"
                          WIDTH="173"
                          VPOS="2094"
                          HPOS="1255"
                          CONTENT="sequitur"/>
                  <SP HEIGHT="64" WIDTH="14" VPOS="2094" HPOS="1427"/>
                  <String HEIGHT="64"
                          WIDTH="201"
                          VPOS="2094"
                          HPOS="1384"
                          CONTENT="necessario"/>
                  <SP HEIGHT="64" WIDTH="14" VPOS="2094" HPOS="1585"/>
                  <String HEIGHT="64" WIDTH="86" VPOS="2094" HPOS="1542" CONTENT="ad"/>
                  <SP HEIGHT="64" WIDTH="14" VPOS="2094" HPOS="1629"/>
                  <String HEIGHT="64"
                          WIDTH="115"
                          VPOS="2094"
                          HPOS="1585"
                          CONTENT="suam"/>
                  <SP HEIGHT="64" WIDTH="14" VPOS="2094" HPOS="1700"/>
                  <String HEIGHT="64"
                          WIDTH="158"
                          VPOS="2094"
                          HPOS="1657"
                          CONTENT="causam."/>
                  <SP HEIGHT="64" WIDTH="14" VPOS="2094" HPOS="1815"/>
                  <String HEIGHT="64" WIDTH="72" VPOS="2094" HPOS="1772" CONTENT="⁋"/>
                  <SP HEIGHT="64" WIDTH="14" VPOS="2094" HPOS="1844"/>
                  <String HEIGHT="64" WIDTH="86" VPOS="2094" HPOS="1801" CONTENT="Ad"/>
                  <SP HEIGHT="64" WIDTH="14" VPOS="2094" HPOS="1887"/>
                  <String HEIGHT="64"
                          WIDTH="129"
                          VPOS="2094"
                          HPOS="1844"
                          CONTENT="aliud"/>
                  <SP HEIGHT="64" WIDTH="14" VPOS="2094" HPOS="1974"/>
                  <String HEIGHT="64"
                          WIDTH="72"
                          VPOS="2094"
                          HPOS="1916"
                          CONTENT="di"
                          SUBS_TYPE="HypPart1"
                          SUBS_CONTENT="dico"/>
                  <HYP CONTENT="-"/>
               </TextLine>
               <TextLine ID="r3l46"
                         BASELINE="2190"
                         HEIGHT="52"
                         WIDTH="723"
                         VPOS="2138"
                         HPOS="1270">
                  <String HEIGHT="52"
                          WIDTH="87"
                          VPOS="2138"
                          HPOS="1256"
                          CONTENT="co"
                          SUBS_TYPE="HypPart2"
                          SUBS_CONTENT="dico"/>
                  <SP HEIGHT="52" WIDTH="14" VPOS="2138" HPOS="1342"/>
                  <String HEIGHT="52"
                          WIDTH="116"
                          VPOS="2138"
                          HPOS="1299"
                          CONTENT="quod"/>
                  <SP HEIGHT="52" WIDTH="14" VPOS="2138" HPOS="1415"/>
                  <String HEIGHT="52"
                          WIDTH="188"
                          VPOS="2138"
                          HPOS="1371"
                          CONTENT="equaliter"/>
                  <SP HEIGHT="52" WIDTH="14" VPOS="2138" HPOS="1559"/>
                  <String HEIGHT="52"
                          WIDTH="188"
                          VPOS="2138"
                          HPOS="1516"
                          CONTENT="concludit"/>
                  <SP HEIGHT="52" WIDTH="14" VPOS="2138" HPOS="1704"/>
                  <String HEIGHT="52" WIDTH="87" VPOS="2138" HPOS="1660" CONTENT="si"/>
                  <SP HEIGHT="52" WIDTH="14" VPOS="2138" HPOS="1747"/>
                  <String HEIGHT="52"
                          WIDTH="159"
                          VPOS="2138"
                          HPOS="1704"
                          CONTENT="ponatur"/>
                  <SP HEIGHT="52" WIDTH="14" VPOS="2138" HPOS="1863"/>
                  <String HEIGHT="52"
                          WIDTH="188"
                          VPOS="2138"
                          HPOS="1805"
                          CONTENT="intellectus"/>
               </TextLine>
               <TextLine ID="r3l47"
                         BASELINE="2238"
                         HEIGHT="48"
                         WIDTH="714"
                         VPOS="2190"
                         HPOS="1279">
                  <String HEIGHT="48"
                          WIDTH="140"
                          VPOS="2190"
                          HPOS="1266"
                          CONTENT="actiuus"/>
                  <SP HEIGHT="48" WIDTH="13" VPOS="2190" HPOS="1407"/>
                  <String HEIGHT="48"
                          WIDTH="115"
                          VPOS="2190"
                          HPOS="1368"
                          CONTENT="sicut"/>
                  <SP HEIGHT="48" WIDTH="13" VPOS="2190" HPOS="1483"/>
                  <String HEIGHT="48" WIDTH="77" VPOS="2190" HPOS="1445" CONTENT="si"/>
                  <SP HEIGHT="48" WIDTH="13" VPOS="2190" HPOS="1521"/>
                  <String HEIGHT="48"
                          WIDTH="102"
                          VPOS="2190"
                          HPOS="1483"
                          CONTENT="non."/>
                  <SP HEIGHT="48" WIDTH="13" VPOS="2190" HPOS="1585"/>
                  <String HEIGHT="48"
                          WIDTH="102"
                          VPOS="2190"
                          HPOS="1547"
                          CONTENT="quia"/>
                  <SP HEIGHT="48" WIDTH="13" VPOS="2190" HPOS="1649"/>
                  <String HEIGHT="48"
                          WIDTH="128"
                          VPOS="2190"
                          HPOS="1611"
                          CONTENT="certum"/>
                  <SP HEIGHT="48" WIDTH="13" VPOS="2190" HPOS="1738"/>
                  <String HEIGHT="48"
                          WIDTH="89"
                          VPOS="2190"
                          HPOS="1700"
                          CONTENT="est"/>
                  <SP HEIGHT="48" WIDTH="13" VPOS="2190" HPOS="1789"/>
                  <String HEIGHT="48"
                          WIDTH="102"
                          VPOS="2190"
                          HPOS="1751"
                          CONTENT="quod"/>
                  <SP HEIGHT="48" WIDTH="13" VPOS="2190" HPOS="1853"/>
                  <String HEIGHT="48" WIDTH="77" VPOS="2190" HPOS="1815" CONTENT="si"/>
                  <SP HEIGHT="48" WIDTH="13" VPOS="2190" HPOS="1891"/>
                  <String HEIGHT="48"
                          WIDTH="140"
                          VPOS="2190"
                          HPOS="1853"
                          CONTENT="ponatur"/>
                  <SP HEIGHT="48" WIDTH="13" VPOS="2190" HPOS="1993"/>
                  <String HEIGHT="48" WIDTH="51" VPOS="2190" HPOS="1942" CONTENT="in"/>
               </TextLine>
               <TextLine ID="r3l48"
                         BASELINE="2281"
                         HEIGHT="55"
                         WIDTH="703"
                         VPOS="2226"
                         HPOS="1278">
                  <String HEIGHT="55"
                          WIDTH="194"
                          VPOS="2226"
                          HPOS="1263"
                          CONTENT="tellectus"/>
                  <SP HEIGHT="55" WIDTH="15" VPOS="2226" HPOS="1457"/>
                  <String HEIGHT="55"
                          WIDTH="165"
                          VPOS="2226"
                          HPOS="1413"
                          CONTENT="actiuus"/>
                  <SP HEIGHT="55" WIDTH="15" VPOS="2226" HPOS="1577"/>
                  <String HEIGHT="55" WIDTH="90" VPOS="2226" HPOS="1532" CONTENT="ad"/>
                  <SP HEIGHT="55" WIDTH="15" VPOS="2226" HPOS="1622"/>
                  <String HEIGHT="55"
                          WIDTH="239"
                          VPOS="2226"
                          HPOS="1577"
                          CONTENT="assentiendum"/>
                  <SP HEIGHT="55" WIDTH="15" VPOS="2226" HPOS="1816"/>
                  <String HEIGHT="55"
                          WIDTH="224"
                          VPOS="2226"
                          HPOS="1757"
                          CONTENT="propositioni"
                          SUBS_TYPE="HypPart1"
                          SUBS_CONTENT="propositionique"/>
                  <HYP CONTENT="-"/>
               </TextLine>
               <TextLine ID="r3l49"
                         BASELINE="2331"
                         HEIGHT="63"
                         WIDTH="714"
                         VPOS="2268"
                         HPOS="1280">
                  <String HEIGHT="63"
                          WIDTH="106"
                          VPOS="2268"
                          HPOS="1265"
                          CONTENT="que"
                          SUBS_TYPE="HypPart2"
                          SUBS_CONTENT="propositionique"/>
                  <SP HEIGHT="63" WIDTH="15" VPOS="2268" HPOS="1371"/>
                  <String HEIGHT="63"
                          WIDTH="106"
                          VPOS="2268"
                          HPOS="1326"
                          CONTENT="nec"/>
                  <SP HEIGHT="63" WIDTH="15" VPOS="2268" HPOS="1432"/>
                  <String HEIGHT="63"
                          WIDTH="106"
                          VPOS="2268"
                          HPOS="1386"
                          CONTENT="est"/>
                  <SP HEIGHT="63" WIDTH="15" VPOS="2268" HPOS="1493"/>
                  <String HEIGHT="63"
                          WIDTH="106"
                          VPOS="2268"
                          HPOS="1447"
                          CONTENT="per"/>
                  <SP HEIGHT="63" WIDTH="15" VPOS="2268" HPOS="1553"/>
                  <String HEIGHT="63" WIDTH="91" VPOS="2268" HPOS="1508" CONTENT="se"/>
                  <SP HEIGHT="63" WIDTH="15" VPOS="2268" HPOS="1599"/>
                  <String HEIGHT="63"
                          WIDTH="122"
                          VPOS="2268"
                          HPOS="1553"
                          CONTENT="nota"/>
                  <SP HEIGHT="63" WIDTH="15" VPOS="2268" HPOS="1675"/>
                  <String HEIGHT="63"
                          WIDTH="106"
                          VPOS="2268"
                          HPOS="1629"
                          CONTENT="nec"/>
                  <SP HEIGHT="63" WIDTH="15" VPOS="2268" HPOS="1736"/>
                  <String HEIGHT="63"
                          WIDTH="122"
                          VPOS="2268"
                          HPOS="1690"
                          CONTENT="nota"/>
                  <SP HEIGHT="63" WIDTH="15" VPOS="2268" HPOS="1812"/>
                  <String HEIGHT="63" WIDTH="91" VPOS="2268" HPOS="1766" CONTENT="ex"/>
                  <SP HEIGHT="63" WIDTH="15" VPOS="2268" HPOS="1857"/>
                  <String HEIGHT="63"
                          WIDTH="167"
                          VPOS="2268"
                          HPOS="1812"
                          CONTENT="notitia"/>
                  <SP HEIGHT="63" WIDTH="15" VPOS="2268" HPOS="1979"/>
                  <String HEIGHT="63"
                          WIDTH="76"
                          VPOS="2268"
                          HPOS="1918"
                          CONTENT="in"
                          SUBS_TYPE="HypPart1"
                          SUBS_CONTENT="intuitiua"/>
                  <HYP CONTENT="-"/>
               </TextLine>
               <TextLine ID="r3l50"
                         BASELINE="2374"
                         HEIGHT="62"
                         WIDTH="723"
                         VPOS="2312"
                         HPOS="1279">
                  <String HEIGHT="62"
                          WIDTH="162"
                          VPOS="2312"
                          HPOS="1264"
                          CONTENT="tuitiua"
                          SUBS_TYPE="HypPart2"
                          SUBS_CONTENT="intuitiua"/>
                  <SP HEIGHT="62" WIDTH="15" VPOS="2312" HPOS="1427"/>
                  <String HEIGHT="62"
                          WIDTH="207"
                          VPOS="2312"
                          HPOS="1382"
                          CONTENT="terminorum"/>
                  <SP HEIGHT="62" WIDTH="15" VPOS="2312" HPOS="1589"/>
                  <String HEIGHT="62"
                          WIDTH="103"
                          VPOS="2312"
                          HPOS="1545"
                          CONTENT="sed"/>
                  <SP HEIGHT="62" WIDTH="15" VPOS="2312" HPOS="1648"/>
                  <String HEIGHT="62" WIDTH="89" VPOS="2312" HPOS="1604" CONTENT="ex"/>
                  <SP HEIGHT="62" WIDTH="15" VPOS="2312" HPOS="1692"/>
                  <String HEIGHT="62"
                          WIDTH="148"
                          VPOS="2312"
                          HPOS="1648"
                          CONTENT="neutra"/>
                  <SP HEIGHT="62" WIDTH="15" VPOS="2312" HPOS="1795"/>
                  <String HEIGHT="62"
                          WIDTH="133"
                          VPOS="2312"
                          HPOS="1751"
                          CONTENT="primo"/>
                  <SP HEIGHT="62" WIDTH="15" VPOS="2312" HPOS="1884"/>
                  <String HEIGHT="62"
                          WIDTH="103"
                          VPOS="2312"
                          HPOS="1840"
                          CONTENT="vel"/>
                  <SP HEIGHT="62" WIDTH="15" VPOS="2312" HPOS="1943"/>
                  <String HEIGHT="62"
                          WIDTH="118"
                          VPOS="2312"
                          HPOS="1884"
                          CONTENT="dubia."/>
               </TextLine>
               <TextLine ID="r3l51"
                         BASELINE="2417"
                         HEIGHT="53"
                         WIDTH="709"
                         VPOS="2364"
                         HPOS="1285">
                  <String HEIGHT="53" WIDTH="79" VPOS="2364" HPOS="1272" CONTENT="et"/>
                  <SP HEIGHT="53" WIDTH="13" VPOS="2364" HPOS="1351"/>
                  <String HEIGHT="53"
                          WIDTH="131"
                          VPOS="2364"
                          HPOS="1311"
                          CONTENT="postea"/>
                  <SP HEIGHT="53" WIDTH="13" VPOS="2364" HPOS="1443"/>
                  <String HEIGHT="53"
                          WIDTH="171"
                          VPOS="2364"
                          HPOS="1403"
                          CONTENT="euidenter"/>
                  <SP HEIGHT="53" WIDTH="13" VPOS="2364" HPOS="1574"/>
                  <String HEIGHT="53"
                          WIDTH="105"
                          VPOS="2364"
                          HPOS="1534"
                          CONTENT="vera"/>
                  <SP HEIGHT="53" WIDTH="13" VPOS="2364" HPOS="1640"/>
                  <String HEIGHT="53"
                          WIDTH="92"
                          VPOS="2364"
                          HPOS="1600"
                          CONTENT="vel"/>
                  <SP HEIGHT="53" WIDTH="13" VPOS="2364" HPOS="1692"/>
                  <String HEIGHT="53"
                          WIDTH="131"
                          VPOS="2364"
                          HPOS="1653"
                          CONTENT="falsa."/>
                  <SP HEIGHT="53" WIDTH="13" VPOS="2364" HPOS="1784"/>
                  <String HEIGHT="53"
                          WIDTH="184"
                          VPOS="2364"
                          HPOS="1745"
                          CONTENT="requiritur"/>
                  <SP HEIGHT="53" WIDTH="13" VPOS="2364" HPOS="1928"/>
                  <String HEIGHT="53"
                          WIDTH="118"
                          VPOS="2364"
                          HPOS="1876"
                          CONTENT="necessa"/>
               </TextLine>
               <TextLine ID="r3l52"
                         BASELINE="2459"
                         HEIGHT="57"
                         WIDTH="706"
                         VPOS="2402"
                         HPOS="1287">
                  <String HEIGHT="57"
                          WIDTH="95"
                          VPOS="2402"
                          HPOS="1273"
                          CONTENT="rio"/>
                  <SP HEIGHT="57" WIDTH="14" VPOS="2402" HPOS="1368"/>
                  <String HEIGHT="57"
                          WIDTH="149"
                          VPOS="2402"
                          HPOS="1328"
                          CONTENT="aliquid"/>
                  <SP HEIGHT="57" WIDTH="14" VPOS="2402" HPOS="1477"/>
                  <String HEIGHT="57"
                          WIDTH="122"
                          VPOS="2402"
                          HPOS="1436"
                          CONTENT="aliud"/>
                  <SP HEIGHT="57" WIDTH="14" VPOS="2402" HPOS="1559"/>
                  <String HEIGHT="57"
                          WIDTH="149"
                          VPOS="2402"
                          HPOS="1518"
                          CONTENT="praeter"/>
                  <SP HEIGHT="57" WIDTH="14" VPOS="2402" HPOS="1667"/>
                  <String HEIGHT="57"
                          WIDTH="163"
                          VPOS="2402"
                          HPOS="1626"
                          CONTENT="notitiam"/>
                  <SP HEIGHT="57" WIDTH="14" VPOS="2402" HPOS="1789"/>
                  <String HEIGHT="57"
                          WIDTH="204"
                          VPOS="2402"
                          HPOS="1749"
                          CONTENT="incomplexam"/>
                  <SP HEIGHT="57" WIDTH="14" VPOS="2402" HPOS="1952"/>
                  <String HEIGHT="57"
                          WIDTH="95"
                          VPOS="2402"
                          HPOS="1898"
                          CONTENT="termi"/>
               </TextLine>
               <TextLine ID="r3l53"
                         BASELINE="2502"
                         HEIGHT="52"
                         WIDTH="706"
                         VPOS="2450"
                         HPOS="1293">
                  <String HEIGHT="52"
                          WIDTH="125"
                          VPOS="2450"
                          HPOS="1279"
                          CONTENT="norum"/>
                  <SP HEIGHT="52" WIDTH="14" VPOS="2450" HPOS="1404"/>
                  <String HEIGHT="52" WIDTH="83" VPOS="2450" HPOS="1362" CONTENT="et"/>
                  <SP HEIGHT="52" WIDTH="14" VPOS="2450" HPOS="1445"/>
                  <String HEIGHT="52"
                          WIDTH="208"
                          VPOS="2450"
                          HPOS="1404"
                          CONTENT="intellectum"/>
                  <SP HEIGHT="52" WIDTH="14" VPOS="2450" HPOS="1611"/>
                  <String HEIGHT="52"
                          WIDTH="152"
                          VPOS="2450"
                          HPOS="1570"
                          CONTENT="quicqud"/>
                  <SP HEIGHT="52" WIDTH="14" VPOS="2450" HPOS="1722"/>
                  <String HEIGHT="52"
                          WIDTH="97"
                          VPOS="2450"
                          HPOS="1681"
                          CONTENT="sit"/>
                  <SP HEIGHT="52" WIDTH="14" VPOS="2450" HPOS="1778"/>
                  <String HEIGHT="52"
                          WIDTH="138"
                          VPOS="2450"
                          HPOS="1736"
                          CONTENT="illud."/>
                  <SP HEIGHT="52" WIDTH="14" VPOS="2450" HPOS="1874"/>
                  <String HEIGHT="52"
                          WIDTH="111"
                          VPOS="2450"
                          HPOS="1833"
                          CONTENT="quia"/>
                  <SP HEIGHT="52" WIDTH="14" VPOS="2450" HPOS="1944"/>
                  <String HEIGHT="52"
                          WIDTH="111"
                          VPOS="2450"
                          HPOS="1888"
                          CONTENT="aliter"/>
               </TextLine>
               <TextLine ID="r3l54"
                         BASELINE="2549"
                         HEIGHT="58"
                         WIDTH="715"
                         VPOS="2491"
                         HPOS="1280">
                  <String HEIGHT="58"
                          WIDTH="98"
                          VPOS="2491"
                          HPOS="1266"
                          CONTENT="non"/>
                  <SP HEIGHT="58" WIDTH="14" VPOS="2491" HPOS="1364"/>
                  <String HEIGHT="58"
                          WIDTH="112"
                          VPOS="2491"
                          HPOS="1322"
                          CONTENT="plus"/>
                  <SP HEIGHT="58" WIDTH="14" VPOS="2491" HPOS="1434"/>
                  <String HEIGHT="58"
                          WIDTH="182"
                          VPOS="2491"
                          HPOS="1392"
                          CONTENT="euidenter"/>
                  <SP HEIGHT="58" WIDTH="14" VPOS="2491" HPOS="1574"/>
                  <String HEIGHT="58"
                          WIDTH="196"
                          VPOS="2491"
                          HPOS="1532"
                          CONTENT="assentiret"/>
                  <SP HEIGHT="58" WIDTH="14" VPOS="2491" HPOS="1729"/>
                  <String HEIGHT="58"
                          WIDTH="112"
                          VPOS="2491"
                          HPOS="1687"
                          CONTENT="tali"/>
                  <SP HEIGHT="58" WIDTH="14" VPOS="2491" HPOS="1799"/>
                  <String HEIGHT="58"
                          WIDTH="224"
                          VPOS="2491"
                          HPOS="1757"
                          CONTENT="propositioni"/>
                  <SP HEIGHT="58" WIDTH="14" VPOS="2491" HPOS="1981"/>
                  <String HEIGHT="58"
                          WIDTH="70"
                          VPOS="2491"
                          HPOS="1925"
                          CONTENT="vno"/>
               </TextLine>
               <TextLine ID="r3l55"
                         BASELINE="2589"
                         HEIGHT="52"
                         WIDTH="718"
                         VPOS="2537"
                         HPOS="1285">
                  <String HEIGHT="52"
                          WIDTH="155"
                          VPOS="2537"
                          HPOS="1271"
                          CONTENT="tempore"/>
                  <SP HEIGHT="52" WIDTH="14" VPOS="2537" HPOS="1426"/>
                  <String HEIGHT="52"
                          WIDTH="113"
                          VPOS="2537"
                          HPOS="1384"
                          CONTENT="quam"/>
                  <SP HEIGHT="52" WIDTH="14" VPOS="2537" HPOS="1496"/>
                  <String HEIGHT="52"
                          WIDTH="113"
                          VPOS="2537"
                          HPOS="1454"
                          CONTENT="alio"/>
                  <SP HEIGHT="52" WIDTH="14" VPOS="2537" HPOS="1567"/>
                  <String HEIGHT="52" WIDTH="84" VPOS="2537" HPOS="1524" CONTENT="ex"/>
                  <SP HEIGHT="52" WIDTH="14" VPOS="2537" HPOS="1609"/>
                  <String HEIGHT="52"
                          WIDTH="99"
                          VPOS="2537"
                          HPOS="1567"
                          CONTENT="quo"/>
                  <SP HEIGHT="52" WIDTH="14" VPOS="2537" HPOS="1665"/>
                  <String HEIGHT="52"
                          WIDTH="183"
                          VPOS="2537"
                          HPOS="1623"
                          CONTENT="equaliter"/>
                  <SP HEIGHT="52" WIDTH="14" VPOS="2537" HPOS="1806"/>
                  <String HEIGHT="52"
                          WIDTH="211"
                          VPOS="2537"
                          HPOS="1764"
                          CONTENT="apprehendit"/>
                  <SP HEIGHT="52" WIDTH="14" VPOS="2537" HPOS="1975"/>
                  <String HEIGHT="52"
                          WIDTH="84"
                          VPOS="2537"
                          HPOS="1919"
                          CONTENT="ter"
                          SUBS_TYPE="HypPart1"
                          SUBS_CONTENT="terminos"/>
                  <HYP CONTENT="-"/>
               </TextLine>
               <TextLine ID="r3l56"
                         BASELINE="2653"
                         HEIGHT="76"
                         WIDTH="709"
                         VPOS="2577"
                         HPOS="1290">
                  <String HEIGHT="76"
                          WIDTH="128"
                          VPOS="2577"
                          HPOS="1276"
                          CONTENT="minos"
                          SUBS_TYPE="HypPart2"
                          SUBS_CONTENT="terminos"/>
                  <SP HEIGHT="76" WIDTH="14" VPOS="2577" HPOS="1403"/>
                  <String HEIGHT="76" WIDTH="85" VPOS="2577" HPOS="1361" CONTENT="et"/>
                  <SP HEIGHT="76" WIDTH="14" VPOS="2577" HPOS="1446"/>
                  <String HEIGHT="76"
                          WIDTH="99"
                          VPOS="2577"
                          HPOS="1403"
                          CONTENT="est"/>
                  <SP HEIGHT="76" WIDTH="14" VPOS="2577" HPOS="1503"/>
                  <String HEIGHT="76"
                          WIDTH="156"
                          VPOS="2577"
                          HPOS="1460"
                          CONTENT="actiuus"/>
                  <SP HEIGHT="76" WIDTH="14" VPOS="2577" HPOS="1616"/>
                  <String HEIGHT="76" WIDTH="85" VPOS="2577" HPOS="1574" CONTENT="si"/>
                  <SP HEIGHT="76" WIDTH="14" VPOS="2577" HPOS="1659"/>
                  <String HEIGHT="76"
                          WIDTH="99"
                          VPOS="2577"
                          HPOS="1616"
                          CONTENT="sic"/>
                  <SP HEIGHT="76" WIDTH="14" VPOS="2577" HPOS="1715"/>
                  <String HEIGHT="76"
                          WIDTH="156"
                          VPOS="2577"
                          HPOS="1673"
                          CONTENT="ponatur"/>
                  <SP HEIGHT="76" WIDTH="14" VPOS="2577" HPOS="1829"/>
                  <String HEIGHT="76"
                          WIDTH="99"
                          VPOS="2577"
                          HPOS="1786"
                          CONTENT="vno"/>
                  <SP HEIGHT="76" WIDTH="14" VPOS="2577" HPOS="1886"/>
                  <String HEIGHT="76"
                          WIDTH="156"
                          VPOS="2577"
                          HPOS="1843"
                          CONTENT="tempore"/>
                  <SP HEIGHT="76" WIDTH="14" VPOS="2577" HPOS="1999"/>
                  <String HEIGHT="76" WIDTH="57" VPOS="2577" HPOS="1942" CONTENT="et"/>
               </TextLine>
            </TextBlock>
         </PrintSpace>
      </Page>
   </Layout>
</alto>
