2247 3048
366 198 177 71 respectu
499 198 148 71 talium
603 198 163 71 actuum:
721 198 118 71 quia
795 198 163 71 positis
913 198 177 71 noticiis
1031 198 74 71 pre

384 256 139 68 dictis
481 256 83 68 et
523 256 180 68 volitione
662 256 167 68 predicta
787 256 139 68 statim
884 256 111 68 sine
953 256 111 68 omni
1009 256 97 68 acti-

371 300 149 61 uitate
475 300 223 61 intellectus
653 300 178 61 sequitur
787 300 223 61 naturaliter
965 300 134 61 sicut
1040 300 74 61 ef-

375 346 150 63 fectus
480 346 135 63 actus
570 346 240 63 sillogisandi
765 346 120 63 etc.
840 346 90 63 Si
885 346 135 63 autem
960 346 150 63 loquamur

392 397 93 50 de
438 397 200 50 predictis
592 397 170 50 actibus
715 397 93 50 vt
762 397 123 50 sunt
839 397 185 50 veridici
978 397 93 50 et
1008 397 93 50 adhe

381 440 137 55 siui:
472 440 137 55 patet
563 440 91 55 ex
608 440 197 55 predictis
760 440 121 55 vnde
836 440 212 55 causantur:
1003 440 121 55 quia
1063 440 61 55 a-

380 478 190 57 liquando
522 478 95 57 ex
570 478 174 57 noticia
696 478 205 57 quacunque
854 478 221 57 terminorum
1012 478 111 57 sicut

378 522 92 58 in
424 522 245 58 propositione
622 522 107 58 per
684 522 92 58 se
730 522 138 58 nota:
821 522 199 58 aliquando
974 522 92 58 ex
1005 522 107 58 noti-

380 567 108 55 tia
441 567 200 55 intuitiua
595 567 138 55 sicut
687 567 92 55 in
733 567 246 55 propositione
917 567 200 55 contingenti

396 615 79 54 et
435 615 92 54 sic
488 615 79 54 de
528 615 119 54 aliis
607 615 119 54 supra
686 615 132 54 dictis
778 615 66 54 â‹
805 615 79 54 Ad
844 615 119 54 aliud
923 615 105 54 dico
989 615 105 54 quod
1042 615 79 54 vni-

395 653 177 60 uersalia
528 653 88 60 et
572 653 221 60 intentiones
748 653 162 60 secunde
866 653 191 60 causantur
998 653 118 60 natura

387 707 131 50 liter
475 707 116 50 sine
547 707 116 50 omni
620 707 203 50 actiuitate
780 707 218 50 intellectus
954 707 87 50 et
983 707 131 50 volunta

392 739 106 64 tis
453 739 76 64 a
483 739 182 64 noticiis
619 739 228 64 incomplexis
801 739 212 64 terminorum
968 739 106 64 per
1014 739 106 64 istam

400 795 148 51 viam:
498 795 132 51 quia
580 795 148 51 primo
679 795 197 51 cognosco
827 795 164 51 aliqua
926 795 197 51 singularia

393 834 92 54 in
439 834 229 54 particulari
622 834 199 54 intuitiue
775 834 107 54 vel
836 834 229 54 abstractiue
1019 834 92 54 et
1050 834 76 54 hoc

402 873 179 61 causatur
536 873 89 61 ab
581 873 164 61 obiecto
700 873 104 61 vel
760 873 149 61 habitu
864 873 194 61 derelicto
1013 873 89 61 ex
1043 873 74 61 pri

406 926 113 52 modo
477 926 113 52 actu
547 926 85 52 et
590 926 141 52 habita
689 926 156 52 noticia
802 926 141 52 statim
901 926 85 52 ad
943 926 113 52 eius
1000 926 127 52 prasen-

389 959 125 58 tiam
467 959 94 58 si
514 959 109 58 non
577 959 109 58 sit
639 959 250 58 impedimentum
842 959 187 58 sequitur
967 959 156 58 naturali

400 1006 114 58 ter
465 1006 147 58 alius
563 1006 147 58 actus
661 1006 228 58 distinctus
840 1006 82 58 a
872 1006 147 58 primo
954 1006 163 58 terminat

399 1047 87 63 ad
442 1047 159 63 aliquod
557 1047 116 63 tale
630 1047 116 63 esse
702 1047 217 63 obiectiuum:
875 1047 130 63 quale
962 1047 130 63 prius
1034 1047 101 63 vidit

394 1091 79 65 in
433 1091 105 65 esse
499 1091 197 65 subiectiuo.
656 1091 79 65 et
696 1091 105 65 ille
761 1091 118 65 actus
840 1091 158 65 secundus
958 1091 158 65 producit
1063 1091 66 65 vni

409 1136 167 57 uersalia
534 1136 83 57 et
576 1136 209 57 intentiones
743 1136 167 57 secundas
868 1136 83 57 et
910 1136 97 57 non
951 1136 181 57 presupponit

406 1181 126 57 eas.
485 1181 205 57 Exemplum.
643 1181 173 57 aliquis
769 1181 158 57 videns
879 1181 189 57 albedine
1005 1181 126 57 intui-

407 1222 124 60 tiue
484 1222 109 60 vel
546 1222 124 60 duas
624 1222 217 60 albedines:
794 1222 202 60 abstrahit
949 1222 93 60 ab
996 1222 109 60 eis
1042 1222 93 60 albe

407 1268 108 59 dinem
479 1268 72 59 in
515 1268 132 59 communi
612 1268 72 59 vt
648 1268 84 59 est
696 1268 144 59 species:
804 1268 72 59 et
840 1268 84 59 non
888 1268 84 59 est
936 1268 108 59 aliud
1009 1268 96 59 nisi
1057 1268 72 59 quod

394 1313 128 59 ille
474 1313 112 59 due
538 1313 176 59 noticie
667 1313 225 59 incomplexe
843 1313 209 59 terminate
1004 1313 96 59 ad
1036 1313 96 59 albe

402 1355 134 70 dinem
491 1355 89 70 in
536 1355 194 70 singulari
685 1355 119 70 siue
760 1355 194 70 intuitiue
909 1355 119 70 siue
968 1355 164 70 abstracti

408 1396 89 61 ue
453 1396 163 61 causant
571 1396 222 61 naturaliter
748 1396 133 61 sicut
837 1396 133 61 ignis
926 1396 178 61 calorem.
1044 1396 89 61 vnam

410 1442 139 60 tertiam
512 1442 165 60 noticiam.
638 1442 177 60 distinctam
778 1442 76 60 ab
815 1442 114 60 illis
891 1442 101 60 quae
955 1442 152 60 producit
1056 1442 76 60 ita-

412 1484 101 62 lem
469 1484 188 62 albedinem
614 1484 87 62 in
657 1484 116 62 esse
729 1484 202 62 obiectiuo.
888 1484 144 62 qualis
989 1484 130 62 prius
1061 1484 87 62 fuit

418 1531 110 58 visa
487 1531 82 58 in
528 1531 110 58 esse
597 1531 192 58 subiectiuo
748 1531 110 58 sine
816 1531 110 58 omni
885 1531 192 58 actiuitate
1022 1531 110 58 intel-

416 1576 158 69 lectus
527 1576 110 69 vel
590 1576 237 69 voluntatis:
779 1576 126 69 quia
858 1576 142 69 talia
937 1576 205 69 naturaliter

414 1617 204 60 causantur.
575 1617 73 60 â‹
604 1617 87 60 Ad
647 1617 131 60 aliud
735 1617 116 60 dico
807 1617 131 60 sicut
895 1617 131 60 alibi
982 1617 131 60 patet
1055 1617 87 60 quod

412 1661 182 65 respectus
552 1661 168 65 rationis
678 1661 126 65 nihil
762 1661 126 65 sunt:
846 1661 112 65 ideo
916 1661 98 65 non
972 1661 154 65 oportet
1070 1661 84 65 que-

418 1709 86 59 re
461 1709 115 59 vnde
533 1709 201 59 causantur.
691 1709 144 59 Aliter
792 1709 144 59 potest
892 1709 115 59 dici
964 1709 115 59 quod
1022 1709 129 59 ponendo

411 1750 122 70 tales
493 1750 177 70 respectus
629 1750 109 70 quod
697 1750 177 70 equaliter
833 1750 177 70 concludit
968 1750 136 70 contra
1050 1750 95 70 acti-

420 1796 150 53 uitatem
530 1796 205 53 intellectus
694 1796 123 53 sicut
776 1796 109 53 pro.
844 1796 109 53 quia
913 1796 150 53 ponendo
1022 1796 109 53 quod
1077 1796 68 53 sit

421 1836 174 58 actiuus
548 1836 142 58 adhuc
643 1836 95 58 ad
690 1836 206 58 causandum
848 1836 142 58 actum
927 1836 222 58 comparatiuum

415 1880 193 58 requiritur
567 1880 124 58 prius
650 1880 152 58 notitia
760 1880 193 58 inconplexa
912 1880 235 58 comparatorum.
1092 1880 55 58 et

414 1926 90 54 si
459 1926 120 54 tunc
534 1926 165 54 positis
654 1926 180 54 noticiis
789 1926 225 54 incomplexis
968 1926 90 54 in
1013 1926 120 54 actu
1073 1926 75 54 com

425 1965 196 72 paratiuo.
575 1965 120 72 vnde
651 1965 150 72 cumque
756 1965 196 72 causentur
906 1965 181 72 sequitur
1027 1965 120 72 respe-

429 2019 128 50 ctus:
514 2019 85 50 et
557 2019 114 50 ille
628 2019 128 50 esset
714 2019 157 50 realis:
827 2019 114 50 quia
899 2019 157 50 extrema
1013 2019 114 50 eius
1070 2019 85 50 rea-

416 2053 102 67 lia
475 2053 87 67 et
518 2053 102 67 non
577 2053 189 67 rationis:
722 2053 87 67 et
766 2053 102 67 ita
824 2053 175 67 sequitur
955 2053 189 67 equaliter
1086 2053 73 67 con

432 2094 143 63 clusio
532 2094 172 63 predicta
661 2094 115 63 siue
733 2094 215 63 intellectus
904 2094 100 63 sit
962 2094 158 63 actiuus
1062 2094 86 63 siue

422 2150 194 68 passiuus.
571 2150 119 68 Ideo
646 2150 119 68 dico
720 2150 119 68 quod
795 2150 119 68 iste
869 2150 134 68 actus
943 2150 209 68 comparatiuus

429 2195 175 51 causatur
561 2195 233 51 sufficienter
750 2195 73 51 a
780 2195 175 51 noticiis
911 2195 219 51 incomplexis
1071 2195 88 51 ter-

433 2231 178 56 minorum
562 2231 97 56 et
611 2231 129 56 actu
691 2231 226 56 voluntatis
869 2231 113 56 quo
934 2231 129 56 vult
998 2231 162 56 apprehen

428 2274 93 62 sa
474 2274 186 62 simplici
614 2274 264 62 apprehensione
831 2274 202 62 comparare
970 2274 186 62 diuersimoe

426 2318 107 65 de:
487 2318 122 65 quia
563 2318 122 65 sine
639 2318 122 65 actu
715 2318 229 65 voluntatis.
898 2318 107 65 non
959 2318 152 65 potest
1050 2318 107 65 actus

433 2361 237 61 comparatiuus
626 2361 178 61 causari:
759 2361 119 61 quia
833 2361 148 61 aliter
937 2361 148 61 semper
1026 2361 133 61 causare

438 2407 100 55 tur
495 2407 142 55 habita
594 2407 171 55 simplici
722 2407 156 55 noticia
836 2407 199 55 terminorum
992 2407 114 55 quod
1063 2407 100 55 est
1106 2407 57 55 ma

429 2448 151 62 nifeste
539 2448 151 62 falsum.
650 2448 83 62 Et
691 2448 138 62 quando
787 2448 151 62 dicitur
897 2448 110 62 quod
966 2448 96 62 est
1008 2448 151 62 respectus

430 2493 154 59 realis.
542 2493 112 59 Dico
612 2493 112 59 quod
683 2493 154 59 positis
795 2493 281 59 intellectionibus
1034 2493 98 59 sic
1076 2493 84 59 vide

428 2541 116 52 licet
505 2541 103 52 quod
570 2541 180 52 fundaretur
711 2541 77 52 in
750 2541 129 52 aliqua
840 2541 219 52 intellectione
1020 2541 77 52 et
1058 2541 90 52 per
1097 2541 64 52 eum

432 2584 103 72 vna
491 2584 220 72 intellectio
667 2584 176 72 refertur
799 2584 88 72 ad
843 2584 132 72 aliam
931 2584 117 72 tunc
1005 2584 132 72 esset
1078 2584 88 72 rea

1195 175 105 70 lis.
1261 175 105 70 nunc
1327 175 119 70 autem
1406 175 158 70 secundum
1524 175 158 70 ponentes
1643 175 119 70 talem
1722 175 92 70 non
1775 175 158 70 fundatur
1880 175 53 70 in

1199 230 251 58 intellectione
1406 230 103 58 sed
1465 230 133 58 solum
1553 230 89 58 in
1598 230 162 58 obiecto
1716 230 207 58 comparato:
1863 230 74 58 vi-

1203 275 136 61 tantum
1299 275 122 61 habet
1380 275 109 61 esse
1448 275 204 61 subiectiuum
1611 275 95 61 vel
1665 275 122 61 reale
1747 275 122 61 esse:
1828 275 95 61 nec
1869 275 68 61 per

1207 319 116 63 illum
1284 319 154 63 secundum
1400 319 154 63 refertur
1515 319 77 63 ad
1554 319 116 63 alium
1631 319 90 63 sed
1682 319 116 63 solum
1759 319 103 63 vnum
1811 319 128 63 obiectum

1207 365 220 57 comparatiuum:
1389 365 104 57 quod
1453 365 130 57 tantum
1544 365 117 57 habet
1622 365 104 57 esse
1687 365 181 57 distinctum
1816 365 117 57 referi-

1207 407 87 69 ad
1250 407 130 69 aliud
1337 407 101 69 per
1395 407 130 69 aliud
1482 407 116 69 quod
1554 407 217 69 comparatur:
1728 407 87 69 et
1771 407 130 69 etiam
1844 407 101 69 habet

1209 450 109 61 esse
1277 450 203 61 distinctum:
1440 450 81 61 et
1481 450 149 61 propter
1589 450 122 61 istas
1671 450 109 61 duas
1739 450 136 61 causas
1833 450 95 61 non
1874 450 68 61 di-

1210 493 120 64 citur
1290 493 173 64 respectus
1423 493 133 64 realis
1516 493 93 64 sed
1569 493 133 64 tantum
1662 493 160 64 rationis
1782 493 67 64 â‹
1809 493 80 64 Ad
1849 493 120 64 aliud

1209 537 112 64 dico
1279 537 112 64 quod
1349 537 182 64 equaliter
1489 537 182 64 concludit
1629 537 140 64 contra
1727 537 210 64 actiuitatem
1881 537 56 64 in

1206 581 186 66 tellectus
1349 581 129 66 sicut
1434 581 114 66 pro:
1506 581 114 66 quia
1577 581 100 66 ita
1635 581 214 66 intellectus
1806 581 100 66 est
1849 581 100 66 causa

1201 626 186 62 naturalis
1344 626 129 62 sicut
1430 626 215 62 intellectio
1602 626 100 62 vel
1659 626 186 62 obiectum.
1803 626 86 62 et
1846 626 100 62 ita
1889 626 57 62 se

1218 673 137 65 quitur
1314 673 110 65 quod
1383 673 82 65 si
1424 673 205 65 intellectus
1588 673 137 65 causat
1684 673 123 65 actum
1766 673 164 65 reflexum
1876 673 68 65 vel

1205 716 175 56 causabit
1336 716 189 56 infinitos
1482 716 102 56 vel
1540 716 160 56 nullum.
1657 716 116 56 Ideo
1729 716 116 56 dico
1802 716 116 56 quod
1860 716 73 56 act

1209 758 181 66 reflexus
1345 758 181 66 causatur
1480 758 91 66 ab
1526 758 121 66 actu
1601 758 136 66 recto
1692 758 166 66 tanquam
1812 758 91 66 ab
1842 758 106 66 obie-

1217 806 108 56 cto
1278 806 92 56 et
1324 806 92 56 ab
1371 806 123 56 actu
1448 806 170 56 volendi
1571 806 108 56 quo
1633 806 185 56 voluntas
1771 806 123 56 vult
1833 806 108 56 illum

1210 858 128 50 actum
1295 858 199 50 intelligi.
1452 858 114 50 Quod
1523 858 128 50 autem
1608 858 171 50 causatur
1737 858 85 50 ab
1779 858 114 50 actu
1836 858 100 50 recto

1214 893 154 65 patet.
1322 893 123 65 quia
1399 893 139 65 actus
1491 893 185 65 reflexus
1630 893 216 65 necessario
1785 893 154 65 dependet

1213 933 84 59 ex
1255 933 113 59 actu
1326 933 141 59 recto.
1424 933 113 59 quia
1494 933 99 59 non
1551 933 141 59 potest
1649 933 155 59 causari
1762 933 113 59 nisi
1818 933 127 59 existen

1217 977 89 59 te
1262 977 119 59 actu
1336 977 149 59 recto.
1440 977 119 59 ergo
1514 977 89 59 in
1559 977 149 59 aliquo
1663 977 149 59 genere
1767 977 134 59 cause
1841 977 104 59 depen

1222 1031 109 53 det.
1291 1031 82 53 et
1331 1031 177 53 probatur:
1468 1031 109 53 quia
1536 1031 95 53 non
1591 1031 109 53 nisi
1659 1031 123 53 sicut
1740 1031 82 53 ab
1768 1031 177 53 efficiente.

1216 1066 107 60 Quod
1283 1066 121 60 autem
1363 1066 121 60 actus
1444 1066 188 60 voluntatis
1592 1066 188 60 requiritur
1739 1066 134 60 patet.
1833 1066 107 60 quia
1887 1066 67 60 ali

1224 1110 110 66 quis
1293 1110 137 66 potest
1389 1110 151 66 aliquid
1499 1110 220 66 intelligere.
1677 1110 82 66 et
1719 1110 124 66 tamen
1801 1110 96 66 non
1842 1110 110 66 perci-

1226 1154 120 68 pere
1301 1154 90 68 se
1346 1154 225 68 intelligere
1526 1154 135 68 sicut
1616 1154 150 68 potest
1721 1154 165 68 aliquid
1826 1154 135 68 videre.

1222 1202 84 52 et
1264 1202 125 52 tamen
1347 1202 97 52 non
1403 1202 181 52 percipere
1542 1202 84 52 se
1584 1202 153 52 videre.
1695 1202 97 52 Sed
1751 1202 84 52 si
1793 1202 125 52 actus
1863 1202 97 52 refle

1215 1246 101 63 xus
1272 1246 202 63 causaretur
1431 1246 159 63 precise
1547 1246 87 63 ab
1590 1246 202 63 intellectu
1749 1246 87 63 et
1792 1246 116 63 actu
1850 1246 101 63 recto

1221 1284 145 64 statim
1322 1284 145 64 posito
1424 1284 87 64 et
1467 1284 145 64 stante
1569 1284 116 64 actu
1641 1284 131 64 recto
1728 1284 218 64 intellectus
1888 1284 73 64 sta

1231 1328 97 63 tim
1286 1328 193 63 necessario
1438 1328 207 63 perciperet:
1604 1328 110 63 quod
1673 1328 97 63 est
1728 1328 180 63 manifeste
1853 1328 110 63 contra

1223 1372 267 59 experientiam.
1443 1372 126 59 ergo
1522 1372 220 59 requiritur
1694 1372 141 59 actus
1773 1372 188 59 voluntatis

1224 1419 100 64 quo
1281 1419 114 64 vult
1352 1419 128 64 illum
1438 1419 128 64 actum
1523 1419 186 64 cognosci.
1666 1419 100 64 sed
1723 1419 143 64 posito
1823 1419 114 64 isto
1880 1419 86 64 actu

1223 1457 210 66 voluntatis
1388 1457 105 66 cum
1448 1457 120 66 actu
1523 1457 135 66 recto
1612 1457 150 66 statim
1717 1457 225 66 naturaliter
1882 1457 90 66 sine

1224 1509 118 56 omni
1298 1509 207 56 actiuitate
1461 1509 222 56 intellectus
1638 1509 177 56 sequitur
1771 1509 133 56 actus
1845 1509 118 56 refle-

1233 1548 98 65 xus
1289 1548 84 65 in
1331 1548 209 65 intellectu.
1498 1548 84 65 et
1540 1548 98 65 sic
1596 1548 126 65 patet
1680 1548 112 65 quod
1750 1548 98 65 non
1805 1548 154 65 oportet
1903 1548 70 65 po-

1237 1593 116 61 nere
1310 1593 189 61 processum
1455 1593 87 61 in
1499 1593 203 61 infinitum.
1658 1593 116 61 quia
1731 1593 145 61 potest
1818 1593 145 61 voluntas

1245 1639 129 62 velle
1331 1639 115 62 vnum
1403 1639 129 62 actum
1489 1639 216 62 intellectus
1662 1639 173 62 cognosci
1791 1639 86 62 ab
1835 1639 101 62 hoc
1878 1639 86 62 quod

1241 1681 137 61 velit
1332 1681 137 61 alium
1424 1681 198 61 cognosci.
1576 1681 92 61 Ex
1622 1681 107 61 hoc
1683 1681 137 61 patet
1775 1681 92 61 ad
1820 1681 137 61 aliud
1897 1681 92 61 quod

1229 1725 107 62 est
1290 1725 92 62 in
1336 1725 199 62 potestate
1489 1725 214 62 voluntatis
1657 1725 214 62 reflectere
1825 1725 92 62 se
1856 1725 107 62 super

1246 1772 119 59 actum
1325 1772 106 59 suum
1391 1772 79 59 et
1431 1772 119 59 actum
1510 1772 211 59 intellectus.
1682 1772 79 59 et
1721 1772 92 59 non
1774 1772 92 59 est
1827 1772 92 59 sic
1880 1772 79 59 in
1906 1772 66 59 po-

1241 1817 141 63 testate
1344 1817 205 63 intellectus:
1510 1817 103 63 quia
1575 1817 90 63 est
1626 1817 103 63 pure
1690 1817 167 63 passiuus.
1818 1817 77 63 et
1857 1817 77 63 si
1882 1817 90 63 esset

1238 1859 167 53 actiuus
1359 1859 137 53 adhuc
1450 1859 106 53 cum
1511 1859 228 53 naturaliter
1693 1859 152 53 ageret
1799 1859 106 53 non
1860 1859 106 53 est
1905 1859 61 53 in

1231 1901 116 55 eius
1304 1901 189 55 potestate
1449 1901 116 55 plus
1522 1901 203 55 reflectere
1681 1901 87 55 se
1725 1901 131 55 super
1812 1901 116 55 vnum
1870 1901 87 55 acti

1244 1939 103 77 quam
1308 1939 116 77 super
1385 1939 128 77 alium.
1475 1939 64 77 â‹
1501 1939 77 77 Si
1539 1939 116 77 dicas
1616 1939 154 77 voluntas
1732 1939 90 77 non
1783 1939 128 77 potest
1860 1939 103 77 tantum

1242 1985 191 74 praedicto
1389 1985 117 74 modo
1462 1985 205 74 reflectere
1624 1985 88 74 se
1668 1985 132 74 super
1756 1985 132 74 actum
1829 1985 147 74 intelle-

1243 2039 130 59 ctus:
1329 2039 101 59 sed
1387 2039 130 59 super
1474 2039 130 59 actum
1561 2039 174 59 proprium
1691 2039 130 59 ipsum
1778 2039 188 59 diligendo
1908 2039 58 59 et

1244 2075 171 60 volendo
1368 2075 140 60 illum
1461 2075 140 60 actum
1554 2075 202 60 cognosci.
1709 2075 124 60 Aquo
1786 2075 124 60 ergo
1848 2075 124 60 causam

1246 2118 112 61 tur
1310 2118 129 61 isti
1391 2118 161 61 actus.
1503 2118 209 61 Respondeo
1664 2118 161 61 primus
1776 2118 145 61 actus
1857 2118 112 61 causa

1245 2163 108 58 tur
1306 2163 77 58 a
1337 2163 215 58 cognitione
1506 2163 108 58 qua
1567 2163 123 58 ille
1644 2163 231 58 intellectus
1813 2163 154 58 cognosci

1255 2208 117 62 tur.
1328 2208 117 62 quia
1401 2208 131 62 nihil
1489 2208 102 62 est
1547 2208 146 62 amatum
1649 2208 117 62 nisi
1722 2208 175 62 cognitum
1853 2208 73 62 a
1868 2208 102 62 volun

1241 2256 108 48 tate
1308 2256 189 48 immediate:
1456 2256 81 48 et
1497 2256 162 48 secundus
1618 2256 189 48 similiter.
1767 2256 81 48 et
1807 2256 94 48 ita
1848 2256 121 48 videtur

1255 2295 119 57 esse
1330 2295 209 57 coniunctum
1493 2295 89 57 in
1538 2295 134 57 istis
1627 2295 179 57 actibus.
1761 2295 119 57 quia
1836 2295 134 57 actus
1910 2295 60 57 in

1241 2339 203 62 tellectus
1398 2339 109 62 est
1460 2339 141 62 causa
1554 2339 203 62 efficiens
1710 2339 141 62 actus
1788 2339 188 62 voluntatis

1244 2384 93 60 et
1291 2384 202 60 econuerso
1447 2384 109 60 non
1509 2384 187 60 respectu
1649 2384 171 60 eiuidem
1774 2384 140 60 actus
1867 2384 109 60 sed
1914 2384 62 60 re

1250 2427 154 68 spectu
1358 2427 232 68 diuersorum.
1543 2427 93 68 et
1589 2427 108 68 ita
1651 2427 154 68 quando
1759 2427 123 68 quis
1836 2427 123 68 amat
1898 2427 77 68 non

1261 2472 160 62 oportet
1378 2472 117 62 quod
1451 2472 189 62 percipiat
1596 2472 87 62 se
1640 2472 146 62 amare:
1742 2472 102 62 sed
1800 2472 146 62 statim
1888 2472 87 62 quar

1246 2523 106 64 do
1299 2523 212 64 voluntas
1459 2523 142 64 vult
1547 2523 159 64 actum
1654 2523 142 64 suum
1742 2523 230 64 cognosci.
1901 2523 89 64 Se-

1256 2560 143 70 cunda
1351 2560 175 70 volitio
1479 2560 191 70 causatur
1622 2560 79 70 a
1653 2560 207 70 voluntate
1812 2560 95 70 et
1860 2560 79 70 a
1876 2560 111 70 prima
