2255 3100
251 208 213 61 volitione
415 208 98 61 et
464 208 230 61 cognitione
644 208 115 61 qua
710 208 246 61 cognoscitur
891 208 98 61 obie

265 264 110 52 ctum
334 264 138 52 amatum
431 264 83 52 et
472 264 124 52 istis
555 264 152 52 positis
666 264 138 52 statim
762 264 110 52 sine
831 264 110 52 omni
886 264 97 52 acti-

264 308 158 45 uitate
375 308 237 45 intellectus
565 308 190 45 sequitur
707 308 237 45 naturaliter
881 308 95 45 vnus

264 352 144 51 alius
360 352 144 51 actus
456 352 240 51 cognitionis
647 352 112 51 quo
711 352 240 51 cognoscitur
887 352 96 51 pri-

258 395 108 50 mus
319 395 139 50 actus
412 395 154 50 amandi
520 395 77 50 â‹
550 395 92 50 Ad
597 395 139 50 aliud
689 395 123 50 dico
766 395 123 50 quod
843 395 92 50 si
874 395 108 50 intel

255 435 151 53 lectio
360 435 181 53 angelica
496 435 90 53 et
541 435 151 53 humana
647 435 105 53 non
707 435 121 53 sint
782 435 166 53 eiusdem
888 435 90 53 rati

255 487 135 44 onis:
345 487 120 44 tunc
420 487 226 44 intellectio
601 487 150 44 potest
706 487 120 44 dici
781 487 165 44 propria
887 487 90 44 oper

256 529 134 45 ratio
345 529 208 45 vtriusque:
508 529 119 45 quia
582 529 104 45 non
642 529 148 45 potest
746 529 223 45 naturaliter
909 529 74 45 re-

259 565 119 55 cipi
333 565 89 55 in
378 565 208 55 intellectu
541 565 163 55 humano:
660 565 104 55 nec
719 565 208 55 econuerso.
882 565 104 55 sed
927 565 59 55 si

253 615 85 52 ue
295 615 99 52 sic
352 615 113 52 siue
423 615 113 52 non:
494 615 170 52 dicuntur
622 615 156 52 proprie
735 615 227 52 operationes:
905 615 71 52 non

256 659 122 51 quia
332 659 122 51 sunt
408 659 153 51 actiue
515 659 92 51 ab
561 659 229 51 intellectu:
744 659 107 51 sed
805 659 153 51 tantum
897 659 76 51 pos

255 701 117 51 sunt
329 701 220 51 naturaliter
505 701 191 51 perficere
651 701 235 51 intellectum:
842 701 88 51 et
871 701 103 51 etiam

255 747 118 44 quia
329 747 207 44 frequenter
492 747 148 44 aliqua
595 747 178 44 operatio
729 747 163 44 causata
847 747 89 44 ab
876 747 104 44 anima

249 789 241 51 intellectiua
445 789 106 51 est
505 789 136 51 causa
596 789 196 51 efficiens
747 789 181 51 respectu
867 789 121 51 talium

249 836 230 48 operationum
433 836 123 48 puta
510 836 184 48 volitio:
648 836 92 48 vt
694 836 138 48 patet
786 836 92 48 ex
817 836 169 48 predictis

253 879 124 53 licet
336 879 152 53 ipsamet
447 879 124 53 anima
530 879 97 53 non
585 879 97 53 sit
640 879 124 53 causa
723 879 180 53 effectiua
862 879 111 53 eius
917 879 69 53 in-

265 917 184 55 mediate.
403 917 92 55 et
449 917 123 55 ideo
526 917 123 55 quia
602 917 138 55 multe
694 917 276 55 intellectiones
909 917 77 55 non

256 966 169 49 possunt
378 966 169 49 causari
501 966 230 49 naturaliter
685 966 123 49 sine
761 966 199 49 volitione
899 966 77 49 cau

256 1014 113 45 sata
326 1014 183 45 immediate
467 1014 84 45 ab
509 1014 127 45 anima
594 1014 239 45 intellectiua:
791 1014 113 45 ideo
847 1014 127 45 propter

252 1056 135 40 illas
342 1056 120 40 duas
417 1056 180 40 rationes
551 1056 150 40 potest
656 1056 120 40 dici
731 1056 224 40 intellectio
895 1056 90 40 ope-

266 1097 130 46 ratio
352 1097 130 46 prima
438 1097 231 46 intellectus.
626 1097 101 46 sic
683 1097 115 46 enim
755 1097 101 46 non
813 1097 101 46 est
871 1097 86 46 de
900 1097 86 46 cale

258 1140 175 50 factione
390 1140 175 50 respectu
521 1140 146 50 ligni:
624 1140 117 50 quia
697 1140 102 50 nec
755 1140 146 50 lignum
857 1140 102 50 est
901 1140 73 50 pra

263 1186 126 55 prium
347 1186 210 55 receptiuum:
515 1186 112 55 quia
585 1186 140 55 potest
683 1186 140 55 recipi
781 1186 84 55 in
823 1186 112 55 aqua
893 1186 84 55 et
921 1186 56 55 in

262 1228 116 51 igne
335 1228 116 51 etc.
408 1228 102 51 nec
466 1228 160 51 aliquid
582 1228 174 51 causatum
713 1228 174 51 alicuius
844 1228 102 51 est
887 1228 102 51 causa

256 1276 184 48 efficiens
397 1276 255 48 calefactionis:
610 1276 85 48 et
652 1276 113 48 ideo
723 1276 99 48 non
780 1276 170 48 sequitur
893 1276 85 48 con-

259 1319 141 53 clusio
357 1319 169 53 intenta.
484 1319 70 53 â‹
512 1319 84 53 Ad
554 1319 127 53 aliud
639 1319 112 53 dico
709 1319 112 53 quod
779 1319 112 53 ista
835 1319 141 53 attentio

261 1361 161 47 conatus
378 1361 175 47 intensio
510 1361 88 47 et
553 1361 175 47 remissio
685 1361 88 47 in
729 1361 117 47 actu
802 1361 102 47 non
846 1361 131 47 possunt

263 1405 112 54 plus
333 1405 155 54 saluari
446 1405 98 54 per
502 1405 211 54 actiuitatem
671 1405 211 54 intellectus
839 1405 112 54 quam
896 1405 84 54 sine

261 1449 102 59 ea:
320 1449 117 59 quia
393 1449 219 59 intellectus
568 1449 88 59 vt
611 1449 175 59 precedit
743 1449 131 59 omnem
830 1449 131 59 actum
903 1449 73 59 vo-

249 1488 176 60 luntatis
381 1488 161 60 quantum
499 1488 88 60 ad
543 1488 117 60 actu
616 1488 176 60 elicitum
748 1488 103 60 est
807 1488 132 60 solum
880 1488 103 60 causa

247 1545 202 44 naturalis
403 1545 93 44 si
449 1545 140 44 agat:
542 1545 93 44 et
589 1545 124 44 ideo
667 1545 171 44 ceteris
791 1545 171 44 paribus
899 1545 78 44 non

253 1578 108 53 est
314 1578 139 53 maior
407 1578 139 53 ratio
499 1578 139 53 quare
592 1578 231 53 intellectus
777 1578 123 53 plus
838 1578 139 53 conatur

256 1624 172 54 intendit
385 1624 101 54 vel
442 1624 172 54 remittit
572 1624 129 54 actum
658 1624 101 54 vno
715 1624 158 54 tempore
830 1624 115 54 quam
888 1624 86 54 alio

261 1669 183 46 tempore:
398 1669 122 46 quia
474 1669 152 46 posito
581 1669 122 46 casu
657 1669 152 46 priori
764 1669 152 46 semper
855 1669 122 46 ageret

252 1714 168 54 secundum
378 1714 154 54 vltimum
490 1714 168 54 potentie
616 1714 112 54 sue:
686 1714 112 54 quia
756 1714 126 54 causa
840 1714 112 54 mere
896 1714 84 54 natu

255 1763 157 44 ralis:
365 1763 94 44 et
412 1763 110 44 per
475 1763 220 44 consequens
648 1763 204 44 equaliter
804 1763 157 44 semper
899 1763 78 44 co-

264 1799 170 50 naretur
387 1799 93 50 et
433 1799 139 50 actum
526 1799 124 50 eque
603 1799 185 50 intensum
742 1799 201 50 causaret.
881 1799 93 50 Ideo

252 1844 118 47 dico
326 1844 118 47 quod
400 1844 178 47 attentio
533 1844 163 47 conatus
652 1844 133 47 maior
740 1844 89 47 et
785 1844 192 47 perceptio
918 1844 59 47 a-

254 1886 165 56 licuius
374 1886 105 56 vel
434 1886 135 56 minor
524 1886 180 56 intensio
659 1886 105 56 vel
719 1886 180 56 remissio
854 1886 90 56 in
884 1886 90 56 actu

255 1934 137 44 solum
346 1934 122 44 sunt
422 1934 198 44 effectiue
575 1934 91 44 in
620 1934 122 44 actu
697 1934 213 44 voluntatis
864 1934 107 44 vel
910 1934 76 44 pri

251 1976 172 48 uatiue:
377 1976 125 48 quia
455 1976 172 48 causata
580 1976 266 48 intellectione
799 1976 94 48 ab
830 1976 141 48 obiecto

265 2024 107 46 vel
326 2024 92 46 ab
372 2024 154 46 habitu
480 2024 107 46 vel
541 2024 215 46 cognitione
710 2024 92 46 in
756 2024 138 46 sensu
848 2024 123 46 vult
910 2024 61 46 vo

252 2062 157 51 luntas
362 2062 141 51 illum
456 2062 141 51 actum
550 2062 235 51 continuari:
739 2062 110 51 vel
801 2062 126 51 vult
864 2062 110 51 illud

261 2106 181 49 obiectum
397 2106 212 49 perfectius
563 2106 181 49 cognosci
699 2106 151 49 tantum
805 2106 166 49 quantum
911 2106 60 49 po

257 2154 114 46 test
328 2154 172 46 cognosci
457 2154 86 46 et
500 2154 114 46 ista
571 2154 157 46 volitio
686 2154 157 46 efficax
800 2154 100 46 qua
857 2154 114 46 vult
915 2154 72 46 il-

248 2195 115 55 lud
313 2195 197 55 obiectum
461 2195 148 55 modis
560 2195 214 55 predictis
724 2195 99 55 et
773 2195 148 55 aliis
856 2195 131 55 cogno-

259 2239 130 52 scere
345 2239 101 52 est
403 2239 173 52 attentio
533 2239 87 52 in
576 2239 115 52 actu
648 2239 87 52 et
691 2239 159 52 conatus
807 2239 87 52 et
836 2239 144 52 intensio

264 2282 75 58 in
301 2282 112 58 actu:
375 2282 99 58 quia
437 2282 149 58 secundum
549 2282 99 58 quod
611 2282 99 58 iste
673 2282 112 58 actus
748 2282 137 58 volendi
847 2282 124 58 fuerit
922 2282 62 58 per

258 2327 169 55 fectior
380 2327 107 55 vel
442 2327 246 55 imperfectior
641 2327 200 55 diceretur
795 2327 169 55 conatus
902 2327 77 55 ma-

259 2372 105 54 ior
319 2372 105 54 vel
379 2372 150 54 minor:
484 2372 90 54 et
529 2372 120 54 ista
604 2372 165 54 volitio
724 2372 195 54 immediate
874 2372 105 54 cum
919 2372 60 54 ob

253 2419 146 58 iecto
350 2419 114 58 vel
415 2419 162 58 habitu
529 2419 162 58 causat
642 2419 243 58 cognitionem
821 2419 162 58 perfecti

267 2459 117 51 orem
341 2459 117 51 quam
414 2459 176 51 causaret
546 2459 176 51 obiectum
678 2459 103 51 per
737 2459 88 51 se
781 2459 117 51 sine
839 2459 147 51 volitio-

265 2510 98 43 ne:
321 2510 98 43 ita
377 2510 112 43 quod
446 2510 167 43 obiectum
572 2510 139 43 sensus
669 2510 98 43 vel
725 2510 209 43 intellectus
892 2510 84 43 et
920 2510 56 43 vo

268 2547 133 50 litio
357 2547 118 50 ista
431 2547 118 50 sunt
504 2547 133 50 cause
593 2547 192 50 partiales
741 2547 192 50 immediate
874 2547 103 50 respe

264 2592 105 73 ctu
324 2592 135 73 actus
414 2592 225 73 intensioris
594 2592 90 73 in
639 2592 210 73 intellectu
804 2592 105 73 vel
864 2592 90 73 in
894 2592 90 73 sen

1068 209 94 62 su.
1121 209 81 62 et
1162 209 108 62 ille
1229 209 121 62 actus
1310 209 175 62 intensior
1445 209 94 62 vel
1499 209 108 62 erit
1567 209 121 62 actus
1634 209 162 62 distinctus

1063 263 68 51 a
1091 263 137 51 priori
1186 263 150 51 causato
1296 263 96 51 vel
1350 263 137 51 tantum
1446 263 82 51 ab
1487 263 164 51 obiecto:
1610 263 82 51 et
1651 263 109 51 tunc
1705 263 96 51 prior

1069 307 260 53 corruumpitur.
1283 307 122 53 quia
1359 307 92 53 in
1405 307 138 53 eadem
1497 307 183 53 potentia
1619 307 168 53 respectu-

1072 357 161 47 eiusdem
1190 357 161 47 obiecti
1307 357 103 47 non
1366 357 161 47 possunt
1483 357 132 47 simul
1571 357 117 47 esse
1644 357 132 47 actus
1718 357 73 47 in-

1066 399 144 46 tensus
1167 399 87 46 et
1210 399 188 46 remissus:
1354 399 101 46 vel
1412 399 115 46 erit
1484 399 115 46 idem
1556 399 87 46 et
1599 399 159 46 faceret
1700 399 87 46 vnum

1068 442 103 48 cum
1127 442 117 48 actu
1200 442 176 48 remisso.
1332 442 132 48 Istud
1420 442 176 48 secundum
1552 442 103 48 est
1611 442 132 48 magis
1684 442 117 48 ratio-

1070 491 179 44 nabile:
1200 491 130 44 quia
1281 491 163 44 aliter
1395 491 163 44 nullus
1509 491 146 44 actus
1607 491 130 44 idem
1672 491 130 44 manens

1071 531 148 49 posset
1175 531 163 49 intendi
1293 531 104 49 vel
1352 531 178 49 remitti:
1485 531 118 49 quod
1559 531 163 49 videtur
1663 531 133 49 falsum.

1070 571 116 52 quia
1142 571 159 52 videtur
1258 571 116 52 quod
1330 571 130 52 actus
1417 571 145 52 posset
1518 571 217 52 vniformiter
1677 571 116 52 inten-

1077 614 79 55 di
1116 614 119 55 sicut
1196 614 159 55 habitus.
1315 614 79 55 et
1355 614 106 55 tunc
1421 614 159 55 dicendum
1540 614 93 55 est
1593 614 106 55 quod
1660 614 106 55 ille
1713 614 79 55 gra-

1070 661 112 44 dus
1134 661 239 44 cognitionis
1325 661 112 44 quo
1389 661 144 44 actus
1485 661 144 44 prior
1581 661 207 44 inteditur
1724 661 80 44 cau

1070 702 129 49 satur
1156 702 100 49 tam
1213 702 86 49 ab
1256 702 158 49 obiecto
1371 702 115 49 quam
1443 702 86 49 ab
1486 702 115 49 actu
1557 702 172 49 volendi:
1687 702 86 49 et
1715 702 72 49 gra

1075 745 98 51 dus
1131 745 181 51 precedens
1270 745 139 51 tantum
1368 745 167 51 causatur
1493 745 84 51 ab
1535 745 167 51 obiecto.
1661 745 112 51 quia
1716 745 70 51 non

1069 793 95 49 est
1124 793 204 49 ymaginandum
1287 793 109 49 quod
1355 793 122 49 actus
1437 793 177 49 precedens
1572 793 136 49 tantum
1654 793 136 49 causetur

1069 841 91 46 ab
1114 841 166 46 obiecto
1235 841 91 46 et
1280 841 151 46 gradus
1386 841 181 46 intensus
1521 841 75 46 a
1552 841 211 46 volitione.
1702 841 91 46 quia

1072 879 101 49 sic
1129 879 101 49 non
1187 879 144 49 essent
1287 879 129 49 cause
1373 879 187 49 partiales
1517 879 172 49 respectu
1646 879 129 49 vnius
1718 879 72 49 gra

1070 922 116 54 dus.
1142 922 101 54 sed
1200 922 101 54 est
1258 922 217 54 ymaginandum
1431 922 116 54 quod
1504 922 174 54 obiectum
1634 922 145 54 potest
1721 922 72 54 ali

1072 972 114 49 quam
1143 972 214 49 cognitionem
1314 972 157 49 causare
1428 972 100 49 per
1485 972 85 49 se
1528 972 114 49 sine
1599 972 114 49 tali
1656 972 128 49 volitio

1067 1013 101 50 ne:
1124 1013 86 50 et
1167 1013 115 50 post
1239 1013 101 50 cum
1296 1013 115 50 illa
1368 1013 187 50 volitione
1512 1013 144 50 potest
1612 1013 158 50 causare
1713 1013 86 50 ali-

1069 1060 118 54 quam
1143 1060 221 54 cognitionem
1319 1060 191 54 facientem
1467 1060 103 54 per
1525 1060 88 54 se
1570 1060 118 54 vnum
1643 1060 103 54 cum
1687 1060 118 54 cogni-

1068 1104 132 45 tione
1157 1104 221 45 pexistente:
1333 1104 118 45 quam
1407 1104 103 45 non
1466 1104 147 45 potest
1569 1104 162 45 causare
1686 1104 118 45 sine
1745 1104 59 45 ta

1069 1143 83 55 li
1111 1143 193 55 volitione.
1262 1143 110 55 Quod
1331 1143 124 55 autem
1413 1143 138 55 aliqua
1509 1143 124 55 talis
1592 1143 151 55 volitio
1688 1143 110 55 causa-

1065 1190 110 46 tur
1128 1190 94 46 de
1175 1190 125 46 nouo
1253 1190 157 46 quando
1363 1190 141 46 actus
1457 1190 235 46 intenditur.
1645 1190 141 46 patet
1724 1190 78 46 per

1069 1232 102 53 hoc
1128 1232 117 53 quod
1201 1232 132 53 talis
1289 1232 132 53 actus
1377 1232 161 53 transit
1494 1232 88 53 de
1538 1232 263 53 contradictorio
1742 1232 59 53 in

1074 1274 290 49 contradictorium.
1321 1274 116 49 puta
1394 1274 87 49 de
1438 1274 102 49 non
1496 1274 160 49 intenso
1612 1274 87 49 in
1641 1274 145 49 intensum

1071 1315 120 56 quod
1146 1315 105 56 non
1206 1315 150 56 potest
1312 1315 165 56 saluari
1432 1315 120 56 sine
1507 1315 120 56 noua
1582 1315 211 56 causatione
1733 1315 75 56 co-

1072 1365 191 52 gnitionis.
1223 1365 68 52 â‹
1250 1365 82 52 Ex
1291 1365 123 52 istis
1373 1365 123 52 patet
1455 1365 109 52 quod
1523 1365 150 52 volitio
1632 1365 137 52 potest
1714 1365 82 52 esse

1080 1410 135 51 causa
1170 1410 194 51 immediata
1319 1410 179 51 respectu
1454 1410 224 51 cognitionis
1633 1410 105 51 tam
1678 1410 120 51 sensi-

1070 1454 107 51 tiue
1137 1454 107 51 quam
1204 1454 215 51 intellectiue
1378 1454 94 51 per
1432 1454 228 51 propositionem
1619 1454 188 51 frequenter
1753 1454 54 51 ac

1076 1492 137 56 ceptam
1172 1492 110 56 quod
1241 1492 165 56 effectus
1365 1492 220 56 sufficienter
1543 1492 165 56 dependet
1667 1492 110 56 etc:
1722 1492 82 56 quia

1080 1539 139 47 talis
1172 1539 155 47 gradus
1281 1539 186 47 intensus
1420 1539 108 47 vel
1482 1539 170 47 conatus
1606 1539 108 47 vel
1653 1539 139 47 attetio

1068 1583 207 46 nullomodo
1228 1583 160 46 potest
1339 1583 176 46 causari
1467 1583 128 46 sine
1547 1583 128 46 actu
1611 1583 191 46 voluntatis

1064 1626 112 50 siue
1134 1626 168 50 potentie
1260 1626 154 50 illarum
1372 1626 168 50 actionum
1498 1626 112 50 sint
1568 1626 140 50 actiue
1666 1626 112 50 siue
1722 1626 70 50 pas

1071 1664 119 54 siue.
1150 1664 119 54 Patet
1229 1664 119 54 etiam
1309 1664 106 54 quod
1375 1664 145 54 propter
1481 1664 119 54 talia
1560 1664 93 54 non
1613 1664 132 54 debent
1692 1664 106 54 poten-

1073 1714 99 54 tie
1129 1714 184 54 praedicte
1271 1714 113 54 poni
1341 1714 155 54 actiue.
1454 1714 113 54 quia
1525 1714 198 54 pluralitas
1680 1714 99 54 non
1722 1714 71 54 est

1068 1763 161 47 ponenda
1186 1763 117 47 sine
1259 1763 234 47 necessitate.
1449 1763 117 47 nunc
1522 1763 132 47 autem
1610 1763 103 47 non
1654 1763 132 47 apparet

1072 1808 209 47 necessitas
1236 1808 164 47 ponendi
1355 1808 194 47 potentias
1504 1808 164 47 actiuas
1623 1808 164 47 propter
1728 1808 74 47 pri

1061 1844 159 48 dicta.
1172 1844 127 48 quia
1252 1844 175 48 ponendo
1379 1844 111 48 eas
1442 1844 127 48 pure
1522 1844 191 48 passiuas
1649 1844 143 48 possunt

1068 1891 136 55 omnia
1159 1891 182 55 predicta
1295 1891 167 55 saluari
1416 1891 106 55 per
1477 1891 136 55 actum
1568 1891 212 55 voluntatis
1719 1891 76 55 cum

1066 1933 165 51 obiecto
1186 1933 105 51 vel
1246 1933 150 51 habitu
1351 1933 135 51 sicut
1442 1933 135 51 patet
1532 1933 90 51 ex
1577 1933 225 51 praedictis.
1742 1933 60 51 Pa

1064 1985 91 48 tet
1116 1985 117 48 etiam
1194 1985 104 48 quod
1259 1985 91 48 sit
1311 1985 156 48 remissio
1428 1985 78 48 in
1468 1985 117 48 actu:
1546 1985 104 48 quia
1611 1985 91 48 est
1650 1985 143 48 corruptio

1069 2018 150 56 illius
1174 2018 150 56 gradus
1278 2018 165 56 intensi
1398 2018 165 56 causati
1518 2018 75 56 a
1548 2018 194 56 volitione
1682 2018 120 56 predi-

1067 2065 110 51 cto
1130 2065 125 51 modo
1208 2065 110 51 per
1271 2065 251 51 suspensionem
1475 2065 110 51 vel
1538 2065 251 51 corruptionem
1726 2065 78 51 il-

1073 2112 127 53 lius
1153 2112 222 53 volitionis
1327 2112 111 53 que
1391 2112 222 53 requiritur
1566 2112 222 53 necessario
1725 2112 79 53 tam

1062 2155 90 51 ad
1107 2155 226 51 causationem
1288 2155 150 51 illius
1393 2155 150 51 gradus
1498 2155 120 51 quam
1573 2155 90 51 ad
1603 2155 196 51 conseruatio

1065 2196 118 51 nem.
1139 2196 89 51 et
1184 2196 104 51 per
1243 2196 207 51 consequens
1405 2196 118 51 illa
1479 2196 178 51 corrupta
1613 2196 163 51 remanet
1716 2196 74 51 so-

1062 2238 106 52 lus
1122 2238 151 52 gradus
1228 2238 181 52 causatus
1364 2238 91 52 ab
1409 2238 181 52 obiecto:
1545 2238 91 52 et
1590 2238 121 52 tunc
1650 2238 136 52 dicitur

1070 2282 165 55 remissus
1194 2282 124 55 sicut
1277 2282 138 55 prius.
1373 2282 96 55 vel
1428 2282 83 55 si
1469 2282 165 55 remissio
1593 2282 124 55 dicat
1675 2282 151 55 aliquid

1075 2331 85 48 de
1117 2331 113 48 nouo
1188 2331 184 48 causatum:
1329 2331 113 48 tunc
1400 2331 99 48 non
1457 2331 141 48 tantum
1556 2331 212 48 corrumpitur
1711 2331 85 48 ille

1073 2372 158 56 gradus
1184 2372 205 56 perfectus
1341 2372 110 56 sed
1405 2372 205 56 generatur
1562 2372 142 56 actus
1657 2372 142 56 alius
1736 2372 63 56 im

1070 2428 207 44 perfectus
1230 2428 176 44 faciens
1357 2428 128 44 vnum
1437 2428 112 44 cum
1501 2428 144 44 primo
1597 2428 144 44 gradu
1676 2428 128 44 causa-

1073 2462 86 48 to
1116 2462 86 48 ab
1159 2462 158 48 obiecto
1274 2462 101 48 sed
1332 2462 101 48 hoc
1390 2462 101 48 est
1447 2462 115 48 tunc
1519 2462 101 48 per
1577 2462 130 48 nouam
1649 2462 144 48 volitio-

1075 2511 121 51 nem.
1151 2511 121 51 quia
1226 2511 151 51 stante
1332 2511 136 51 prima
1423 2511 197 51 volitione
1575 2511 106 51 non
1635 2511 151 51 potest
1726 2511 76 51 il-

1071 2551 97 48 le
1119 2551 162 48 primus
1233 2551 162 48 gradus
1346 2551 210 48 corrumpi:
1508 2551 113 48 sed
1572 2551 146 48 prima
1670 2551 113 48 via
1718 2551 81 48 vi-

1079 2594 130 57 detur
1165 2594 232 57 probabilior.
1353 2594 116 57 quia
1426 2594 130 57 vitat
1513 2594 246 57 pluralitatem.
1701 2594 101 57 licet
