2222 3059
231 187 445 106 Gupposito
573 187 206 106 ex
642 187 308 106 questim

233 277 86 67 one
282 277 197 67 praecedenti:
442 277 99 67 quod
504 277 86 67 per
553 277 160 67 potentiam
677 277 136 67 diuinam
775 277 111 67 multe
837 277 111 67 verita-

235 320 107 70 tes
296 320 122 70 pure
372 320 213 70 theologice
540 320 168 70 possint
661 320 198 70 euidentur
799 320 152 70 cognosci

226 364 153 63 Quero.
333 364 138 63 Utrum
425 364 169 63 notitia
548 364 169 63 euidens
670 364 169 63 illarum
777 364 169 63 veritatum

230 404 73 73 sit
271 404 126 73 scientia
366 404 115 73 proprie
449 404 105 73 dicta.
522 404 52 73 ⁋
543 404 84 73 Quod
596 404 73 73 non
638 404 126 73 probatur
732 404 84 73 sic.
784 404 94 73 omnis
836 404 105 73 scientia

228 449 143 72 proprie
332 449 117 72 dicta
410 449 91 72 est
462 449 91 72 per
514 449 143 72 causame
619 449 104 72 quia
684 449 117 72 scire
762 449 130 72 esoper
840 449 104 72 causam

222 502 94 67 rem
275 502 187 67 cognoscere
422 502 120 67 primo
503 502 214 67 posteriorum)
676 502 94 67 sed
730 502 120 67 nihil
797 502 147 67 praedica-

221 537 106 66 bile
287 537 80 66 de
327 537 106 66 ipso
393 537 93 66 deo
446 537 93 66 cum
499 537 93 66 sit
552 537 159 66 realiter
672 537 106 66 ipse
738 537 119 66 deus)
817 537 119 66 habet
884 537 66 66 cau

220 581 90 63 sam.
276 581 113 63 igitur
355 581 102 63 nihil
423 581 90 63 tale
479 581 113 63 potest
558 581 102 63 sciri
626 581 68 63 de
660 581 79 63 deo
705 581 135 63 scientia
807 581 124 63 proprie
886 581 56 63 di-

212 635 94 50 cta.
271 635 59 50 ⁋
294 635 129 50 Secundo
388 635 94 50 sic.
447 635 106 50 omnis
517 635 141 50 scientia
623 635 129 50 proprie
717 635 106 50 dicta
787 635 82 50 est
823 635 117 50 effectus

209 670 261 66 demonstrationis.
431 670 209 66 demonstratio
600 670 117 66 autem
678 670 91 66 est
730 670 91 66 per
770 670 156 66 diffinitio

223 718 87 59 nan
272 718 137 59 tanquam
372 718 87 59 per
422 718 137 59 medium.
521 718 87 59 sed
571 718 100 59 deus
633 718 87 59 non
683 718 112 59 habet
745 718 187 59 diffinitionem

205 765 88 57 cum
256 765 88 57 sit
306 765 188 57 simplicitur
456 765 151 57 simplex:
569 765 100 57 ergo
632 765 113 57 nihil
707 765 125 57 potest
795 765 75 57 de
833 765 88 57 deo
870 765 63 57 de-

210 804 183 69 monstrari:
354 804 78 69 et
393 804 91 69 per
445 804 183 69 consequens
589 804 91 69 nec
641 804 117 69 sciri
719 804 157 69 scientia
824 804 117 69 proprie

204 849 122 58 dctam.
289 849 122 58 Tertio
374 849 97 58 sic.
435 849 110 58 omnis
508 849 171 58 propositio
643 849 110 58 scita
716 849 146 58 scientie
813 849 122 58 proprie-

214 890 96 71 dctam
278 890 75 71 est
321 890 75 71 per
364 890 64 71 se
396 890 117 71 secundo
481 890 85 71 modo
534 890 117 71 dicendi
619 890 75 71 per
662 890 75 71 se:
705 890 85 71 quia
758 890 160 71 praedicatur
875 890 64 71 pas-

204 929 84 69 sio
252 929 72 69 de
288 929 156 69 subiecto:
408 929 84 69 sed
456 929 108 69 nihil
528 929 180 69 praedicatur
671 929 72 69 de
707 929 96 69 deo:
767 929 132 69 secundo
851 929 72 69 modo

199 974 144 70 dicendi
303 974 91 70 per
356 974 78 70 se
395 974 104 70 quia
460 974 91 70 non
512 974 117 70 habet
591 974 183 70 passionem:
734 974 91 70 cum
786 974 131 70 passio
865 974 65 70 rea

204 1021 110 68 liter
277 1021 196 68 distinguitur
437 1021 61 68 a
461 1021 159 68 subiecto)
584 1021 123 68 igitur
670 1021 110 68 nihil
743 1021 98 68 tale
792 1021 135 68 praedica-

205 1067 95 70 tur
260 1067 82 70 de
301 1067 109 70 deo.
369 1067 68 70 ⁋
396 1067 82 70 Ad
437 1067 191 70 oppositum.
587 1067 82 70 si
627 1067 95 70 non
682 1067 95 70 hoc
736 1067 95 70 non
791 1067 95 70 est
832 1067 95 70 nisi-

192 1103 133 75 propter
289 1103 182 75 identitatem
434 1103 169 75 praedicati
567 1103 73 75 ad
603 1103 169 75 subiectum:
736 1103 85 75 sed
785 1103 85 75 hoc
833 1103 85 75 non
870 1103 48 75 ob

199 1157 102 56 stat
263 1157 102 56 quia
326 1157 127 56 deente
415 1157 89 56 est
466 1157 153 56 scientia
581 1157 140 56 proprie
682 1157 127 56 dicta:
771 1157 102 56 puta
822 1157 102 56 metha.

197 1200 77 60 et
236 1200 116 60 tamen
313 1200 116 60 nihil
391 1200 155 60 realiter
507 1200 142 60 differt
610 1200 77 60 ab
649 1200 116 60 ente:
726 1200 103 60 quia
791 1200 103 60 tunc
843 1200 90 60 esset

190 1248 86 61 non
239 1248 99 61 ens.
301 1248 62 61 ⁋
326 1248 111 61 Circa
400 1248 111 61 illam
474 1248 185 61 quaestionem
622 1248 111 61 primo
696 1248 148 61 videndum
807 1248 99 61 quae
857 1248 74 61 pro-

200 1288 118 63 positio
286 1288 75 63 est
329 1288 97 63 scita
394 1288 129 63 scientia
491 1288 118 63 proprie
577 1288 108 63 dctam.
652 1288 118 63 secundo
738 1288 86 63 quae
792 1288 75 63 est
824 1288 108 63 scientia

201 1328 120 63 pprie
281 1328 133 63 dicta.
374 1328 133 63 tertio
467 1328 80 63 ad
507 1328 213 63 quaestionem.
680 1328 67 63 ⁋
707 1328 120 63 Circa
787 1328 133 63 primum
866 1328 67 63 di-

192 1380 73 65 co
228 1380 98 65 quod
290 1380 171 65 propositio
424 1380 147 65 scibilis
534 1380 147 65 scientia
645 1380 135 65 proprie
742 1380 110 65 dicta
816 1380 86 65 est
853 1380 73 65 pro-

184 1415 165 66 positio
304 1415 180 66 necaria:
439 1415 240 66 dubitabilis:
635 1415 120 66 nata
710 1415 135 66 fieri
785 1415 135 66 euidens

198 1463 90 62 per
250 1463 218 62 propositiones
429 1463 167 62 necarias.
558 1463 167 62 euidentur
686 1463 90 62 per
737 1463 167 62 discursum
853 1463 64 62 sil

190 1508 204 65 logisticum
351 1508 204 65 applicatas
511 1508 88 65 ad
555 1508 131 65 ipsum
643 1508 73 65 ⁋
672 1508 102 65 Per
730 1508 146 65 primam
818 1508 102 65 condi

190 1551 125 56 tionem
277 1551 100 56 quod
339 1551 87 56 sit
389 1551 162 56 neccaria:
513 1551 174 56 excluditur
650 1551 174 56 propositio
775 1551 137 56 contigens

194 1588 92 66 quae
251 1588 127 66 quamuis
343 1588 115 66 possit
424 1588 92 66 esse
481 1588 150 66 euidentur
596 1588 104 66 nota:
665 1588 92 66 quia
723 1588 104 66 tamen
792 1588 81 66 non
838 1588 81 66 est
872 1588 46 66 ne

191 1641 148 54 cessaria:
304 1641 80 54 sed
350 1641 114 54 potest
430 1641 91 54 esse
487 1641 114 54 falsa.
566 1641 80 54 non
612 1641 80 54 est
657 1641 137 54 scibilis
760 1641 137 54 scientia
851 1641 68 54 pro-

197 1679 100 58 orie
259 1679 125 58 dicta.
346 1679 62 58 ⁋
371 1679 137 58 Secunda
471 1679 162 58 conditio:
596 1679 100 58 quod
658 1679 87 58 sit
708 1679 175 58 propositio
833 1679 87 58 dubi-

181 1727 109 63 talis.
257 1727 109 63 patet:
333 1727 87 63 quia
388 1727 76 63 per
431 1727 76 63 hoc
474 1727 152 63 excluditur
594 1727 152 63 propositio
713 1727 76 63 per
757 1727 65 63 se
790 1727 98 63 nota:
844 1727 65 63 quam

179 1764 142 61 quamuis
282 1764 90 61 sit
334 1764 155 61 necaria:
450 1764 77 61 et
489 1764 129 61 possit
579 1764 103 61 esse
644 1764 168 61 euidenter
773 1764 116 61 nota.
838 1764 77 61 quia

181 1814 105 57 tamen
251 1814 82 57 non
298 1814 82 57 est
345 1814 187 57 dubitabilis.
497 1814 94 57 ideo
555 1814 82 57 non
602 1814 82 57 est
649 1814 140 57 scibilis
754 1814 140 57 scientia
848 1814 58 57 pro

181 1855 95 65 prie
241 1855 119 65 dctam.
324 1855 84 65 hoc
372 1855 107 65 etiam
444 1855 107 65 patet
515 1855 84 65 per
563 1855 131 65 liconi.
658 1855 95 65 i.st
718 1855 191 65 posteriorum.
861 1855 48 65 c.

174 1903 60 53 .
198 1903 84 53 Ubi
246 1903 120 53 dicit:
330 1903 144 53 scientia
439 1903 193 53 principiorum
595 1903 84 53 non
643 1903 84 53 est
691 1903 156 53 acquisita
812 1903 84 53 per
848 1903 48 53 do

184 1945 156 53 ctrinam
297 1945 113 53 quia
368 1945 99 53 non
425 1945 156 53 docemur
538 1945 127 53 neque
623 1945 198 53 addiscimus
779 1945 113 53 nisi
849 1945 85 53 id

182 1985 110 67 quod
251 1985 96 67 cum
306 1985 124 67 primo
388 1985 192 67 concipimus
539 1985 96 67 est
594 1985 124 67 nobis
676 1985 151 67 dubium:
786 1985 96 67 aut
827 1985 69 67 ap-

175 2028 129 54 paret
261 2028 129 54 nobis
347 2028 158 54 falsum:
462 2028 86 54 et
505 2028 115 54 post
577 2028 158 54 dubium.
692 2028 101 54 vel
735 2028 173 54 contrariam

186 2072 173 61 opinionem
319 2072 186 61 manifestat
465 2072 120 61 nobis
545 2072 146 61 veritas
651 2072 120 61 eius.
731 2072 80 61 et
758 2072 133 61 secundum

170 2119 105 58 quod
236 2119 119 58 patet
315 2119 132 58 ibidem
407 2119 105 58 ipse
473 2119 158 58 loquitur
591 2119 79 58 de
631 2119 198 58 conclusione
776 2119 119 58 scibili

177 2161 132 59 secundum
276 2161 88 59 quod
331 2161 176 59 distinguitur
474 2161 110 59 contra
550 2161 154 59 principia.
671 2161 110 59 igitur
748 2161 99 59 omnis
803 2161 88 59 conclu

169 2202 100 62 sio
226 2202 171 62 scibilis
354 2202 100 62 est
411 2202 128 62 primo
497 2202 128 62 dubia
582 2202 100 62 vel
639 2202 157 62 apparet
753 2202 143 62 falsa:
839 2202 57 62 et

177 2252 137 57 postea
273 2252 96 57 per
328 2252 179 57 principia
466 2252 220 57 manifestatur
644 2252 151 57 veritas
754 2252 124 57 eius.
836 2252 69 57 ⁋
850 2252 55 57 No

178 2290 93 68 est
231 2290 240 68 intelligendum:
431 2290 107 68 quod
498 2290 200 68 necessarium
658 2290 93 68 est
698 2290 200 68 propositionem

166 2333 150 70 proprie
276 2333 164 70 scibilem
398 2333 123 70 primo
480 2333 109 70 esse
549 2333 137 70 dubiam
644 2333 96 70 vel
699 2333 164 70 apparere
808 2333 82 70 fal-

175 2376 87 68 sam
224 2376 162 68 cuicunque
349 2376 150 68 discenti
461 2376 100 68 eam:
524 2376 87 68 sed
574 2376 162 68 possibile
698 2376 87 68 est
748 2376 100 68 quod
811 2376 87 68 sit
848 2376 50 68 du

162 2421 170 71 bitalis:
289 2421 99 71 vel
346 2421 113 71 quod
417 2421 142 71 possit
516 2421 85 71 ab
558 2421 142 71 aliquo
657 2421 170 71 dubitari
785 2421 99 71 vel
827 2421 57 71 ap

175 2469 136 63 parere
271 2469 136 63 falsa:
366 2469 82 63 et
406 2469 136 63 postea
502 2469 95 63 per
556 2469 177 63 discursum
678 2469 204 63 sillogisticum

171 2516 126 62 possit
260 2516 113 62 fieri
335 2516 113 62 nota:
411 2516 76 62 et
449 2516 88 62 sic
499 2516 202 62 distinguitur
663 2516 63 62 a
676 2516 214 62 propositionibus

162 2554 109 71 perse
235 2554 109 71 noti.
308 2554 73 71 et
344 2554 61 71 a
368 2554 134 71 praemis
465 2554 170 71 principiis
599 2554 61 71 ⁋
623 2554 97 71 Item
684 2554 85 71 ii.
720 2554 158 71 posteriorum

1044 196 176 88 quaestiones
1185 196 94 88 sunt
1243 196 129 88 equales
1337 196 117 88 numero
1419 196 94 88 hiis
1477 196 94 88 quae
1536 196 94 88 vere
1594 196 129 88 scimus.
1676 196 94 88 igitur

1046 259 95 64 omne
1106 259 131 64 scibile
1201 259 84 64 est
1249 259 179 64 quaeribile.
1392 259 84 64 sed
1440 259 95 64 omne
1499 259 155 64 quaribile
1619 259 84 64 est
1655 259 107 64 dubita-

1037 293 110 74 bile:
1110 293 98 74 ergo
1171 293 98 74 omne
1232 293 134 74 scibile
1329 293 146 74 scientia
1439 293 134 74 proprie
1537 293 110 74 dicta
1610 293 85 74 est
1646 293 110 74 dubita-

1043 340 100 77 bile
1106 340 63 77 ⁋
1131 340 125 77 Tertia
1219 340 163 77 conditio:
1344 340 100 77 quod
1407 340 88 77 sit
1457 340 100 77 nata
1520 340 113 77 fieri
1595 340 138 77 euidens
1682 340 63 77 per

1038 390 256 72 propositiones
1249 390 196 72 euidentes
1399 390 211 72 applicatas
1565 390 90 72 ad
1610 390 136 72 ipsam
1686 390 75 72 per

1038 432 154 69 discursum
1156 432 213 69 sillogisticum.
1334 432 95 69 quia
1393 432 83 69 per
1440 432 106 69 illam
1511 432 189 69 distinguitur
1665 432 71 69 ab
1689 432 59 69 ali

1050 467 117 81 quibus
1132 467 163 81 principiis
1261 467 140 81 praimis:
1366 467 93 81 quai
1424 467 82 81 non
1471 467 93 81 sunt
1529 467 175 81 simplicitur
1669 467 82 81 per
1704 467 47 81 se

1030 518 111 72 nota:
1104 518 74 72 et
1141 518 87 72 per
1191 518 173 72 consequens
1327 518 198 72 dubitabilia:
1488 518 87 72 sed
1537 518 99 72 quia
1599 518 87 72 non
1637 518 111 72 possunt

1032 559 122 77 fieri
1113 559 108 77 nota
1180 559 95 77 per
1234 559 176 77 discursum
1369 559 230 77 sillogisticu.
1558 559 108 77 ideo
1626 559 95 77 non
1666 559 81 77 sunt

1032 601 153 76 scibilia
1147 601 153 76 scientia
1262 601 140 76 proprie
1364 601 128 76 dicta.
1453 601 115 76 Uerbi
1530 601 128 76 gratia
1619 601 102 76 illa
1670 601 64 76 pro

1028 645 155 75 positio.
1144 645 116 75 calor
1222 645 90 75 est
1274 645 220 75 calefactiuus:
1455 645 90 75 est
1506 645 181 75 necessaria
1649 645 78 75 et
1674 645 65 75 du-

1031 694 183 73 bitabilis:
1175 694 105 73 quia
1240 694 78 73 si
1279 694 144 73 aliquis
1384 694 105 73 actu
1449 694 222 73 apprehenderet
1619 694 118 73 calorem

1031 733 152 68 ituitiue
1145 733 114 68 solum
1221 733 63 68 n
1246 733 202 68 intellectum.
1410 733 76 68 et
1448 733 139 68 nunquam
1549 733 152 68 sentiret
1651 733 88 68 calo-

1015 783 110 65 rem.
1084 783 97 65 nec
1139 783 165 65 sentiret
1263 783 152 65 calorem
1374 783 207 65 calefacere:
1539 783 110 65 puta
1608 783 83 65 si
1636 783 110 65 nullum

1010 829 258 71 calefactibile
1222 829 137 71 esset
1314 829 152 71 calori
1420 829 197 71 intuitiue
1572 829 167 71 cognito
1678 829 61 71 ap

1024 868 221 76 proximatum.
1201 868 147 76 posset
1304 868 177 76 dubitare
1436 868 88 76 an
1480 868 132 76 calor
1569 868 147 76 posset
1657 868 88 76 pro-

1015 916 137 69 ducere
1111 916 165 69 calorem.
1235 916 124 69 sicut
1318 916 151 69 dubitat
1428 916 82 69 an
1469 916 137 69 albedo
1565 916 137 69 posset
1648 916 82 69 pro-

1017 956 121 74 ducere
1102 956 169 74 albedinem.
1234 956 73 74 et
1271 956 85 74 per
1319 956 169 74 consequens
1452 956 97 74 illa
1512 956 169 74 propositio
1633 956 97 74 dubita

1026 996 110 72 bilis
1099 996 98 72 est:
1160 996 110 72 tamen
1234 996 98 72 illa
1295 996 171 72 propositio
1430 996 86 72 per
1479 996 122 72 nullas
1552 996 184 72 propositiones

1012 1048 225 71 necessarias
1192 1048 195 71 euidentur
1342 1048 240 71 applicabiles
1536 1048 90 71 ad
1581 1048 135 71 ipsam
1656 1048 75 71 per

1016 1082 175 70 discursum
1150 1082 229 70 sillogisticum
1339 1082 135 70 potest
1433 1082 81 70 de
1474 1082 94 70 non
1528 1082 162 70 euidenti
1636 1082 94 70 fieri

1014 1135 142 70 euidens.
1120 1135 83 70 sed
1168 1135 118 70 tantum
1250 1135 83 70 fit
1297 1135 130 70 euidens
1392 1135 83 70 per
1439 1135 189 70 experientiam
1592 1135 130 70 sumptam
1675 1135 47 70 et

1014 1175 120 77 notitia
1101 1175 153 77 intuitiua.
1222 1175 66 77 et
1254 1175 87 77 ideo
1309 1175 76 77 non
1353 1175 109 77 potest
1429 1175 87 77 esse
1484 1175 131 77 scibilis
1582 1175 131 77 scientia
1669 1175 66 77 pro-

1013 1222 105 68 prie
1078 1222 131 68 dicta.
1170 1222 65 68 ⁋
1196 1222 92 68 Sed
1249 1222 118 68 cotra
1327 1222 118 68 illam
1406 1222 223 68 descriptionem
1589 1222 131 68 potest
1668 1222 65 68 in-

1014 1263 97 72 stari
1079 1263 107 72 primo.
1154 1263 118 72 videtur
1239 1263 86 72 quod
1293 1263 118 72 secunda
1379 1263 129 72 conditio
1475 1263 75 72 sit
1518 1263 107 72 falsa.
1593 1263 86 72 quia
1636 1263 86 72 aliqua

1020 1300 167 69 propositio
1151 1300 83 69 per
1199 1300 71 69 se
1234 1300 95 69 nota
1294 1300 83 69 est
1341 1300 143 69 scibilis
1448 1300 143 69 scientia
1555 1300 131 69 proprie
1639 1300 83 69 dicta

1014 1355 84 54 qui
1062 1355 84 54 est
1110 1355 229 54 demonstrabilis.
1303 1355 72 54 et
1339 1355 108 54 tamen
1412 1355 84 54 non
1460 1355 193 54 dubitabilis:
1616 1355 96 54 ergo
1665 1355 72 54 etc.

1014 1394 107 68 Quod
1080 1394 133 68 aliqua
1174 1394 186 68 propositio
1320 1394 93 68 per
1373 1394 80 68 se
1413 1394 107 68 nota
1480 1394 93 68 sit
1520 1394 213 68 demonstrabilis

1015 1440 102 67 patet
1083 1440 79 67 per
1128 1440 102 67 algam
1196 1440 68 67 el
1230 1440 68 67 in
1263 1440 170 67 perspectiua
1399 1440 90 67 sua.
1456 1440 79 67 li.
1501 1440 57 67 i
1523 1440 68 67 c.
1557 1440 90 67 iii.
1614 1440 90 67 quia
1659 1440 68 67 ista

1004 1482 91 59 est
1056 1482 235 59 demonstrabilis
1252 1482 117 59 totum
1330 1482 91 59 est
1382 1482 117 59 maius
1460 1482 91 59 sua
1512 1482 130 59 parte:
1604 1482 78 59 et
1630 1482 91 59 tamen

1002 1517 97 67 haec
1062 1517 85 67 est
1111 1517 85 67 per
1159 1517 73 67 se
1196 1517 97 67 nota
1256 1517 61 67 ⁋
1280 1517 133 67 Secundo
1377 1517 97 67 quia
1438 1517 109 67 omnis
1510 1517 121 67 passio
1595 1517 85 67 est
1631 1517 85 67 demon

998 1563 163 76 strabilis
1124 1563 75 76 de
1162 1563 88 76 suo
1212 1563 163 76 subiecto:
1337 1563 75 76 et
1375 1563 126 76 aliqua
1463 1563 113 76 talis
1538 1563 88 76 est
1588 1563 88 76 per
1639 1563 75 76 se
1664 1563 50 76 no

1002 1609 77 69 ta:
1046 1609 66 69 et
1079 1609 77 69 per
1124 1609 155 69 consequens
1245 1609 77 69 non
1290 1609 77 69 est
1334 1609 177 69 dubitabilis.
1478 1609 144 69 Similiter
1588 1609 89 69 omne
1633 1609 89 69 comple

1005 1654 85 71 cum
1054 1654 159 71 posterius
1176 1654 110 71 primo
1249 1654 159 71 principio
1371 1654 85 71 est
1419 1654 207 71 demonstrabile
1590 1654 85 71 per
1627 1654 85 71 ipsum

1008 1702 89 64 qui
1059 1702 204 64 sillogisando
1225 1702 76 64 ex
1263 1702 102 64 ipso
1326 1702 102 64 erit
1390 1702 191 64 sillogismus
1543 1702 76 64 ex
1581 1702 140 64 praemis
1670 1702 51 64 et

1006 1751 159 67 imediatis
1128 1751 98 67 etc.
1189 1751 73 67 Et
1226 1751 86 67 per
1275 1751 171 67 consequens
1409 1751 98 67 erit
1470 1751 208 67 demonstratio.
1641 1751 73 67 et
1666 1751 61 67 per

1003 1789 148 63 consequens
1120 1789 137 63 conclusio
1225 1789 84 63 erit
1278 1789 127 63 scibilis
1373 1789 127 63 scientia
1468 1789 116 63 proprie
1552 1789 106 63 dicta:
1626 1789 63 63 et
1647 1789 74 63 tamen

996 1833 136 58 aliquod
1094 1833 161 58 complexum
1218 1833 161 58 posterius
1341 1833 111 58 primo
1416 1833 161 58 principio
1539 1833 86 58 est
1588 1833 86 58 per
1638 1833 74 58 se
1663 1833 49 58 no

988 1869 109 76 tum:
1057 1869 82 76 et
1098 1869 96 76 per
1152 1869 178 76 cosequens
1289 1869 96 76 non
1343 1869 205 76 dubitabile.
1507 1869 68 76 ⁋
1535 1869 137 76 Tertio
1616 1869 96 76 argui

1003 1912 118 73 potest:
1089 1912 86 73 quod
1143 1912 86 73 illa
1196 1912 129 73 conditio
1293 1912 75 73 sit
1336 1912 107 73 falsa.
1411 1912 86 73 quia
1465 1912 64 73 si
1497 1912 97 73 omnis
1561 1912 150 73 propositio
1668 1912 54 73 sci

990 1960 110 64 bilis
1063 1960 146 64 scientia
1172 1960 134 64 proprie
1270 1960 110 64 dicta
1343 1960 85 64 est
1391 1960 195 64 dubitabilis.
1550 1960 97 64 ergo
1610 1960 97 64 iste
1659 1960 61 64 in-

989 2000 136 72 lectus
1085 2000 136 72 quinon
1180 2000 136 72 posset
1275 2000 163 72 dubitare
1397 2000 95 72 vel
1452 2000 150 72 errare:
1560 2000 95 72 non
1601 2000 109 72 posset

987 2045 110 75 scire
1060 2045 134 75 aliquam
1157 2045 207 75 propositionem
1328 2045 146 75 scientia
1438 2045 134 75 proprie
1535 2045 122 75 dicta.
1608 2045 98 75 conse-

993 2092 106 72 quens
1064 2092 82 72 est
1111 2092 130 72 falsum.
1205 2092 94 72 quia
1264 2092 94 72 tunc
1323 2092 177 72 intellectus
1464 2092 130 72 diuinus
1559 2092 118 72 nullam
1629 2092 71 72 pro-

991 2142 173 52 positionem
1126 2142 123 52 sciret
1213 2142 148 52 scientia
1324 2142 136 52 proprie
1422 2142 123 52 dicta.
1509 2142 99 52 quod
1570 2142 123 52 falsum
1644 2142 62 52 est

988 2184 81 67 qui
1035 2184 139 67 scientia
1139 2184 127 67 proprie
1232 2184 104 67 dicta
1301 2184 116 67 nullam
1382 2184 209 67 imperfectionem
1556 2184 116 67 dicit.
1626 2184 70 67 ergo

980 2221 98 73 non
1036 2221 126 73 debet
1120 2221 140 73 negari
1218 2221 70 73 a
1246 2221 140 73 diuino
1344 2221 210 73 intellectu.
1511 2221 70 73 ⁋
1539 2221 140 73 Contra
1623 2221 70 73 ter

979 2272 88 59 tiam
1034 2272 176 59 conditionem.
1177 2272 121 59 videtur
1265 2272 88 59 quod
1320 2272 77 59 sit
1365 2272 154 59 superflua.
1486 2272 88 59 quia
1541 2272 99 59 omnis
1596 2272 110 59 proposi-

983 2307 71 75 tio
1024 2307 163 75 neccessaria:
1156 2307 82 75 quae
1207 2307 71 75 non
1248 2307 71 75 est
1289 2307 71 75 per
1330 2307 61 75 se
1360 2307 92 75 nota:
1422 2307 71 75 est
1462 2307 122 75 scibilis
1554 2307 122 75 scientia
1636 2307 61 75 pro-

985 2349 86 66 prie
1039 2349 107 66 dicta.
1114 2349 64 66 et
1146 2349 96 66 solum
1210 2349 107 66 talis.
1285 2349 75 66 sed
1327 2349 96 66 omnis
1392 2349 150 66 propositio
1509 2349 171 66 neccessaria:
1638 2349 53 66 quo

973 2401 86 59 non
1022 2401 86 59 est
1071 2401 86 59 per
1120 2401 74 59 se
1157 2401 98 59 nota
1218 2401 86 59 est
1267 2401 196 59 dubitabilis.
1426 2401 98 59 ergo
1488 2401 110 59 omnis
1549 2401 147 59 propositio

985 2446 178 67 dubitabilis
1128 2446 83 67 est
1175 2446 142 67 scibilis
1282 2446 142 67 scientia
1389 2446 131 67 proprie
1483 2446 119 67 dicta.
1566 2446 95 67 ergo
1614 2446 83 67 posi-

982 2485 84 67 to
1024 2485 197 67 dubitabili
1179 2485 197 67 superfluit
1334 2485 141 67 ponere
1432 2485 141 67 aliud.
1531 2485 127 67 Maior
1601 2485 99 67 patet

977 2526 80 71 per
1022 2526 172 71 philosophum
1160 2526 69 71 id
1194 2526 80 71 est
1240 2526 183 71 posteriorum.
1389 2526 80 71 vbi
1435 2526 103 71 docet
1503 2526 103 71 modum
1561 2526 137 71 accipiendi

968 2577 150 76 dicens.
1078 2577 109 76 quod
1146 2577 178 76 principia
1283 2577 205 76 cognoscimus
1446 2577 178 76 inquantum
1569 2577 137 76 terminos
