<?xml version="1.0" encoding="UTF-8"?>
<alto xmlns:xsi="http://www.w3.org/2001/XMLSchema-instance"
      xmlns="http://www.loc.gov/standards/alto/ns-v2#"
      xmlns:page="http://schema.primaresearch.org/PAGE/gts/pagecontent/2013-07-15"
      xsi:schemaLocation="http://www.loc.gov/standards/alto/ns-v2# http://www.loc.gov/standards/alto/alto.xsd">
   <Description>
      <MeasurementUnit>pixel</MeasurementUnit>
      <OCRProcessing ID="IdOcr">
         <ocrProcessingStep>
            <processingDateTime>2020-09-05T08:11:40.843-04:00</processingDateTime>
            <processingSoftware>
               <softwareCreator>READ COOP</softwareCreator>
               <softwareName>Transkribus</softwareName>
            </processingSoftware>
         </ocrProcessingStep>
      </OCRProcessing>
   </Description>
   <Tags/>
   <Layout>
      <Page ID="Page1" PHYSICAL_IMG_NR="1" HEIGHT="3096" WIDTH="2239">
         <TopMargin HEIGHT="0" WIDTH="2239" VPOS="0" HPOS="0"/>
         <LeftMargin HEIGHT="3096" WIDTH="0" VPOS="0" HPOS="0"/>
         <RightMargin HEIGHT="3096" WIDTH="0" VPOS="0" HPOS="2239"/>
         <BottomMargin HEIGHT="0" WIDTH="2239" VPOS="3096" HPOS="0"/>
         <PrintSpace HEIGHT="3096" WIDTH="2239" VPOS="0" HPOS="0">
            <TextBlock ID="r2" HEIGHT="2499" WIDTH="726" VPOS="159" HPOS="231">
               <Shape>
                  <Polygon POINTS="231,159 231,2658 957,2658 957,159"/>
               </Shape>
               <TextLine ID="r2l2"
                         BASELINE="283"
                         HEIGHT="66"
                         WIDTH="722"
                         VPOS="217"
                         HPOS="236">
                  <String HEIGHT="66"
                          WIDTH="103"
                          VPOS="217"
                          HPOS="223"
                          CONTENT="quae"/>
                  <SP HEIGHT="66" WIDTH="13" VPOS="217" HPOS="326"/>
                  <String HEIGHT="66"
                          WIDTH="103"
                          VPOS="217"
                          HPOS="288"
                          CONTENT="nata"/>
                  <SP HEIGHT="66" WIDTH="13" VPOS="217" HPOS="391"/>
                  <String HEIGHT="66" WIDTH="90" VPOS="217" HPOS="352" CONTENT="est"/>
                  <SP HEIGHT="66" WIDTH="13" VPOS="217" HPOS="442"/>
                  <String HEIGHT="66"
                          WIDTH="142"
                          VPOS="217"
                          HPOS="404"
                          CONTENT="elicere"/>
                  <SP HEIGHT="66" WIDTH="13" VPOS="217" HPOS="545"/>
                  <String HEIGHT="66"
                          WIDTH="116"
                          VPOS="217"
                          HPOS="507"
                          CONTENT="actum"/>
                  <SP HEIGHT="66" WIDTH="13" VPOS="217" HPOS="623"/>
                  <String HEIGHT="66"
                          WIDTH="142"
                          VPOS="217"
                          HPOS="584"
                          CONTENT="videndi"/>
                  <SP HEIGHT="66" WIDTH="13" VPOS="217" HPOS="726"/>
                  <String HEIGHT="66" WIDTH="77" VPOS="217" HPOS="687" CONTENT="et"/>
                  <SP HEIGHT="66" WIDTH="13" VPOS="217" HPOS="765"/>
                  <String HEIGHT="66" WIDTH="90" VPOS="217" HPOS="726" CONTENT="pro"/>
                  <SP HEIGHT="66" WIDTH="13" VPOS="217" HPOS="816"/>
                  <String HEIGHT="66"
                          WIDTH="116"
                          VPOS="217"
                          HPOS="777"
                          CONTENT="illis"/>
                  <SP HEIGHT="66" WIDTH="13" VPOS="217" HPOS="894"/>
                  <String HEIGHT="66"
                          WIDTH="116"
                          VPOS="217"
                          HPOS="842"
                          CONTENT="actibus"/>
               </TextLine>
               <TextLine ID="r2l3"
                         BASELINE="325"
                         HEIGHT="54"
                         WIDTH="718"
                         VPOS="271"
                         HPOS="240">
                  <String HEIGHT="54"
                          WIDTH="205"
                          VPOS="271"
                          HPOS="225"
                          CONTENT="necessario"/>
                  <SP HEIGHT="54" WIDTH="15" VPOS="271" HPOS="430"/>
                  <String HEIGHT="54"
                          WIDTH="205"
                          VPOS="271"
                          HPOS="387"
                          CONTENT="requisitis"/>
                  <SP HEIGHT="54" WIDTH="15" VPOS="271" HPOS="592"/>
                  <String HEIGHT="54"
                          WIDTH="161"
                          VPOS="271"
                          HPOS="548"
                          CONTENT="tanquam"/>
                  <SP HEIGHT="54" WIDTH="15" VPOS="271" HPOS="709"/>
                  <String HEIGHT="54"
                          WIDTH="132"
                          VPOS="271"
                          HPOS="665"
                          CONTENT="cause"/>
                  <SP HEIGHT="54" WIDTH="15" VPOS="271" HPOS="797"/>
                  <String HEIGHT="54"
                          WIDTH="190"
                          VPOS="271"
                          HPOS="753"
                          CONTENT="partiales"/>
                  <SP HEIGHT="54" WIDTH="15" VPOS="271" HPOS="943"/>
                  <String HEIGHT="54" WIDTH="73" VPOS="271" HPOS="885" CONTENT="sic"/>
               </TextLine>
               <TextLine ID="r2l4"
                         BASELINE="374"
                         HEIGHT="55"
                         WIDTH="709"
                         VPOS="319"
                         HPOS="243">
                  <String HEIGHT="55"
                          WIDTH="139"
                          VPOS="319"
                          HPOS="229"
                          CONTENT="potest"/>
                  <SP HEIGHT="55" WIDTH="14" VPOS="319" HPOS="368"/>
                  <String HEIGHT="55"
                          WIDTH="153"
                          VPOS="319"
                          HPOS="326"
                          CONTENT="concedi"/>
                  <SP HEIGHT="55" WIDTH="14" VPOS="319" HPOS="479"/>
                  <String HEIGHT="55"
                          WIDTH="111"
                          VPOS="319"
                          HPOS="438"
                          CONTENT="quod"/>
                  <SP HEIGHT="55" WIDTH="14" VPOS="319" HPOS="549"/>
                  <String HEIGHT="55"
                          WIDTH="167"
                          VPOS="319"
                          HPOS="507"
                          CONTENT="potentia"/>
                  <SP HEIGHT="55" WIDTH="14" VPOS="319" HPOS="674"/>
                  <String HEIGHT="55"
                          WIDTH="139"
                          VPOS="319"
                          HPOS="632"
                          CONTENT="visiua"/>
                  <SP HEIGHT="55" WIDTH="14" VPOS="319" HPOS="771"/>
                  <String HEIGHT="55"
                          WIDTH="209"
                          VPOS="319"
                          HPOS="730"
                          CONTENT="corrumpitur"/>
                  <SP HEIGHT="55" WIDTH="14" VPOS="319" HPOS="938"/>
                  <String HEIGHT="55" WIDTH="70" VPOS="319" HPOS="882" CONTENT="sal"/>
               </TextLine>
               <TextLine ID="r2l5"
                         BASELINE="415"
                         HEIGHT="56"
                         WIDTH="711"
                         VPOS="359"
                         HPOS="241">
                  <String HEIGHT="56" WIDTH="98" VPOS="359" HPOS="227" CONTENT="tem"/>
                  <SP HEIGHT="56" WIDTH="14" VPOS="359" HPOS="325"/>
                  <String HEIGHT="56"
                          WIDTH="153"
                          VPOS="359"
                          HPOS="283"
                          CONTENT="quantum"/>
                  <SP HEIGHT="56" WIDTH="14" VPOS="359" HPOS="436"/>
                  <String HEIGHT="56" WIDTH="84" VPOS="359" HPOS="394" CONTENT="ad"/>
                  <SP HEIGHT="56" WIDTH="14" VPOS="359" HPOS="478"/>
                  <String HEIGHT="56"
                          WIDTH="112"
                          VPOS="359"
                          HPOS="436"
                          CONTENT="suum"/>
                  <SP HEIGHT="56" WIDTH="14" VPOS="359" HPOS="548"/>
                  <String HEIGHT="56"
                          WIDTH="223"
                          VPOS="359"
                          HPOS="506"
                          CONTENT="significatum"/>
                  <SP HEIGHT="56" WIDTH="14" VPOS="359" HPOS="729"/>
                  <String HEIGHT="56"
                          WIDTH="167"
                          VPOS="359"
                          HPOS="687"
                          CONTENT="partiale"/>
                  <SP HEIGHT="56" WIDTH="14" VPOS="359" HPOS="854"/>
                  <String HEIGHT="56"
                          WIDTH="112"
                          VPOS="359"
                          HPOS="813"
                          CONTENT="puta"/>
                  <SP HEIGHT="56" WIDTH="14" VPOS="359" HPOS="924"/>
                  <String HEIGHT="56" WIDTH="84" VPOS="359" HPOS="868" CONTENT="quam"/>
               </TextLine>
               <TextLine ID="r2l6"
                         BASELINE="455"
                         HEIGHT="45"
                         WIDTH="710"
                         VPOS="410"
                         HPOS="246">
                  <String HEIGHT="45" WIDTH="104" VPOS="410" HPOS="231" CONTENT="tum"/>
                  <SP HEIGHT="45" WIDTH="15" VPOS="410" HPOS="335"/>
                  <String HEIGHT="45" WIDTH="89" VPOS="410" HPOS="290" CONTENT="ad"/>
                  <SP HEIGHT="45" WIDTH="15" VPOS="410" HPOS="379"/>
                  <String HEIGHT="45"
                          WIDTH="251"
                          VPOS="410"
                          HPOS="335"
                          CONTENT="dispositiones"/>
                  <SP HEIGHT="45" WIDTH="15" VPOS="410" HPOS="586"/>
                  <String HEIGHT="45"
                          WIDTH="251"
                          VPOS="410"
                          HPOS="542"
                          CONTENT="accidentales."/>
                  <SP HEIGHT="45" WIDTH="15" VPOS="410" HPOS="793"/>
                  <String HEIGHT="45"
                          WIDTH="118"
                          VPOS="410"
                          HPOS="749"
                          CONTENT="Quod"/>
                  <SP HEIGHT="45" WIDTH="15" VPOS="410" HPOS="867"/>
                  <String HEIGHT="45"
                          WIDTH="133"
                          VPOS="410"
                          HPOS="823"
                          CONTENT="autem"/>
                  <SP HEIGHT="45" WIDTH="15" VPOS="410" HPOS="956"/>
                  <String HEIGHT="45" WIDTH="59" VPOS="410" HPOS="897" CONTENT="il"/>
               </TextLine>
               <TextLine ID="r2l7"
                         BASELINE="505"
                         HEIGHT="52"
                         WIDTH="715"
                         VPOS="453"
                         HPOS="246">
                  <String HEIGHT="52" WIDTH="89" VPOS="453" HPOS="231" CONTENT="la"/>
                  <SP HEIGHT="52" WIDTH="15" VPOS="453" HPOS="320"/>
                  <String HEIGHT="52"
                          WIDTH="209"
                          VPOS="453"
                          HPOS="276"
                          CONTENT="accidentia"/>
                  <SP HEIGHT="52" WIDTH="15" VPOS="453" HPOS="484"/>
                  <String HEIGHT="52"
                          WIDTH="209"
                          VPOS="453"
                          HPOS="440"
                          CONTENT="necessario"/>
                  <SP HEIGHT="52" WIDTH="15" VPOS="453" HPOS="648"/>
                  <String HEIGHT="52"
                          WIDTH="194"
                          VPOS="453"
                          HPOS="604"
                          CONTENT="requisita"/>
                  <SP HEIGHT="52" WIDTH="15" VPOS="453" HPOS="797"/>
                  <String HEIGHT="52" WIDTH="89" VPOS="453" HPOS="752" CONTENT="ad"/>
                  <SP HEIGHT="52" WIDTH="15" VPOS="453" HPOS="842"/>
                  <String HEIGHT="52"
                          WIDTH="134"
                          VPOS="453"
                          HPOS="797"
                          CONTENT="actum"/>
                  <SP HEIGHT="52" WIDTH="15" VPOS="453" HPOS="931"/>
                  <String HEIGHT="52"
                          WIDTH="89"
                          VPOS="453"
                          HPOS="872"
                          CONTENT="sen"
                          SUBS_TYPE="HypPart1"
                          SUBS_CONTENT="sentiendi"/>
                  <HYP CONTENT="-"/>
               </TextLine>
               <TextLine ID="r2l8"
                         BASELINE="543"
                         HEIGHT="47"
                         WIDTH="717"
                         VPOS="496"
                         HPOS="235">
                  <String HEIGHT="47"
                          WIDTH="133"
                          VPOS="496"
                          HPOS="222"
                          CONTENT="tiendi"
                          SUBS_TYPE="HypPart2"
                          SUBS_CONTENT="sentiendi"/>
                  <SP HEIGHT="47" WIDTH="13" VPOS="496" HPOS="355"/>
                  <String HEIGHT="47"
                          WIDTH="106"
                          VPOS="496"
                          HPOS="315"
                          CONTENT="siue"/>
                  <SP HEIGHT="47" WIDTH="13" VPOS="496" HPOS="421"/>
                  <String HEIGHT="47"
                          WIDTH="106"
                          VPOS="496"
                          HPOS="381"
                          CONTENT="sint"/>
                  <SP HEIGHT="47" WIDTH="13" VPOS="496" HPOS="487"/>
                  <String HEIGHT="47"
                          WIDTH="199"
                          VPOS="496"
                          HPOS="447"
                          CONTENT="quantitates"/>
                  <SP HEIGHT="47" WIDTH="13" VPOS="496" HPOS="647"/>
                  <String HEIGHT="47"
                          WIDTH="106"
                          VPOS="496"
                          HPOS="607"
                          CONTENT="siue"/>
                  <SP HEIGHT="47" WIDTH="13" VPOS="496" HPOS="713"/>
                  <String HEIGHT="47"
                          WIDTH="186"
                          VPOS="496"
                          HPOS="673"
                          CONTENT="qualitates"/>
                  <SP HEIGHT="47" WIDTH="13" VPOS="496" HPOS="859"/>
                  <String HEIGHT="47"
                          WIDTH="106"
                          VPOS="496"
                          HPOS="819"
                          CONTENT="siue"/>
                  <SP HEIGHT="47" WIDTH="13" VPOS="496" HPOS="925"/>
                  <String HEIGHT="47" WIDTH="80" VPOS="496" HPOS="872" CONTENT="vtre"/>
               </TextLine>
               <TextLine ID="r2l9"
                         BASELINE="587"
                         HEIGHT="52"
                         WIDTH="713"
                         VPOS="535"
                         HPOS="242">
                  <String HEIGHT="52" WIDTH="104" VPOS="535" HPOS="227" CONTENT="que"/>
                  <SP HEIGHT="52" WIDTH="15" VPOS="535" HPOS="331"/>
                  <String HEIGHT="52"
                          WIDTH="119"
                          VPOS="535"
                          HPOS="287"
                          CONTENT="sint"/>
                  <SP HEIGHT="52" WIDTH="15" VPOS="535" HPOS="405"/>
                  <String HEIGHT="52"
                          WIDTH="134"
                          VPOS="535"
                          HPOS="361"
                          CONTENT="causa"/>
                  <SP HEIGHT="52" WIDTH="15" VPOS="535" HPOS="495"/>
                  <String HEIGHT="52"
                          WIDTH="193"
                          VPOS="535"
                          HPOS="450"
                          CONTENT="partialis"/>
                  <SP HEIGHT="52" WIDTH="15" VPOS="535" HPOS="643"/>
                  <String HEIGHT="52"
                          WIDTH="178"
                          VPOS="535"
                          HPOS="599"
                          CONTENT="respectu"/>
                  <SP HEIGHT="52" WIDTH="15" VPOS="535" HPOS="777"/>
                  <String HEIGHT="52"
                          WIDTH="134"
                          VPOS="535"
                          HPOS="732"
                          CONTENT="actus"/>
                  <SP HEIGHT="52" WIDTH="15" VPOS="535" HPOS="866"/>
                  <String HEIGHT="52"
                          WIDTH="149"
                          VPOS="535"
                          HPOS="806"
                          CONTENT="sentien"
                          SUBS_TYPE="HypPart1"
                          SUBS_CONTENT="sentiendi:"/>
                  <HYP CONTENT="-"/>
               </TextLine>
               <TextLine ID="r2l10"
                         BASELINE="629"
                         HEIGHT="45"
                         WIDTH="704"
                         VPOS="584"
                         HPOS="245">
                  <String HEIGHT="45"
                          WIDTH="105"
                          VPOS="584"
                          HPOS="230"
                          CONTENT="di:"
                          SUBS_TYPE="HypPart2"
                          SUBS_CONTENT="sentiendi:"/>
                  <SP HEIGHT="45" WIDTH="15" VPOS="584" HPOS="335"/>
                  <String HEIGHT="45"
                          WIDTH="135"
                          VPOS="584"
                          HPOS="290"
                          CONTENT="patet"/>
                  <SP HEIGHT="45" WIDTH="15" VPOS="584" HPOS="425"/>
                  <String HEIGHT="45" WIDTH="105" VPOS="584" HPOS="380" CONTENT="per"/>
                  <SP HEIGHT="45" WIDTH="15" VPOS="584" HPOS="485"/>
                  <String HEIGHT="45"
                          WIDTH="255"
                          VPOS="584"
                          HPOS="440"
                          CONTENT="propositionem"/>
                  <SP HEIGHT="45" WIDTH="15" VPOS="584" HPOS="694"/>
                  <String HEIGHT="45"
                          WIDTH="210"
                          VPOS="584"
                          HPOS="649"
                          CONTENT="frequenter"/>
                  <SP HEIGHT="45" WIDTH="15" VPOS="584" HPOS="859"/>
                  <String HEIGHT="45"
                          WIDTH="150"
                          VPOS="584"
                          HPOS="799"
                          CONTENT="acceptam"/>
               </TextLine>
               <TextLine ID="r2l11"
                         BASELINE="680"
                         HEIGHT="47"
                         WIDTH="709"
                         VPOS="633"
                         HPOS="240">
                  <String HEIGHT="47"
                          WIDTH="227"
                          VPOS="633"
                          HPOS="226"
                          CONTENT="quandocunque"/>
                  <SP HEIGHT="47" WIDTH="14" VPOS="633" HPOS="453"/>
                  <String HEIGHT="47"
                          WIDTH="156"
                          VPOS="633"
                          HPOS="410"
                          CONTENT="aliquid"/>
                  <SP HEIGHT="47" WIDTH="14" VPOS="633" HPOS="566"/>
                  <String HEIGHT="47" WIDTH="99" VPOS="633" HPOS="524" CONTENT="sic"/>
                  <SP HEIGHT="47" WIDTH="14" VPOS="633" HPOS="623"/>
                  <String HEIGHT="47" WIDTH="85" VPOS="633" HPOS="580" CONTENT="se"/>
                  <SP HEIGHT="47" WIDTH="14" VPOS="633" HPOS="665"/>
                  <String HEIGHT="47"
                          WIDTH="128"
                          VPOS="633"
                          HPOS="623"
                          CONTENT="habet"/>
                  <SP HEIGHT="47" WIDTH="14" VPOS="633" HPOS="750"/>
                  <String HEIGHT="47"
                          WIDTH="113"
                          VPOS="633"
                          HPOS="708"
                          CONTENT="quod"/>
                  <SP HEIGHT="47" WIDTH="14" VPOS="633" HPOS="821"/>
                  <String HEIGHT="47"
                          WIDTH="113"
                          VPOS="633"
                          HPOS="779"
                          CONTENT="illo"/>
                  <SP HEIGHT="47" WIDTH="14" VPOS="633" HPOS="892"/>
                  <String HEIGHT="47"
                          WIDTH="113"
                          VPOS="633"
                          HPOS="836"
                          CONTENT="posito"/>
               </TextLine>
               <TextLine ID="r2l12"
                         BASELINE="724"
                         HEIGHT="56"
                         WIDTH="702"
                         VPOS="668"
                         HPOS="247">
                  <String HEIGHT="56"
                          WIDTH="158"
                          VPOS="668"
                          HPOS="233"
                          CONTENT="ceteris"/>
                  <SP HEIGHT="56" WIDTH="14" VPOS="668" HPOS="390"/>
                  <String HEIGHT="56"
                          WIDTH="158"
                          VPOS="668"
                          HPOS="347"
                          CONTENT="paribus"/>
                  <SP HEIGHT="56" WIDTH="14" VPOS="668" HPOS="505"/>
                  <String HEIGHT="56"
                          WIDTH="143"
                          VPOS="668"
                          HPOS="462"
                          CONTENT="potest"/>
                  <SP HEIGHT="56" WIDTH="14" VPOS="668" HPOS="605"/>
                  <String HEIGHT="56"
                          WIDTH="115"
                          VPOS="668"
                          HPOS="562"
                          CONTENT="poni"/>
                  <SP HEIGHT="56" WIDTH="14" VPOS="668" HPOS="677"/>
                  <String HEIGHT="56"
                          WIDTH="186"
                          VPOS="668"
                          HPOS="634"
                          CONTENT="effectus:"/>
                  <SP HEIGHT="56" WIDTH="14" VPOS="668" HPOS="820"/>
                  <String HEIGHT="56" WIDTH="86" VPOS="668" HPOS="777" CONTENT="et"/>
                  <SP HEIGHT="56" WIDTH="14" VPOS="668" HPOS="863"/>
                  <String HEIGHT="56"
                          WIDTH="115"
                          VPOS="668"
                          HPOS="820"
                          CONTENT="ipso"/>
                  <SP HEIGHT="56" WIDTH="14" VPOS="668" HPOS="935"/>
                  <String HEIGHT="56" WIDTH="72" VPOS="668" HPOS="877" CONTENT="non"/>
               </TextLine>
               <TextLine ID="r2l13"
                         BASELINE="770"
                         HEIGHT="60"
                         WIDTH="725"
                         VPOS="710"
                         HPOS="236">
                  <String HEIGHT="60"
                          WIDTH="151"
                          VPOS="710"
                          HPOS="221"
                          CONTENT="posito"/>
                  <SP HEIGHT="60" WIDTH="15" VPOS="710" HPOS="372"/>
                  <String HEIGHT="60"
                          WIDTH="166"
                          VPOS="710"
                          HPOS="327"
                          CONTENT="positis"/>
                  <SP HEIGHT="60" WIDTH="15" VPOS="710" HPOS="493"/>
                  <String HEIGHT="60"
                          WIDTH="242"
                          VPOS="710"
                          HPOS="447"
                          CONTENT="quibuscunque"/>
                  <SP HEIGHT="60" WIDTH="15" VPOS="710" HPOS="689"/>
                  <String HEIGHT="60"
                          WIDTH="136"
                          VPOS="710"
                          HPOS="644"
                          CONTENT="aliis"/>
                  <SP HEIGHT="60" WIDTH="15" VPOS="710" HPOS="780"/>
                  <String HEIGHT="60" WIDTH="106" VPOS="710" HPOS="734" CONTENT="non"/>
                  <SP HEIGHT="60" WIDTH="15" VPOS="710" HPOS="840"/>
                  <String HEIGHT="60"
                          WIDTH="151"
                          VPOS="710"
                          HPOS="795"
                          CONTENT="potest"/>
                  <SP HEIGHT="60" WIDTH="15" VPOS="710" HPOS="946"/>
                  <String HEIGHT="60"
                          WIDTH="76"
                          VPOS="710"
                          HPOS="885"
                          CONTENT="po"
                          SUBS_TYPE="HypPart1"
                          SUBS_CONTENT="poni"/>
                  <HYP CONTENT="-"/>
               </TextLine>
               <TextLine ID="r2l14"
                         BASELINE="808"
                         HEIGHT="49"
                         WIDTH="711"
                         VPOS="759"
                         HPOS="238">
                  <String HEIGHT="49"
                          WIDTH="84"
                          VPOS="759"
                          HPOS="224"
                          CONTENT="ni"
                          SUBS_TYPE="HypPart2"
                          SUBS_CONTENT="poni"/>
                  <SP HEIGHT="49" WIDTH="14" VPOS="759" HPOS="308"/>
                  <String HEIGHT="49"
                          WIDTH="167"
                          VPOS="759"
                          HPOS="266"
                          CONTENT="effectus"/>
                  <SP HEIGHT="49" WIDTH="14" VPOS="759" HPOS="433"/>
                  <String HEIGHT="49"
                          WIDTH="209"
                          VPOS="759"
                          HPOS="391"
                          CONTENT="naturaliter"/>
                  <SP HEIGHT="49" WIDTH="14" VPOS="759" HPOS="600"/>
                  <String HEIGHT="49"
                          WIDTH="125"
                          VPOS="759"
                          HPOS="559"
                          CONTENT="ipsum"/>
                  <SP HEIGHT="49" WIDTH="14" VPOS="759" HPOS="684"/>
                  <String HEIGHT="49" WIDTH="98" VPOS="759" HPOS="642" CONTENT="est"/>
                  <SP HEIGHT="49" WIDTH="14" VPOS="759" HPOS="740"/>
                  <String HEIGHT="49"
                          WIDTH="125"
                          VPOS="759"
                          HPOS="698"
                          CONTENT="causa"/>
                  <SP HEIGHT="49" WIDTH="14" VPOS="759" HPOS="824"/>
                  <String HEIGHT="49"
                          WIDTH="139"
                          VPOS="759"
                          HPOS="782"
                          CONTENT="illius"/>
                  <SP HEIGHT="49" WIDTH="14" VPOS="759" HPOS="921"/>
                  <String HEIGHT="49" WIDTH="84" VPOS="759" HPOS="865" CONTENT="effe"/>
               </TextLine>
               <TextLine ID="r2l15"
                         BASELINE="848"
                         HEIGHT="50"
                         WIDTH="700"
                         VPOS="798"
                         HPOS="246">
                  <String HEIGHT="50"
                          WIDTH="119"
                          VPOS="798"
                          HPOS="231"
                          CONTENT="ctus"/>
                  <SP HEIGHT="50" WIDTH="15" VPOS="798" HPOS="350"/>
                  <String HEIGHT="50" WIDTH="104" VPOS="798" HPOS="306" CONTENT="vel"/>
                  <SP HEIGHT="50" WIDTH="15" VPOS="798" HPOS="410"/>
                  <String HEIGHT="50"
                          WIDTH="134"
                          VPOS="798"
                          HPOS="365"
                          CONTENT="causa"/>
                  <SP HEIGHT="50" WIDTH="15" VPOS="798" HPOS="499"/>
                  <String HEIGHT="50"
                          WIDTH="149"
                          VPOS="798"
                          HPOS="455"
                          CONTENT="cause:"/>
                  <SP HEIGHT="50" WIDTH="15" VPOS="798" HPOS="603"/>
                  <String HEIGHT="50" WIDTH="104" VPOS="798" HPOS="559" CONTENT="sed"/>
                  <SP HEIGHT="50" WIDTH="15" VPOS="798" HPOS="663"/>
                  <String HEIGHT="50"
                          WIDTH="164"
                          VPOS="798"
                          HPOS="618"
                          CONTENT="positis"/>
                  <SP HEIGHT="50" WIDTH="15" VPOS="798" HPOS="782"/>
                  <String HEIGHT="50"
                          WIDTH="164"
                          VPOS="798"
                          HPOS="737"
                          CONTENT="talibus"/>
                  <SP HEIGHT="50" WIDTH="15" VPOS="798" HPOS="901"/>
                  <String HEIGHT="50"
                          WIDTH="104"
                          VPOS="798"
                          HPOS="842"
                          CONTENT="dispo"/>
               </TextLine>
               <TextLine ID="r2l16"
                         BASELINE="894"
                         HEIGHT="48"
                         WIDTH="728"
                         VPOS="846"
                         HPOS="234">
                  <String HEIGHT="48"
                          WIDTH="212"
                          VPOS="846"
                          HPOS="219"
                          CONTENT="sitionibus"/>
                  <SP HEIGHT="48" WIDTH="15" VPOS="846" HPOS="431"/>
                  <String HEIGHT="48" WIDTH="106" VPOS="846" HPOS="386" CONTENT="cum"/>
                  <SP HEIGHT="48" WIDTH="15" VPOS="846" HPOS="492"/>
                  <String HEIGHT="48"
                          WIDTH="137"
                          VPOS="846"
                          HPOS="446"
                          CONTENT="aliis"/>
                  <SP HEIGHT="48" WIDTH="15" VPOS="846" HPOS="583"/>
                  <String HEIGHT="48"
                          WIDTH="212"
                          VPOS="846"
                          HPOS="537"
                          CONTENT="necessario"/>
                  <SP HEIGHT="48" WIDTH="15" VPOS="846" HPOS="750"/>
                  <String HEIGHT="48"
                          WIDTH="212"
                          VPOS="846"
                          HPOS="704"
                          CONTENT="requisitis"/>
                  <SP HEIGHT="48" WIDTH="15" VPOS="846" HPOS="917"/>
                  <String HEIGHT="48" WIDTH="91" VPOS="846" HPOS="871" CONTENT="ad"/>
                  <SP HEIGHT="48" WIDTH="15" VPOS="846" HPOS="962"/>
                  <String HEIGHT="48"
                          WIDTH="61"
                          VPOS="846"
                          HPOS="901"
                          CONTENT="a"
                          SUBS_TYPE="HypPart1"
                          SUBS_CONTENT="actum"/>
                  <HYP CONTENT="-"/>
               </TextLine>
               <TextLine ID="r2l17"
                         BASELINE="939"
                         HEIGHT="48"
                         WIDTH="722"
                         VPOS="891"
                         HPOS="240">
                  <String HEIGHT="48"
                          WIDTH="116"
                          VPOS="891"
                          HPOS="226"
                          CONTENT="ctum"
                          SUBS_TYPE="HypPart2"
                          SUBS_CONTENT="actum"/>
                  <SP HEIGHT="48" WIDTH="14" VPOS="891" HPOS="341"/>
                  <String HEIGHT="48"
                          WIDTH="188"
                          VPOS="891"
                          HPOS="298"
                          CONTENT="sentiendi"/>
                  <SP HEIGHT="48" WIDTH="14" VPOS="891" HPOS="485"/>
                  <String HEIGHT="48"
                          WIDTH="144"
                          VPOS="891"
                          HPOS="442"
                          CONTENT="potest"/>
                  <SP HEIGHT="48" WIDTH="14" VPOS="891" HPOS="587"/>
                  <String HEIGHT="48"
                          WIDTH="116"
                          VPOS="891"
                          HPOS="543"
                          CONTENT="poni"/>
                  <SP HEIGHT="48" WIDTH="14" VPOS="891" HPOS="659"/>
                  <String HEIGHT="48"
                          WIDTH="130"
                          VPOS="891"
                          HPOS="615"
                          CONTENT="actus"/>
                  <SP HEIGHT="48" WIDTH="14" VPOS="891" HPOS="745"/>
                  <String HEIGHT="48"
                          WIDTH="202"
                          VPOS="891"
                          HPOS="702"
                          CONTENT="sentiendi:"/>
                  <SP HEIGHT="48" WIDTH="14" VPOS="891" HPOS="904"/>
                  <String HEIGHT="48" WIDTH="87" VPOS="891" HPOS="861" CONTENT="et"/>
                  <SP HEIGHT="48" WIDTH="14" VPOS="891" HPOS="948"/>
                  <String HEIGHT="48"
                          WIDTH="72"
                          VPOS="891"
                          HPOS="890"
                          CONTENT="ip"
                          SUBS_TYPE="HypPart1"
                          SUBS_CONTENT="ipsis"/>
                  <HYP CONTENT="-"/>
               </TextLine>
               <TextLine ID="r2l18"
                         BASELINE="989"
                         HEIGHT="56"
                         WIDTH="713"
                         VPOS="933"
                         HPOS="240">
                  <String HEIGHT="56"
                          WIDTH="92"
                          VPOS="933"
                          HPOS="227"
                          CONTENT="sis"
                          SUBS_TYPE="HypPart2"
                          SUBS_CONTENT="ipsis"/>
                  <SP HEIGHT="56" WIDTH="13" VPOS="933" HPOS="319"/>
                  <String HEIGHT="56" WIDTH="92" VPOS="933" HPOS="280" CONTENT="non"/>
                  <SP HEIGHT="56" WIDTH="13" VPOS="933" HPOS="372"/>
                  <String HEIGHT="56"
                          WIDTH="145"
                          VPOS="933"
                          HPOS="332"
                          CONTENT="positis"/>
                  <SP HEIGHT="56" WIDTH="13" VPOS="933" HPOS="478"/>
                  <String HEIGHT="56" WIDTH="92" VPOS="933" HPOS="438" CONTENT="non"/>
                  <SP HEIGHT="56" WIDTH="13" VPOS="933" HPOS="530"/>
                  <String HEIGHT="56"
                          WIDTH="132"
                          VPOS="933"
                          HPOS="491"
                          CONTENT="potest"/>
                  <SP HEIGHT="56" WIDTH="13" VPOS="933" HPOS="623"/>
                  <String HEIGHT="56"
                          WIDTH="106"
                          VPOS="933"
                          HPOS="583"
                          CONTENT="poni"/>
                  <SP HEIGHT="56" WIDTH="13" VPOS="933" HPOS="689"/>
                  <String HEIGHT="56"
                          WIDTH="211"
                          VPOS="933"
                          HPOS="649"
                          CONTENT="naturaliter."/>
                  <SP HEIGHT="56" WIDTH="13" VPOS="933" HPOS="861"/>
                  <String HEIGHT="56"
                          WIDTH="106"
                          VPOS="933"
                          HPOS="821"
                          CONTENT="ergo"/>
                  <SP HEIGHT="56" WIDTH="13" VPOS="933" HPOS="927"/>
                  <String HEIGHT="56" WIDTH="79" VPOS="933" HPOS="874" CONTENT="etc."/>
               </TextLine>
               <TextLine ID="r2l19"
                         BASELINE="1026"
                         HEIGHT="50"
                         WIDTH="703"
                         VPOS="976"
                         HPOS="243">
                  <String HEIGHT="50" WIDTH="78" VPOS="976" HPOS="230" CONTENT="et"/>
                  <SP HEIGHT="50" WIDTH="13" VPOS="976" HPOS="308"/>
                  <String HEIGHT="50" WIDTH="78" VPOS="976" HPOS="269" CONTENT="si"/>
                  <SP HEIGHT="50" WIDTH="13" VPOS="976" HPOS="347"/>
                  <String HEIGHT="50" WIDTH="91" VPOS="976" HPOS="308" CONTENT="sic"/>
                  <SP HEIGHT="50" WIDTH="13" VPOS="976" HPOS="399"/>
                  <String HEIGHT="50"
                          WIDTH="182"
                          VPOS="976"
                          HPOS="360"
                          CONTENT="intelligat"/>
                  <SP HEIGHT="50" WIDTH="13" VPOS="976" HPOS="542"/>
                  <String HEIGHT="50" WIDTH="78" VPOS="976" HPOS="503" CONTENT="de"/>
                  <SP HEIGHT="50" WIDTH="13" VPOS="976" HPOS="581"/>
                  <String HEIGHT="50"
                          WIDTH="169"
                          VPOS="976"
                          HPOS="542"
                          CONTENT="potentiis"/>
                  <SP HEIGHT="50" WIDTH="13" VPOS="976" HPOS="712"/>
                  <String HEIGHT="50"
                          WIDTH="104"
                          VPOS="976"
                          HPOS="673"
                          CONTENT="quae"/>
                  <SP HEIGHT="50" WIDTH="13" VPOS="976" HPOS="777"/>
                  <String HEIGHT="50"
                          WIDTH="104"
                          VPOS="976"
                          HPOS="738"
                          CONTENT="sunt"/>
                  <SP HEIGHT="50" WIDTH="13" VPOS="976" HPOS="842"/>
                  <String HEIGHT="50"
                          WIDTH="156"
                          VPOS="976"
                          HPOS="790"
                          CONTENT="accidentia"/>
               </TextLine>
               <TextLine ID="r2l20"
                         BASELINE="1068"
                         HEIGHT="46"
                         WIDTH="719"
                         VPOS="1022"
                         HPOS="228">
                  <String HEIGHT="46"
                          WIDTH="166"
                          VPOS="1022"
                          HPOS="214"
                          CONTENT="absoluta"/>
                  <SP HEIGHT="46" WIDTH="14" VPOS="1022" HPOS="380"/>
                  <String HEIGHT="46"
                          WIDTH="124"
                          VPOS="1022"
                          HPOS="339"
                          CONTENT="esset"/>
                  <SP HEIGHT="46" WIDTH="14" VPOS="1022" HPOS="463"/>
                  <String HEIGHT="46"
                          WIDTH="138"
                          VPOS="1022"
                          HPOS="422"
                          CONTENT="opinio"/>
                  <SP HEIGHT="46" WIDTH="14" VPOS="1022" HPOS="560"/>
                  <String HEIGHT="46" WIDTH="97" VPOS="1022" HPOS="518" CONTENT="sua"/>
                  <SP HEIGHT="46" WIDTH="14" VPOS="1022" HPOS="615"/>
                  <String HEIGHT="46"
                          WIDTH="124"
                          VPOS="1022"
                          HPOS="574"
                          CONTENT="vera:"/>
                  <SP HEIGHT="46" WIDTH="14" VPOS="1022" HPOS="698"/>
                  <String HEIGHT="46" WIDTH="83" VPOS="1022" HPOS="657" CONTENT="et"/>
                  <SP HEIGHT="46" WIDTH="14" VPOS="1022" HPOS="740"/>
                  <String HEIGHT="46" WIDTH="83" VPOS="1022" HPOS="698" CONTENT="si"/>
                  <SP HEIGHT="46" WIDTH="14" VPOS="1022" HPOS="781"/>
                  <String HEIGHT="46" WIDTH="97" VPOS="1022" HPOS="740" CONTENT="sic"/>
                  <SP HEIGHT="46" WIDTH="14" VPOS="1022" HPOS="836"/>
                  <String HEIGHT="46" WIDTH="97" VPOS="1022" HPOS="795" CONTENT="non"/>
                  <SP HEIGHT="46" WIDTH="14" VPOS="1022" HPOS="892"/>
                  <String HEIGHT="46"
                          WIDTH="111"
                          VPOS="1022"
                          HPOS="836"
                          CONTENT="intel"
                          SUBS_TYPE="HypPart1"
                          SUBS_CONTENT="intelligit"/>
                  <HYP CONTENT="-"/>
               </TextLine>
               <TextLine ID="r2l21"
                         BASELINE="1116"
                         HEIGHT="54"
                         WIDTH="722"
                         VPOS="1062"
                         HPOS="228">
                  <String HEIGHT="54"
                          WIDTH="133"
                          VPOS="1062"
                          HPOS="213"
                          CONTENT="ligit"
                          SUBS_TYPE="HypPart2"
                          SUBS_CONTENT="intelligit"/>
                  <SP HEIGHT="54" WIDTH="15" VPOS="1062" HPOS="346"/>
                  <String HEIGHT="54"
                          WIDTH="103"
                          VPOS="1062"
                          HPOS="302"
                          CONTENT="non"/>
                  <SP HEIGHT="54" WIDTH="15" VPOS="1062" HPOS="405"/>
                  <String HEIGHT="54"
                          WIDTH="103"
                          VPOS="1062"
                          HPOS="361"
                          CONTENT="est"/>
                  <SP HEIGHT="54" WIDTH="15" VPOS="1062" HPOS="464"/>
                  <String HEIGHT="54"
                          WIDTH="133"
                          VPOS="1062"
                          HPOS="420"
                          CONTENT="vera."/>
                  <SP HEIGHT="54" WIDTH="15" VPOS="1062" HPOS="552"/>
                  <String HEIGHT="54"
                          WIDTH="162"
                          VPOS="1062"
                          HPOS="508"
                          CONTENT="Secundo"/>
                  <SP HEIGHT="54" WIDTH="15" VPOS="1062" HPOS="670"/>
                  <String HEIGHT="54"
                          WIDTH="118"
                          VPOS="1062"
                          HPOS="626"
                          CONTENT="modo"/>
                  <SP HEIGHT="54" WIDTH="15" VPOS="1062" HPOS="744"/>
                  <String HEIGHT="54"
                          WIDTH="103"
                          VPOS="1062"
                          HPOS="700"
                          CONTENT="non"/>
                  <SP HEIGHT="54" WIDTH="15" VPOS="1062" HPOS="803"/>
                  <String HEIGHT="54"
                          WIDTH="206"
                          VPOS="1062"
                          HPOS="744"
                          CONTENT="distinguntur"/>
               </TextLine>
               <TextLine ID="r2l22"
                         BASELINE="1156"
                         HEIGHT="45"
                         WIDTH="716"
                         VPOS="1111"
                         HPOS="236">
                  <String HEIGHT="45"
                          WIDTH="168"
                          VPOS="1111"
                          HPOS="222"
                          CONTENT="realiter"/>
                  <SP HEIGHT="45" WIDTH="14" VPOS="1111" HPOS="390"/>
                  <String HEIGHT="45"
                          WIDTH="126"
                          VPOS="1111"
                          HPOS="348"
                          CONTENT="sicut"/>
                  <SP HEIGHT="45" WIDTH="14" VPOS="1111" HPOS="475"/>
                  <String HEIGHT="45" WIDTH="98" VPOS="1111" HPOS="433" CONTENT="res"/>
                  <SP HEIGHT="45" WIDTH="14" VPOS="1111" HPOS="531"/>
                  <String HEIGHT="45" WIDTH="84" VPOS="1111" HPOS="489" CONTENT="et"/>
                  <SP HEIGHT="45" WIDTH="14" VPOS="1111" HPOS="573"/>
                  <String HEIGHT="45"
                          WIDTH="168"
                          VPOS="1111"
                          HPOS="531"
                          CONTENT="essentie"/>
                  <SP HEIGHT="45" WIDTH="14" VPOS="1111" HPOS="699"/>
                  <String HEIGHT="45"
                          WIDTH="197"
                          VPOS="1111"
                          HPOS="657"
                          CONTENT="distincte:"/>
                  <SP HEIGHT="45" WIDTH="14" VPOS="1111" HPOS="854"/>
                  <String HEIGHT="45" WIDTH="98" VPOS="1111" HPOS="812" CONTENT="nec"/>
                  <SP HEIGHT="45" WIDTH="14" VPOS="1111" HPOS="910"/>
                  <String HEIGHT="45"
                          WIDTH="98"
                          VPOS="1111"
                          HPOS="854"
                          CONTENT="inter"/>
               </TextLine>
               <TextLine ID="r2l23"
                         BASELINE="1202"
                         HEIGHT="51"
                         WIDTH="711"
                         VPOS="1151"
                         HPOS="232">
                  <String HEIGHT="51" WIDTH="79" VPOS="1151" HPOS="219" CONTENT="se"/>
                  <SP HEIGHT="51" WIDTH="13" VPOS="1151" HPOS="298"/>
                  <String HEIGHT="51" WIDTH="92" VPOS="1151" HPOS="258" CONTENT="nec"/>
                  <SP HEIGHT="51" WIDTH="13" VPOS="1151" HPOS="351"/>
                  <String HEIGHT="51" WIDTH="79" VPOS="1151" HPOS="311" CONTENT="ab"/>
                  <SP HEIGHT="51" WIDTH="13" VPOS="1151" HPOS="390"/>
                  <String HEIGHT="51"
                          WIDTH="119"
                          VPOS="1151"
                          HPOS="351"
                          CONTENT="anima"/>
                  <SP HEIGHT="51" WIDTH="13" VPOS="1151" HPOS="469"/>
                  <String HEIGHT="51"
                          WIDTH="184"
                          VPOS="1151"
                          HPOS="429"
                          CONTENT="sensitiua."/>
                  <SP HEIGHT="51" WIDTH="13" VPOS="1151" HPOS="614"/>
                  <String HEIGHT="51"
                          WIDTH="105"
                          VPOS="1151"
                          HPOS="574"
                          CONTENT="quod"/>
                  <SP HEIGHT="51" WIDTH="13" VPOS="1151" HPOS="680"/>
                  <String HEIGHT="51"
                          WIDTH="171"
                          VPOS="1151"
                          HPOS="640"
                          CONTENT="probatur:"/>
                  <SP HEIGHT="51" WIDTH="13" VPOS="1151" HPOS="811"/>
                  <String HEIGHT="51"
                          WIDTH="105"
                          VPOS="1151"
                          HPOS="772"
                          CONTENT="quia"/>
                  <SP HEIGHT="51" WIDTH="13" VPOS="1151" HPOS="877"/>
                  <String HEIGHT="51"
                          WIDTH="119"
                          VPOS="1151"
                          HPOS="825"
                          CONTENT="frustra"/>
               </TextLine>
               <TextLine ID="r2l24"
                         BASELINE="1245"
                         HEIGHT="50"
                         WIDTH="709"
                         VPOS="1195"
                         HPOS="237">
                  <String HEIGHT="50" WIDTH="92" VPOS="1195" HPOS="224" CONTENT="fit"/>
                  <SP HEIGHT="50" WIDTH="13" VPOS="1195" HPOS="316"/>
                  <String HEIGHT="50" WIDTH="92" VPOS="1195" HPOS="276" CONTENT="per"/>
                  <SP HEIGHT="50" WIDTH="13" VPOS="1195" HPOS="368"/>
                  <String HEIGHT="50"
                          WIDTH="118"
                          VPOS="1195"
                          HPOS="329"
                          CONTENT="plura"/>
                  <SP HEIGHT="50" WIDTH="13" VPOS="1195" HPOS="447"/>
                  <String HEIGHT="50"
                          WIDTH="105"
                          VPOS="1195"
                          HPOS="408"
                          CONTENT="etc."/>
                  <SP HEIGHT="50" WIDTH="13" VPOS="1195" HPOS="513"/>
                  <String HEIGHT="50" WIDTH="92" VPOS="1195" HPOS="473" CONTENT="sed"/>
                  <SP HEIGHT="50" WIDTH="13" VPOS="1195" HPOS="565"/>
                  <String HEIGHT="50" WIDTH="92" VPOS="1195" HPOS="526" CONTENT="per"/>
                  <SP HEIGHT="50" WIDTH="13" VPOS="1195" HPOS="618"/>
                  <String HEIGHT="50"
                          WIDTH="105"
                          VPOS="1195"
                          HPOS="578"
                          CONTENT="vnam"/>
                  <SP HEIGHT="50" WIDTH="13" VPOS="1195" HPOS="683"/>
                  <String HEIGHT="50"
                          WIDTH="131"
                          VPOS="1195"
                          HPOS="644"
                          CONTENT="animam"/>
                  <SP HEIGHT="50" WIDTH="13" VPOS="1195" HPOS="775"/>
                  <String HEIGHT="50"
                          WIDTH="184"
                          VPOS="1195"
                          HPOS="736"
                          CONTENT="sensitiuam"/>
                  <SP HEIGHT="50" WIDTH="13" VPOS="1195" HPOS="920"/>
                  <String HEIGHT="50"
                          WIDTH="79"
                          VPOS="1195"
                          HPOS="867"
                          CONTENT="quae"/>
               </TextLine>
               <TextLine ID="r2l25"
                         BASELINE="1289"
                         HEIGHT="50"
                         WIDTH="721"
                         VPOS="1239"
                         HPOS="234">
                  <String HEIGHT="50" WIDTH="88" VPOS="1239" HPOS="219" CONTENT="se"/>
                  <SP HEIGHT="50" WIDTH="15" VPOS="1239" HPOS="308"/>
                  <String HEIGHT="50"
                          WIDTH="132"
                          VPOS="1239"
                          HPOS="263"
                          CONTENT="tenet"/>
                  <SP HEIGHT="50" WIDTH="15" VPOS="1239" HPOS="396"/>
                  <String HEIGHT="50" WIDTH="74" VPOS="1239" HPOS="352" CONTENT="a"/>
                  <SP HEIGHT="50" WIDTH="15" VPOS="1239" HPOS="425"/>
                  <String HEIGHT="50"
                          WIDTH="132"
                          VPOS="1239"
                          HPOS="381"
                          CONTENT="parte"/>
                  <SP HEIGHT="50" WIDTH="15" VPOS="1239" HPOS="514"/>
                  <String HEIGHT="50"
                          WIDTH="191"
                          VPOS="1239"
                          HPOS="469"
                          CONTENT="principii"/>
                  <SP HEIGHT="50" WIDTH="15" VPOS="1239" HPOS="661"/>
                  <String HEIGHT="50"
                          WIDTH="206"
                          VPOS="1239"
                          HPOS="617"
                          CONTENT="elicientis"/>
                  <SP HEIGHT="50" WIDTH="15" VPOS="1239" HPOS="823"/>
                  <String HEIGHT="50"
                          WIDTH="191"
                          VPOS="1239"
                          HPOS="764"
                          CONTENT="indistincta"/>
               </TextLine>
               <TextLine ID="r2l26"
                         BASELINE="1337"
                         HEIGHT="52"
                         WIDTH="712"
                         VPOS="1285"
                         HPOS="243">
                  <String HEIGHT="52"
                          WIDTH="170"
                          VPOS="1285"
                          HPOS="228"
                          CONTENT="possunt"/>
                  <SP HEIGHT="52" WIDTH="15" VPOS="1285" HPOS="398"/>
                  <String HEIGHT="52"
                          WIDTH="139"
                          VPOS="1285"
                          HPOS="351"
                          CONTENT="elici"/>
                  <SP HEIGHT="52" WIDTH="15" VPOS="1285" HPOS="491"/>
                  <String HEIGHT="52"
                          WIDTH="124"
                          VPOS="1285"
                          HPOS="444"
                          CONTENT="omns"/>
                  <SP HEIGHT="52" WIDTH="15" VPOS="1285" HPOS="568"/>
                  <String HEIGHT="52"
                          WIDTH="232"
                          VPOS="1285"
                          HPOS="522"
                          CONTENT="operationes"/>
                  <SP HEIGHT="52" WIDTH="15" VPOS="1285" HPOS="754"/>
                  <String HEIGHT="52"
                          WIDTH="217"
                          VPOS="1285"
                          HPOS="707"
                          CONTENT="sensitiue:"/>
                  <SP HEIGHT="52" WIDTH="15" VPOS="1285" HPOS="924"/>
                  <String HEIGHT="52"
                          WIDTH="93"
                          VPOS="1285"
                          HPOS="862"
                          CONTENT="ergo"/>
               </TextLine>
               <TextLine ID="r2l27"
                         BASELINE="1389"
                         HEIGHT="63"
                         WIDTH="716"
                         VPOS="1326"
                         HPOS="243">
                  <String HEIGHT="63"
                          WIDTH="179"
                          VPOS="1326"
                          HPOS="227"
                          CONTENT="frustra"/>
                  <SP HEIGHT="63" WIDTH="16" VPOS="1326" HPOS="406"/>
                  <String HEIGHT="63"
                          WIDTH="195"
                          VPOS="1326"
                          HPOS="357"
                          CONTENT="ponuntur"/>
                  <SP HEIGHT="63" WIDTH="16" VPOS="1326" HPOS="552"/>
                  <String HEIGHT="63"
                          WIDTH="163"
                          VPOS="1326"
                          HPOS="503"
                          CONTENT="plures"/>
                  <SP HEIGHT="63" WIDTH="16" VPOS="1326" HPOS="666"/>
                  <String HEIGHT="63"
                          WIDTH="163"
                          VPOS="1326"
                          HPOS="617"
                          CONTENT="forme."/>
                  <SP HEIGHT="63" WIDTH="16" VPOS="1326" HPOS="780"/>
                  <String HEIGHT="63" WIDTH="81" VPOS="1326" HPOS="731" CONTENT=""/>
                  <SP HEIGHT="63" WIDTH="16" VPOS="1326" HPOS="813"/>
                  <String HEIGHT="63"
                          WIDTH="212"
                          VPOS="1326"
                          HPOS="747"
                          CONTENT="Intelligen"
                          SUBS_TYPE="HypPart1"
                          SUBS_CONTENT="Intelligendum"/>
                  <HYP CONTENT="-"/>
               </TextLine>
               <TextLine ID="r2l28"
                         BASELINE="1422"
                         HEIGHT="48"
                         WIDTH="709"
                         VPOS="1374"
                         HPOS="240">
                  <String HEIGHT="48"
                          WIDTH="95"
                          VPOS="1374"
                          HPOS="226"
                          CONTENT="dum"
                          SUBS_TYPE="HypPart2"
                          SUBS_CONTENT="Intelligendum"/>
                  <SP HEIGHT="48" WIDTH="14" VPOS="1374" HPOS="322"/>
                  <String HEIGHT="48"
                          WIDTH="123"
                          VPOS="1374"
                          HPOS="281"
                          CONTENT="tamen"/>
                  <SP HEIGHT="48" WIDTH="14" VPOS="1374" HPOS="404"/>
                  <String HEIGHT="48"
                          WIDTH="109"
                          VPOS="1374"
                          HPOS="363"
                          CONTENT="quod"/>
                  <SP HEIGHT="48" WIDTH="14" VPOS="1374" HPOS="472"/>
                  <String HEIGHT="48"
                          WIDTH="123"
                          VPOS="1374"
                          HPOS="431"
                          CONTENT="licet"/>
                  <SP HEIGHT="48" WIDTH="14" VPOS="1374" HPOS="554"/>
                  <String HEIGHT="48" WIDTH="82" VPOS="1374" HPOS="513" CONTENT="in"/>
                  <SP HEIGHT="48" WIDTH="14" VPOS="1374" HPOS="595"/>
                  <String HEIGHT="48"
                          WIDTH="150"
                          VPOS="1374"
                          HPOS="554"
                          CONTENT="animali"/>
                  <SP HEIGHT="48" WIDTH="14" VPOS="1374" HPOS="704"/>
                  <String HEIGHT="48" WIDTH="95" VPOS="1374" HPOS="663" CONTENT="sit"/>
                  <SP HEIGHT="48" WIDTH="14" VPOS="1374" HPOS="758"/>
                  <String HEIGHT="48"
                          WIDTH="136"
                          VPOS="1374"
                          HPOS="717"
                          CONTENT="tantum"/>
                  <SP HEIGHT="48" WIDTH="14" VPOS="1374" HPOS="854"/>
                  <String HEIGHT="48" WIDTH="95" VPOS="1374" HPOS="813" CONTENT="vna"/>
                  <SP HEIGHT="48" WIDTH="14" VPOS="1374" HPOS="908"/>
                  <String HEIGHT="48"
                          WIDTH="95"
                          VPOS="1374"
                          HPOS="854"
                          CONTENT="forma"/>
               </TextLine>
               <TextLine ID="r2l29"
                         BASELINE="1470"
                         HEIGHT="57"
                         WIDTH="727"
                         VPOS="1413"
                         HPOS="229">
                  <String HEIGHT="57"
                          WIDTH="197"
                          VPOS="1413"
                          HPOS="214"
                          CONTENT="sensitiua"/>
                  <SP HEIGHT="57" WIDTH="15" VPOS="1413" HPOS="411"/>
                  <String HEIGHT="57"
                          WIDTH="106"
                          VPOS="1413"
                          HPOS="365"
                          CONTENT="que"/>
                  <SP HEIGHT="57" WIDTH="15" VPOS="1413" HPOS="471"/>
                  <String HEIGHT="57"
                          WIDTH="151"
                          VPOS="1413"
                          HPOS="426"
                          CONTENT="elicit"/>
                  <SP HEIGHT="57" WIDTH="15" VPOS="1413" HPOS="577"/>
                  <String HEIGHT="57"
                          WIDTH="121"
                          VPOS="1413"
                          HPOS="532"
                          CONTENT="omns"/>
                  <SP HEIGHT="57" WIDTH="15" VPOS="1413" HPOS="653"/>
                  <String HEIGHT="57"
                          WIDTH="136"
                          VPOS="1413"
                          HPOS="608"
                          CONTENT="istas"/>
                  <SP HEIGHT="57" WIDTH="15" VPOS="1413" HPOS="744"/>
                  <String HEIGHT="57"
                          WIDTH="242"
                          VPOS="1413"
                          HPOS="699"
                          CONTENT="operationes:"/>
                  <SP HEIGHT="57" WIDTH="15" VPOS="1413" HPOS="941"/>
                  <String HEIGHT="57" WIDTH="76" VPOS="1413" HPOS="880" CONTENT="cum"/>
               </TextLine>
               <TextLine ID="r2l30"
                         BASELINE="1507"
                         HEIGHT="47"
                         WIDTH="707"
                         VPOS="1460"
                         HPOS="239">
                  <String HEIGHT="47"
                          WIDTH="135"
                          VPOS="1460"
                          HPOS="224"
                          CONTENT="tamen"/>
                  <SP HEIGHT="47" WIDTH="15" VPOS="1460" HPOS="359"/>
                  <String HEIGHT="47"
                          WIDTH="135"
                          VPOS="1460"
                          HPOS="314"
                          CONTENT="forma"/>
                  <SP HEIGHT="47" WIDTH="15" VPOS="1460" HPOS="450"/>
                  <String HEIGHT="47"
                          WIDTH="105"
                          VPOS="1460"
                          HPOS="404"
                          CONTENT="non"/>
                  <SP HEIGHT="47" WIDTH="15" VPOS="1460" HPOS="510"/>
                  <String HEIGHT="47"
                          WIDTH="105"
                          VPOS="1460"
                          HPOS="465"
                          CONTENT="est"/>
                  <SP HEIGHT="47" WIDTH="15" VPOS="1460" HPOS="570"/>
                  <String HEIGHT="47"
                          WIDTH="256"
                          VPOS="1460"
                          HPOS="525"
                          CONTENT="indiuisibilis"/>
                  <SP HEIGHT="47" WIDTH="15" VPOS="1460" HPOS="781"/>
                  <String HEIGHT="47"
                          WIDTH="105"
                          VPOS="1460"
                          HPOS="735"
                          CONTENT="sed"/>
                  <SP HEIGHT="47" WIDTH="15" VPOS="1460" HPOS="841"/>
                  <String HEIGHT="47"
                          WIDTH="165"
                          VPOS="1460"
                          HPOS="781"
                          CONTENT="diuisibi"
                          SUBS_TYPE="HypPart1"
                          SUBS_CONTENT="diuisibilis"/>
                  <HYP CONTENT="-"/>
               </TextLine>
               <TextLine ID="r2l31"
                         BASELINE="1550"
                         HEIGHT="47"
                         WIDTH="706"
                         VPOS="1503"
                         HPOS="234">
                  <String HEIGHT="47"
                          WIDTH="103"
                          VPOS="1503"
                          HPOS="219"
                          CONTENT="lis"
                          SUBS_TYPE="HypPart2"
                          SUBS_CONTENT="diuisibilis"/>
                  <SP HEIGHT="47" WIDTH="15" VPOS="1503" HPOS="322"/>
                  <String HEIGHT="47" WIDTH="88" VPOS="1503" HPOS="278" CONTENT="in"/>
                  <SP HEIGHT="47" WIDTH="15" VPOS="1503" HPOS="366"/>
                  <String HEIGHT="47"
                          WIDTH="132"
                          VPOS="1503"
                          HPOS="322"
                          CONTENT="parte"/>
                  <SP HEIGHT="47" WIDTH="15" VPOS="1503" HPOS="455"/>
                  <String HEIGHT="47"
                          WIDTH="162"
                          VPOS="1503"
                          HPOS="411"
                          CONTENT="eiusdem"/>
                  <SP HEIGHT="47" WIDTH="15" VPOS="1503" HPOS="572"/>
                  <String HEIGHT="47"
                          WIDTH="191"
                          VPOS="1503"
                          HPOS="528"
                          CONTENT="rationis:"/>
                  <SP HEIGHT="47" WIDTH="15" VPOS="1503" HPOS="719"/>
                  <String HEIGHT="47"
                          WIDTH="118"
                          VPOS="1503"
                          HPOS="675"
                          CONTENT="quia"/>
                  <SP HEIGHT="47" WIDTH="15" VPOS="1503" HPOS="793"/>
                  <String HEIGHT="47"
                          WIDTH="132"
                          VPOS="1503"
                          HPOS="749"
                          CONTENT="forma"/>
                  <SP HEIGHT="47" WIDTH="15" VPOS="1503" HPOS="881"/>
                  <String HEIGHT="47"
                          WIDTH="118"
                          VPOS="1503"
                          HPOS="822"
                          CONTENT="sensit"/>
               </TextLine>
               <TextLine ID="r2l32"
                         BASELINE="1595"
                         HEIGHT="47"
                         WIDTH="725"
                         VPOS="1548"
                         HPOS="231">
                  <String HEIGHT="47" WIDTH="85" VPOS="1548" HPOS="217" CONTENT="ua"/>
                  <SP HEIGHT="47" WIDTH="14" VPOS="1548" HPOS="302"/>
                  <String HEIGHT="47" WIDTH="85" VPOS="1548" HPOS="259" CONTENT="in"/>
                  <SP HEIGHT="47" WIDTH="14" VPOS="1548" HPOS="345"/>
                  <String HEIGHT="47"
                          WIDTH="171"
                          VPOS="1548"
                          HPOS="302"
                          CONTENT="quolibet"/>
                  <SP HEIGHT="47" WIDTH="14" VPOS="1548" HPOS="473"/>
                  <String HEIGHT="47"
                          WIDTH="156"
                          VPOS="1548"
                          HPOS="430"
                          CONTENT="animali"/>
                  <SP HEIGHT="47" WIDTH="14" VPOS="1548" HPOS="586"/>
                  <String HEIGHT="47"
                          WIDTH="128"
                          VPOS="1548"
                          HPOS="544"
                          CONTENT="sicut"/>
                  <SP HEIGHT="47" WIDTH="14" VPOS="1548" HPOS="672"/>
                  <String HEIGHT="47"
                          WIDTH="114"
                          VPOS="1548"
                          HPOS="629"
                          CONTENT="pono"/>
                  <SP HEIGHT="47" WIDTH="14" VPOS="1548" HPOS="743"/>
                  <String HEIGHT="47"
                          WIDTH="199"
                          VPOS="1548"
                          HPOS="700"
                          CONTENT="extenditur"/>
                  <SP HEIGHT="47" WIDTH="14" VPOS="1548" HPOS="899"/>
                  <String HEIGHT="47" WIDTH="85" VPOS="1548" HPOS="856" CONTENT="et"/>
                  <SP HEIGHT="47" WIDTH="14" VPOS="1548" HPOS="942"/>
                  <String HEIGHT="47" WIDTH="85" VPOS="1548" HPOS="899" CONTENT="ad"/>
                  <SP HEIGHT="47" WIDTH="14" VPOS="1548" HPOS="984"/>
                  <String HEIGHT="47" WIDTH="28" VPOS="1548" HPOS="928" CONTENT=""/>
               </TextLine>
               <TextLine ID="r2l33"
                         BASELINE="1645"
                         HEIGHT="50"
                         WIDTH="721"
                         VPOS="1595"
                         HPOS="232">
                  <String HEIGHT="50"
                          WIDTH="107"
                          VPOS="1595"
                          HPOS="219"
                          CONTENT="eius"/>
                  <SP HEIGHT="50" WIDTH="13" VPOS="1595" HPOS="325"/>
                  <String HEIGHT="50"
                          WIDTH="200"
                          VPOS="1595"
                          HPOS="285"
                          CONTENT="extensionem"/>
                  <SP HEIGHT="50" WIDTH="13" VPOS="1595" HPOS="486"/>
                  <String HEIGHT="50"
                          WIDTH="200"
                          VPOS="1595"
                          HPOS="446"
                          CONTENT="quantitatis"/>
                  <SP HEIGHT="50" WIDTH="13" VPOS="1595" HPOS="646"/>
                  <String HEIGHT="50" WIDTH="93" VPOS="1595" HPOS="606" CONTENT="est"/>
                  <SP HEIGHT="50" WIDTH="13" VPOS="1595" HPOS="699"/>
                  <String HEIGHT="50" WIDTH="80" VPOS="1595" HPOS="659" CONTENT="in"/>
                  <SP HEIGHT="50" WIDTH="13" VPOS="1595" HPOS="739"/>
                  <String HEIGHT="50"
                          WIDTH="160"
                          VPOS="1595"
                          HPOS="699"
                          CONTENT="materia:"/>
                  <SP HEIGHT="50" WIDTH="13" VPOS="1595" HPOS="860"/>
                  <String HEIGHT="50" WIDTH="93" VPOS="1595" HPOS="819" CONTENT="ita"/>
                  <SP HEIGHT="50" WIDTH="13" VPOS="1595" HPOS="913"/>
                  <String HEIGHT="50"
                          WIDTH="93"
                          VPOS="1595"
                          HPOS="860"
                          CONTENT="squod"/>
               </TextLine>
               <TextLine ID="r2l34"
                         BASELINE="1688"
                         HEIGHT="49"
                         WIDTH="710"
                         VPOS="1639"
                         HPOS="234">
                  <String HEIGHT="49"
                          WIDTH="133"
                          VPOS="1639"
                          HPOS="219"
                          CONTENT="sicut"/>
                  <SP HEIGHT="49" WIDTH="15" VPOS="1639" HPOS="352"/>
                  <String HEIGHT="49"
                          WIDTH="104"
                          VPOS="1639"
                          HPOS="308"
                          CONTENT="vna"/>
                  <SP HEIGHT="49" WIDTH="15" VPOS="1639" HPOS="412"/>
                  <String HEIGHT="49"
                          WIDTH="118"
                          VPOS="1639"
                          HPOS="367"
                          CONTENT="pars"/>
                  <SP HEIGHT="49" WIDTH="15" VPOS="1639" HPOS="485"/>
                  <String HEIGHT="49"
                          WIDTH="222"
                          VPOS="1639"
                          HPOS="441"
                          CONTENT="quantitatis"/>
                  <SP HEIGHT="49" WIDTH="15" VPOS="1639" HPOS="663"/>
                  <String HEIGHT="49"
                          WIDTH="104"
                          VPOS="1639"
                          HPOS="619"
                          CONTENT="est"/>
                  <SP HEIGHT="49" WIDTH="15" VPOS="1639" HPOS="722"/>
                  <String HEIGHT="49" WIDTH="89" VPOS="1639" HPOS="678" CONTENT="in"/>
                  <SP HEIGHT="49" WIDTH="15" VPOS="1639" HPOS="767"/>
                  <String HEIGHT="49"
                          WIDTH="104"
                          VPOS="1639"
                          HPOS="722"
                          CONTENT="vna"/>
                  <SP HEIGHT="49" WIDTH="15" VPOS="1639" HPOS="826"/>
                  <String HEIGHT="49"
                          WIDTH="133"
                          VPOS="1639"
                          HPOS="781"
                          CONTENT="parte"/>
                  <SP HEIGHT="49" WIDTH="15" VPOS="1639" HPOS="914"/>
                  <String HEIGHT="49"
                          WIDTH="89"
                          VPOS="1639"
                          HPOS="855"
                          CONTENT="mate"/>
               </TextLine>
               <TextLine ID="r2l35"
                         BASELINE="1728"
                         HEIGHT="50"
                         WIDTH="716"
                         VPOS="1678"
                         HPOS="235">
                  <String HEIGHT="50"
                          WIDTH="100"
                          VPOS="1678"
                          HPOS="221"
                          CONTENT="rie"/>
                  <SP HEIGHT="50" WIDTH="14" VPOS="1678" HPOS="321"/>
                  <String HEIGHT="50" WIDTH="86" VPOS="1678" HPOS="278" CONTENT="et"/>
                  <SP HEIGHT="50" WIDTH="14" VPOS="1678" HPOS="364"/>
                  <String HEIGHT="50"
                          WIDTH="115"
                          VPOS="1678"
                          HPOS="321"
                          CONTENT="alia"/>
                  <SP HEIGHT="50" WIDTH="14" VPOS="1678" HPOS="435"/>
                  <String HEIGHT="50"
                          WIDTH="115"
                          VPOS="1678"
                          HPOS="393"
                          CONTENT="pars"/>
                  <SP HEIGHT="50" WIDTH="14" VPOS="1678" HPOS="507"/>
                  <String HEIGHT="50" WIDTH="86" VPOS="1678" HPOS="464" CONTENT="in"/>
                  <SP HEIGHT="50" WIDTH="14" VPOS="1678" HPOS="550"/>
                  <String HEIGHT="50"
                          WIDTH="115"
                          VPOS="1678"
                          HPOS="507"
                          CONTENT="alia"/>
                  <SP HEIGHT="50" WIDTH="14" VPOS="1678" HPOS="622"/>
                  <String HEIGHT="50"
                          WIDTH="143"
                          VPOS="1678"
                          HPOS="579"
                          CONTENT="parte:"/>
                  <SP HEIGHT="50" WIDTH="14" VPOS="1678" HPOS="722"/>
                  <String HEIGHT="50"
                          WIDTH="100"
                          VPOS="1678"
                          HPOS="679"
                          CONTENT="ita"/>
                  <SP HEIGHT="50" WIDTH="14" VPOS="1678" HPOS="779"/>
                  <String HEIGHT="50"
                          WIDTH="100"
                          VPOS="1678"
                          HPOS="736"
                          CONTENT="vna"/>
                  <SP HEIGHT="50" WIDTH="14" VPOS="1678" HPOS="836"/>
                  <String HEIGHT="50"
                          WIDTH="115"
                          VPOS="1678"
                          HPOS="793"
                          CONTENT="pars"/>
                  <SP HEIGHT="50" WIDTH="14" VPOS="1678" HPOS="908"/>
                  <String HEIGHT="50"
                          WIDTH="100"
                          VPOS="1678"
                          HPOS="851"
                          CONTENT="anime"/>
               </TextLine>
               <TextLine ID="r2l36"
                         BASELINE="1772"
                         HEIGHT="49"
                         WIDTH="703"
                         VPOS="1723"
                         HPOS="237">
                  <String HEIGHT="49"
                          WIDTH="199"
                          VPOS="1723"
                          HPOS="222"
                          CONTENT="sensitiue"/>
                  <SP HEIGHT="49" WIDTH="15" VPOS="1723" HPOS="420"/>
                  <String HEIGHT="49"
                          WIDTH="183"
                          VPOS="1723"
                          HPOS="375"
                          CONTENT="perficit"/>
                  <SP HEIGHT="49" WIDTH="15" VPOS="1723" HPOS="558"/>
                  <String HEIGHT="49"
                          WIDTH="122"
                          VPOS="1723"
                          HPOS="512"
                          CONTENT="vnam"/>
                  <SP HEIGHT="49" WIDTH="15" VPOS="1723" HPOS="634"/>
                  <String HEIGHT="49"
                          WIDTH="153"
                          VPOS="1723"
                          HPOS="589"
                          CONTENT="partem"/>
                  <SP HEIGHT="49" WIDTH="15" VPOS="1723" HPOS="741"/>
                  <String HEIGHT="49"
                          WIDTH="168"
                          VPOS="1723"
                          HPOS="695"
                          CONTENT="materie"/>
                  <SP HEIGHT="49" WIDTH="15" VPOS="1723" HPOS="864"/>
                  <String HEIGHT="49" WIDTH="92" VPOS="1723" HPOS="818" CONTENT="et"/>
                  <SP HEIGHT="49" WIDTH="15" VPOS="1723" HPOS="909"/>
                  <String HEIGHT="49"
                          WIDTH="92"
                          VPOS="1723"
                          HPOS="848"
                          CONTENT="alia"/>
               </TextLine>
               <TextLine ID="r2l37"
                         BASELINE="1814"
                         HEIGHT="44"
                         WIDTH="709"
                         VPOS="1770"
                         HPOS="234">
                  <String HEIGHT="44"
                          WIDTH="162"
                          VPOS="1770"
                          HPOS="219"
                          CONTENT="eiusdem"/>
                  <SP HEIGHT="44" WIDTH="15" VPOS="1770" HPOS="382"/>
                  <String HEIGHT="44"
                          WIDTH="177"
                          VPOS="1770"
                          HPOS="337"
                          CONTENT="rationis"/>
                  <SP HEIGHT="44" WIDTH="15" VPOS="1770" HPOS="515"/>
                  <String HEIGHT="44"
                          WIDTH="103"
                          VPOS="1770"
                          HPOS="470"
                          CONTENT="per"/>
                  <SP HEIGHT="44" WIDTH="15" VPOS="1770" HPOS="574"/>
                  <String HEIGHT="44"
                          WIDTH="133"
                          VPOS="1770"
                          HPOS="529"
                          CONTENT="omnia"/>
                  <SP HEIGHT="44" WIDTH="15" VPOS="1770" HPOS="662"/>
                  <String HEIGHT="44"
                          WIDTH="177"
                          VPOS="1770"
                          HPOS="618"
                          CONTENT="perficit"/>
                  <SP HEIGHT="44" WIDTH="15" VPOS="1770" HPOS="795"/>
                  <String HEIGHT="44"
                          WIDTH="133"
                          VPOS="1770"
                          HPOS="751"
                          CONTENT="aliam"/>
                  <SP HEIGHT="44" WIDTH="15" VPOS="1770" HPOS="884"/>
                  <String HEIGHT="44"
                          WIDTH="118"
                          VPOS="1770"
                          HPOS="825"
                          CONTENT="partem"/>
               </TextLine>
               <TextLine ID="r2l38"
                         BASELINE="1859"
                         HEIGHT="48"
                         WIDTH="715"
                         VPOS="1811"
                         HPOS="228">
                  <String HEIGHT="48"
                          WIDTH="100"
                          VPOS="1811"
                          HPOS="214"
                          CONTENT="ita"/>
                  <SP HEIGHT="48" WIDTH="14" VPOS="1811" HPOS="314"/>
                  <String HEIGHT="48"
                          WIDTH="114"
                          VPOS="1811"
                          HPOS="271"
                          CONTENT="quod"/>
                  <SP HEIGHT="48" WIDTH="14" VPOS="1811" HPOS="385"/>
                  <String HEIGHT="48"
                          WIDTH="114"
                          VPOS="1811"
                          HPOS="342"
                          CONTENT="illa"/>
                  <SP HEIGHT="48" WIDTH="14" VPOS="1811" HPOS="457"/>
                  <String HEIGHT="48"
                          WIDTH="114"
                          VPOS="1811"
                          HPOS="414"
                          CONTENT="pars"/>
                  <SP HEIGHT="48" WIDTH="14" VPOS="1811" HPOS="528"/>
                  <String HEIGHT="48"
                          WIDTH="129"
                          VPOS="1811"
                          HPOS="485"
                          CONTENT="forme"/>
                  <SP HEIGHT="48" WIDTH="14" VPOS="1811" HPOS="614"/>
                  <String HEIGHT="48"
                          WIDTH="186"
                          VPOS="1811"
                          HPOS="571"
                          CONTENT="sensitiue"/>
                  <SP HEIGHT="48" WIDTH="14" VPOS="1811" HPOS="757"/>
                  <String HEIGHT="48"
                          WIDTH="200"
                          VPOS="1811"
                          HPOS="714"
                          CONTENT="perficiens"/>
                  <SP HEIGHT="48" WIDTH="14" VPOS="1811" HPOS="914"/>
                  <String HEIGHT="48"
                          WIDTH="86"
                          VPOS="1811"
                          HPOS="857"
                          CONTENT="orga"/>
               </TextLine>
               <TextLine ID="r2l39"
                         BASELINE="1905"
                         HEIGHT="51"
                         WIDTH="718"
                         VPOS="1854"
                         HPOS="228">
                  <String HEIGHT="51"
                          WIDTH="114"
                          VPOS="1854"
                          HPOS="212"
                          CONTENT="num"/>
                  <SP HEIGHT="51" WIDTH="16" VPOS="1854" HPOS="326"/>
                  <String HEIGHT="51"
                          WIDTH="147"
                          VPOS="1854"
                          HPOS="277"
                          CONTENT="visus"/>
                  <SP HEIGHT="51" WIDTH="16" VPOS="1854" HPOS="424"/>
                  <String HEIGHT="51"
                          WIDTH="114"
                          VPOS="1854"
                          HPOS="375"
                          CONTENT="est"/>
                  <SP HEIGHT="51" WIDTH="16" VPOS="1854" HPOS="489"/>
                  <String HEIGHT="51"
                          WIDTH="196"
                          VPOS="1854"
                          HPOS="440"
                          CONTENT="potentia"/>
                  <SP HEIGHT="51" WIDTH="16" VPOS="1854" HPOS="636"/>
                  <String HEIGHT="51"
                          WIDTH="163"
                          VPOS="1854"
                          HPOS="587"
                          CONTENT="visiua"/>
                  <SP HEIGHT="51" WIDTH="16" VPOS="1854" HPOS="750"/>
                  <String HEIGHT="51"
                          WIDTH="147"
                          VPOS="1854"
                          HPOS="701"
                          CONTENT="eodem"/>
                  <SP HEIGHT="51" WIDTH="16" VPOS="1854" HPOS="848"/>
                  <String HEIGHT="51"
                          WIDTH="131"
                          VPOS="1854"
                          HPOS="799"
                          CONTENT="modo"/>
                  <SP HEIGHT="51" WIDTH="16" VPOS="1854" HPOS="930"/>
                  <String HEIGHT="51" WIDTH="82" VPOS="1854" HPOS="864" CONTENT="quo"/>
               </TextLine>
               <TextLine ID="r2l40"
                         BASELINE="1951"
                         HEIGHT="54"
                         WIDTH="715"
                         VPOS="1897"
                         HPOS="229">
                  <String HEIGHT="54"
                          WIDTH="122"
                          VPOS="1897"
                          HPOS="214"
                          CONTENT="nunc"/>
                  <SP HEIGHT="54" WIDTH="15" VPOS="1897" HPOS="335"/>
                  <String HEIGHT="54"
                          WIDTH="183"
                          VPOS="1897"
                          HPOS="290"
                          CONTENT="loquimur"/>
                  <SP HEIGHT="54" WIDTH="15" VPOS="1897" HPOS="472"/>
                  <String HEIGHT="54" WIDTH="91" VPOS="1897" HPOS="427" CONTENT="de"/>
                  <SP HEIGHT="54" WIDTH="15" VPOS="1897" HPOS="518"/>
                  <String HEIGHT="54"
                          WIDTH="183"
                          VPOS="1897"
                          HPOS="472"
                          CONTENT="potentia"/>
                  <SP HEIGHT="54" WIDTH="15" VPOS="1897" HPOS="655"/>
                  <String HEIGHT="54" WIDTH="91" VPOS="1897" HPOS="609" CONTENT="et"/>
                  <SP HEIGHT="54" WIDTH="15" VPOS="1897" HPOS="701"/>
                  <String HEIGHT="54"
                          WIDTH="122"
                          VPOS="1897"
                          HPOS="655"
                          CONTENT="alia"/>
                  <SP HEIGHT="54" WIDTH="15" VPOS="1897" HPOS="777"/>
                  <String HEIGHT="54"
                          WIDTH="122"
                          VPOS="1897"
                          HPOS="731"
                          CONTENT="pars"/>
                  <SP HEIGHT="54" WIDTH="15" VPOS="1897" HPOS="853"/>
                  <String HEIGHT="54"
                          WIDTH="152"
                          VPOS="1897"
                          HPOS="792"
                          CONTENT="eiusdem"
                          SUBS_TYPE="HypPart1"
                          SUBS_CONTENT="eiusdemrationis"/>
                  <HYP CONTENT="-"/>
               </TextLine>
               <TextLine ID="r2l41"
                         BASELINE="1995"
                         HEIGHT="46"
                         WIDTH="715"
                         VPOS="1949"
                         HPOS="232">
                  <String HEIGHT="46"
                          WIDTH="191"
                          VPOS="1949"
                          HPOS="216"
                          CONTENT="rationis"
                          SUBS_TYPE="HypPart2"
                          SUBS_CONTENT="eiusdemrationis"/>
                  <SP HEIGHT="46" WIDTH="16" VPOS="1949" HPOS="407"/>
                  <String HEIGHT="46"
                          WIDTH="222"
                          VPOS="1949"
                          HPOS="359"
                          CONTENT="perficiens"/>
                  <SP HEIGHT="46" WIDTH="16" VPOS="1949" HPOS="582"/>
                  <String HEIGHT="46"
                          WIDTH="175"
                          VPOS="1949"
                          HPOS="534"
                          CONTENT="organum"/>
                  <SP HEIGHT="46" WIDTH="16" VPOS="1949" HPOS="709"/>
                  <String HEIGHT="46"
                          WIDTH="175"
                          VPOS="1949"
                          HPOS="661"
                          CONTENT="auditus"/>
                  <SP HEIGHT="46" WIDTH="16" VPOS="1949" HPOS="836"/>
                  <String HEIGHT="46"
                          WIDTH="111"
                          VPOS="1949"
                          HPOS="788"
                          CONTENT="est"/>
                  <SP HEIGHT="46" WIDTH="16" VPOS="1949" HPOS="899"/>
                  <String HEIGHT="46"
                          WIDTH="111"
                          VPOS="1949"
                          HPOS="836"
                          CONTENT="poten"/>
               </TextLine>
               <TextLine ID="r2l42"
                         BASELINE="2037"
                         HEIGHT="47"
                         WIDTH="714"
                         VPOS="1990"
                         HPOS="226">
                  <String HEIGHT="47"
                          WIDTH="102"
                          VPOS="1990"
                          HPOS="211"
                          CONTENT="tia"/>
                  <SP HEIGHT="47" WIDTH="15" VPOS="1990" HPOS="313"/>
                  <String HEIGHT="47"
                          WIDTH="189"
                          VPOS="1990"
                          HPOS="270"
                          CONTENT="auditiua:"/>
                  <SP HEIGHT="47" WIDTH="15" VPOS="1990" HPOS="459"/>
                  <String HEIGHT="47" WIDTH="87" VPOS="1990" HPOS="415" CONTENT="et"/>
                  <SP HEIGHT="47" WIDTH="15" VPOS="1990" HPOS="503"/>
                  <String HEIGHT="47"
                          WIDTH="102"
                          VPOS="1990"
                          HPOS="459"
                          CONTENT="sic"/>
                  <SP HEIGHT="47" WIDTH="15" VPOS="1990" HPOS="561"/>
                  <String HEIGHT="47"
                          WIDTH="189"
                          VPOS="1990"
                          HPOS="517"
                          CONTENT="deinceps."/>
                  <SP HEIGHT="47" WIDTH="15" VPOS="1990" HPOS="707"/>
                  <String HEIGHT="47" WIDTH="87" VPOS="1990" HPOS="663" CONTENT="et"/>
                  <SP HEIGHT="47" WIDTH="15" VPOS="1990" HPOS="751"/>
                  <String HEIGHT="47"
                          WIDTH="117"
                          VPOS="1990"
                          HPOS="707"
                          CONTENT="ideo"/>
                  <SP HEIGHT="47" WIDTH="15" VPOS="1990" HPOS="823"/>
                  <String HEIGHT="47"
                          WIDTH="102"
                          VPOS="1990"
                          HPOS="780"
                          CONTENT="non"/>
                  <SP HEIGHT="47" WIDTH="15" VPOS="1990" HPOS="882"/>
                  <String HEIGHT="47"
                          WIDTH="117"
                          VPOS="1990"
                          HPOS="823"
                          CONTENT="obstan"/>
               </TextLine>
               <TextLine ID="r2l43"
                         BASELINE="2084"
                         HEIGHT="54"
                         WIDTH="709"
                         VPOS="2030"
                         HPOS="237">
                  <String HEIGHT="54" WIDTH="80" VPOS="2030" HPOS="224" CONTENT="te"/>
                  <SP HEIGHT="54" WIDTH="13" VPOS="2030" HPOS="304"/>
                  <String HEIGHT="54"
                          WIDTH="107"
                          VPOS="2030"
                          HPOS="264"
                          CONTENT="quod"/>
                  <SP HEIGHT="54" WIDTH="13" VPOS="2030" HPOS="371"/>
                  <String HEIGHT="54" WIDTH="80" VPOS="2030" HPOS="331" CONTENT="in"/>
                  <SP HEIGHT="54" WIDTH="13" VPOS="2030" HPOS="411"/>
                  <String HEIGHT="54" WIDTH="94" VPOS="2030" HPOS="371" CONTENT="vno"/>
                  <SP HEIGHT="54" WIDTH="13" VPOS="2030" HPOS="464"/>
                  <String HEIGHT="54"
                          WIDTH="147"
                          VPOS="2030"
                          HPOS="424"
                          CONTENT="animali"/>
                  <SP HEIGHT="54" WIDTH="13" VPOS="2030" HPOS="571"/>
                  <String HEIGHT="54" WIDTH="94" VPOS="2030" HPOS="531" CONTENT="sit"/>
                  <SP HEIGHT="54" WIDTH="13" VPOS="2030" HPOS="625"/>
                  <String HEIGHT="54"
                          WIDTH="134"
                          VPOS="2030"
                          HPOS="585"
                          CONTENT="tantum"/>
                  <SP HEIGHT="54" WIDTH="13" VPOS="2030" HPOS="719"/>
                  <String HEIGHT="54" WIDTH="94" VPOS="2030" HPOS="678" CONTENT="vna"/>
                  <SP HEIGHT="54" WIDTH="13" VPOS="2030" HPOS="772"/>
                  <String HEIGHT="54"
                          WIDTH="120"
                          VPOS="2030"
                          HPOS="732"
                          CONTENT="forma"/>
                  <SP HEIGHT="54" WIDTH="13" VPOS="2030" HPOS="852"/>
                  <String HEIGHT="54"
                          WIDTH="147"
                          VPOS="2030"
                          HPOS="799"
                          CONTENT="sensitiua"/>
               </TextLine>
               <TextLine ID="r2l44"
                         BASELINE="2130"
                         HEIGHT="50"
                         WIDTH="703"
                         VPOS="2080"
                         HPOS="234">
                  <String HEIGHT="50"
                          WIDTH="129"
                          VPOS="2080"
                          HPOS="220"
                          CONTENT="tamen"/>
                  <SP HEIGHT="50" WIDTH="14" VPOS="2080" HPOS="349"/>
                  <String HEIGHT="50"
                          WIDTH="100"
                          VPOS="2080"
                          HPOS="306"
                          CONTENT="cum"/>
                  <SP HEIGHT="50" WIDTH="14" VPOS="2080" HPOS="406"/>
                  <String HEIGHT="50"
                          WIDTH="100"
                          VPOS="2080"
                          HPOS="363"
                          CONTENT="hoc"/>
                  <SP HEIGHT="50" WIDTH="14" VPOS="2080" HPOS="464"/>
                  <String HEIGHT="50"
                          WIDTH="115"
                          VPOS="2080"
                          HPOS="421"
                          CONTENT="stat"/>
                  <SP HEIGHT="50" WIDTH="14" VPOS="2080" HPOS="535"/>
                  <String HEIGHT="50"
                          WIDTH="115"
                          VPOS="2080"
                          HPOS="492"
                          CONTENT="quod"/>
                  <SP HEIGHT="50" WIDTH="14" VPOS="2080" HPOS="607"/>
                  <String HEIGHT="50"
                          WIDTH="172"
                          VPOS="2080"
                          HPOS="564"
                          CONTENT="potentie"/>
                  <SP HEIGHT="50" WIDTH="14" VPOS="2080" HPOS="736"/>
                  <String HEIGHT="50"
                          WIDTH="187"
                          VPOS="2080"
                          HPOS="693"
                          CONTENT="sensitiue"/>
                  <SP HEIGHT="50" WIDTH="14" VPOS="2080" HPOS="880"/>
                  <String HEIGHT="50"
                          WIDTH="115"
                          VPOS="2080"
                          HPOS="822"
                          CONTENT="aliquo"/>
               </TextLine>
               <TextLine ID="r2l45"
                         BASELINE="2168"
                         HEIGHT="46"
                         WIDTH="715"
                         VPOS="2122"
                         HPOS="229">
                  <String HEIGHT="46"
                          WIDTH="127"
                          VPOS="2122"
                          HPOS="213"
                          CONTENT="modo"/>
                  <SP HEIGHT="46" WIDTH="16" VPOS="2122" HPOS="340"/>
                  <String HEIGHT="46"
                          WIDTH="254"
                          VPOS="2122"
                          HPOS="293"
                          CONTENT="distinguntur"/>
                  <SP HEIGHT="46" WIDTH="16" VPOS="2122" HPOS="547"/>
                  <String HEIGHT="46"
                          WIDTH="207"
                          VPOS="2122"
                          HPOS="499"
                          CONTENT="abinuicem"/>
                  <SP HEIGHT="46" WIDTH="16" VPOS="2122" HPOS="706"/>
                  <String HEIGHT="46"
                          WIDTH="143"
                          VPOS="2122"
                          HPOS="658"
                          CONTENT="sicut"/>
                  <SP HEIGHT="46" WIDTH="16" VPOS="2122" HPOS="801"/>
                  <String HEIGHT="46"
                          WIDTH="159"
                          VPOS="2122"
                          HPOS="753"
                          CONTENT="partes"/>
                  <SP HEIGHT="46" WIDTH="16" VPOS="2122" HPOS="912"/>
                  <String HEIGHT="46"
                          WIDTH="95"
                          VPOS="2122"
                          HPOS="849"
                          CONTENT="eius"/>
               </TextLine>
               <TextLine ID="r2l46"
                         BASELINE="2212"
                         HEIGHT="50"
                         WIDTH="712"
                         VPOS="2162"
                         HPOS="240">
                  <String HEIGHT="50"
                          WIDTH="108"
                          VPOS="2162"
                          HPOS="225"
                          CONTENT="dem"/>
                  <SP HEIGHT="50" WIDTH="15" VPOS="2162" HPOS="333"/>
                  <String HEIGHT="50"
                          WIDTH="139"
                          VPOS="2162"
                          HPOS="286"
                          CONTENT="forme"/>
                  <SP HEIGHT="50" WIDTH="15" VPOS="2162" HPOS="426"/>
                  <String HEIGHT="50"
                          WIDTH="108"
                          VPOS="2162"
                          HPOS="379"
                          CONTENT="que"/>
                  <SP HEIGHT="50" WIDTH="15" VPOS="2162" HPOS="488"/>
                  <String HEIGHT="50"
                          WIDTH="124"
                          VPOS="2162"
                          HPOS="441"
                          CONTENT="sunt"/>
                  <SP HEIGHT="50" WIDTH="15" VPOS="2162" HPOS="565"/>
                  <String HEIGHT="50"
                          WIDTH="155"
                          VPOS="2162"
                          HPOS="519"
                          CONTENT="partes"/>
                  <SP HEIGHT="50" WIDTH="15" VPOS="2162" HPOS="673"/>
                  <String HEIGHT="50"
                          WIDTH="170"
                          VPOS="2162"
                          HPOS="627"
                          CONTENT="eiusdem"/>
                  <SP HEIGHT="50" WIDTH="15" VPOS="2162" HPOS="797"/>
                  <String HEIGHT="50"
                          WIDTH="201"
                          VPOS="2162"
                          HPOS="751"
                          CONTENT="rationis:"/>
                  <SP HEIGHT="50" WIDTH="15" VPOS="2162" HPOS="952"/>
                  <String HEIGHT="50" WIDTH="62" VPOS="2162" HPOS="890" CONTENT="et"/>
               </TextLine>
               <TextLine ID="r2l47"
                         BASELINE="2255"
                         HEIGHT="48"
                         WIDTH="715"
                         VPOS="2207"
                         HPOS="237">
                  <String HEIGHT="48"
                          WIDTH="110"
                          VPOS="2207"
                          HPOS="223"
                          CONTENT="ista"/>
                  <SP HEIGHT="48" WIDTH="14" VPOS="2207" HPOS="333"/>
                  <String HEIGHT="48"
                          WIDTH="193"
                          VPOS="2207"
                          HPOS="292"
                          CONTENT="distinctio"/>
                  <SP HEIGHT="48" WIDTH="14" VPOS="2207" HPOS="485"/>
                  <String HEIGHT="48" WIDTH="96" VPOS="2207" HPOS="443" CONTENT="est"/>
                  <SP HEIGHT="48" WIDTH="14" VPOS="2207" HPOS="540"/>
                  <String HEIGHT="48"
                          WIDTH="151"
                          VPOS="2207"
                          HPOS="498"
                          CONTENT="realis:"/>
                  <SP HEIGHT="48" WIDTH="14" VPOS="2207" HPOS="650"/>
                  <String HEIGHT="48"
                          WIDTH="110"
                          VPOS="2207"
                          HPOS="608"
                          CONTENT="quia"/>
                  <SP HEIGHT="48" WIDTH="14" VPOS="2207" HPOS="718"/>
                  <String HEIGHT="48"
                          WIDTH="138"
                          VPOS="2207"
                          HPOS="677"
                          CONTENT="potest"/>
                  <SP HEIGHT="48" WIDTH="14" VPOS="2207" HPOS="815"/>
                  <String HEIGHT="48" WIDTH="96" VPOS="2207" HPOS="773" CONTENT="vna"/>
                  <SP HEIGHT="48" WIDTH="14" VPOS="2207" HPOS="870"/>
                  <String HEIGHT="48"
                          WIDTH="110"
                          VPOS="2207"
                          HPOS="828"
                          CONTENT="pars"/>
                  <SP HEIGHT="48" WIDTH="14" VPOS="2207" HPOS="938"/>
                  <String HEIGHT="48" WIDTH="69" VPOS="2207" HPOS="883" CONTENT="for"/>
               </TextLine>
               <TextLine ID="r2l48"
                         BASELINE="2301"
                         HEIGHT="45"
                         WIDTH="709"
                         VPOS="2256"
                         HPOS="232">
                  <String HEIGHT="45" WIDTH="87" VPOS="2256" HPOS="218" CONTENT="me"/>
                  <SP HEIGHT="45" WIDTH="14" VPOS="2256" HPOS="304"/>
                  <String HEIGHT="45"
                          WIDTH="145"
                          VPOS="2256"
                          HPOS="261"
                          CONTENT="manere"/>
                  <SP HEIGHT="45" WIDTH="14" VPOS="2256" HPOS="406"/>
                  <String HEIGHT="45"
                          WIDTH="116"
                          VPOS="2256"
                          HPOS="362"
                          CONTENT="quae"/>
                  <SP HEIGHT="45" WIDTH="14" VPOS="2256" HPOS="478"/>
                  <String HEIGHT="45"
                          WIDTH="159"
                          VPOS="2256"
                          HPOS="435"
                          CONTENT="dicitur"/>
                  <SP HEIGHT="45" WIDTH="14" VPOS="2256" HPOS="594"/>
                  <String HEIGHT="45"
                          WIDTH="101"
                          VPOS="2256"
                          HPOS="550"
                          CONTENT="vna"/>
                  <SP HEIGHT="45" WIDTH="14" VPOS="2256" HPOS="652"/>
                  <String HEIGHT="45"
                          WIDTH="188"
                          VPOS="2256"
                          HPOS="608"
                          CONTENT="potentia:"/>
                  <SP HEIGHT="45" WIDTH="14" VPOS="2256" HPOS="796"/>
                  <String HEIGHT="45" WIDTH="87" VPOS="2256" HPOS="753" CONTENT="et"/>
                  <SP HEIGHT="45" WIDTH="14" VPOS="2256" HPOS="840"/>
                  <String HEIGHT="45"
                          WIDTH="116"
                          VPOS="2256"
                          HPOS="796"
                          CONTENT="alia"/>
                  <SP HEIGHT="45" WIDTH="14" VPOS="2256" HPOS="912"/>
                  <String HEIGHT="45"
                          WIDTH="87"
                          VPOS="2256"
                          HPOS="854"
                          CONTENT="pars"/>
               </TextLine>
               <TextLine ID="r2l49"
                         BASELINE="2345"
                         HEIGHT="44"
                         WIDTH="697"
                         VPOS="2301"
                         HPOS="246">
                  <String HEIGHT="44"
                          WIDTH="188"
                          VPOS="2301"
                          HPOS="233"
                          CONTENT="contaliter"/>
                  <SP HEIGHT="44" WIDTH="13" VPOS="2301" HPOS="420"/>
                  <String HEIGHT="44"
                          WIDTH="147"
                          VPOS="2301"
                          HPOS="380"
                          CONTENT="destrui"/>
                  <SP HEIGHT="44" WIDTH="13" VPOS="2301" HPOS="527"/>
                  <String HEIGHT="44"
                          WIDTH="107"
                          VPOS="2301"
                          HPOS="487"
                          CONTENT="quae"/>
                  <SP HEIGHT="44" WIDTH="13" VPOS="2301" HPOS="595"/>
                  <String HEIGHT="44"
                          WIDTH="147"
                          VPOS="2301"
                          HPOS="554"
                          CONTENT="dicitur"/>
                  <SP HEIGHT="44" WIDTH="13" VPOS="2301" HPOS="702"/>
                  <String HEIGHT="44"
                          WIDTH="107"
                          VPOS="2301"
                          HPOS="662"
                          CONTENT="alia"/>
                  <SP HEIGHT="44" WIDTH="13" VPOS="2301" HPOS="769"/>
                  <String HEIGHT="44"
                          WIDTH="174"
                          VPOS="2301"
                          HPOS="729"
                          CONTENT="potentia:"/>
                  <SP HEIGHT="44" WIDTH="13" VPOS="2301" HPOS="903"/>
                  <String HEIGHT="44"
                          WIDTH="94"
                          VPOS="2301"
                          HPOS="849"
                          CONTENT="sicut"/>
               </TextLine>
               <TextLine ID="r2l50"
                         BASELINE="2385"
                         HEIGHT="45"
                         WIDTH="706"
                         VPOS="2340"
                         HPOS="237">
                  <String HEIGHT="45" WIDTH="86" VPOS="2340" HPOS="223" CONTENT="si"/>
                  <SP HEIGHT="45" WIDTH="14" VPOS="2340" HPOS="309"/>
                  <String HEIGHT="45"
                          WIDTH="158"
                          VPOS="2340"
                          HPOS="266"
                          CONTENT="aliquis"/>
                  <SP HEIGHT="45" WIDTH="14" VPOS="2340" HPOS="424"/>
                  <String HEIGHT="45"
                          WIDTH="130"
                          VPOS="2340"
                          HPOS="381"
                          CONTENT="eruat"/>
                  <SP HEIGHT="45" WIDTH="14" VPOS="2340" HPOS="511"/>
                  <String HEIGHT="45"
                          WIDTH="158"
                          VPOS="2340"
                          HPOS="468"
                          CONTENT="oculos:"/>
                  <SP HEIGHT="45" WIDTH="14" VPOS="2340" HPOS="626"/>
                  <String HEIGHT="45"
                          WIDTH="115"
                          VPOS="2340"
                          HPOS="583"
                          CONTENT="tunc"/>
                  <SP HEIGHT="45" WIDTH="14" VPOS="2340" HPOS="698"/>
                  <String HEIGHT="45"
                          WIDTH="115"
                          VPOS="2340"
                          HPOS="655"
                          CONTENT="illa"/>
                  <SP HEIGHT="45" WIDTH="14" VPOS="2340" HPOS="770"/>
                  <String HEIGHT="45"
                          WIDTH="115"
                          VPOS="2340"
                          HPOS="727"
                          CONTENT="pars"/>
                  <SP HEIGHT="45" WIDTH="14" VPOS="2340" HPOS="842"/>
                  <String HEIGHT="45"
                          WIDTH="158"
                          VPOS="2340"
                          HPOS="785"
                          CONTENT="sensitiue"/>
               </TextLine>
               <TextLine ID="r2l51"
                         BASELINE="2430"
                         HEIGHT="49"
                         WIDTH="702"
                         VPOS="2381"
                         HPOS="235">
                  <String HEIGHT="49"
                          WIDTH="112"
                          VPOS="2381"
                          HPOS="221"
                          CONTENT="quae"/>
                  <SP HEIGHT="49" WIDTH="14" VPOS="2381" HPOS="333"/>
                  <String HEIGHT="49"
                          WIDTH="211"
                          VPOS="2381"
                          HPOS="291"
                          CONTENT="perficiebat"/>
                  <SP HEIGHT="49" WIDTH="14" VPOS="2381" HPOS="502"/>
                  <String HEIGHT="49"
                          WIDTH="168"
                          VPOS="2381"
                          HPOS="460"
                          CONTENT="pupillam"/>
                  <SP HEIGHT="49" WIDTH="14" VPOS="2381" HPOS="628"/>
                  <String HEIGHT="49"
                          WIDTH="126"
                          VPOS="2381"
                          HPOS="586"
                          CONTENT="oculi"/>
                  <SP HEIGHT="49" WIDTH="14" VPOS="2381" HPOS="712"/>
                  <String HEIGHT="49"
                          WIDTH="211"
                          VPOS="2381"
                          HPOS="670"
                          CONTENT="corrumpitur"/>
                  <SP HEIGHT="49" WIDTH="14" VPOS="2381" HPOS="881"/>
                  <String HEIGHT="49" WIDTH="84" VPOS="2381" HPOS="839" CONTENT="et"/>
                  <SP HEIGHT="49" WIDTH="14" VPOS="2381" HPOS="923"/>
                  <String HEIGHT="49" WIDTH="84" VPOS="2381" HPOS="881" CONTENT="ad"/>
                  <SP HEIGHT="49" WIDTH="14" VPOS="2381" HPOS="965"/>
                  <String HEIGHT="49" WIDTH="28" VPOS="2381" HPOS="909" CONTENT=""/>
               </TextLine>
               <TextLine ID="r2l52"
                         BASELINE="2480"
                         HEIGHT="55"
                         WIDTH="701"
                         VPOS="2425"
                         HPOS="240">
                  <String HEIGHT="55"
                          WIDTH="100"
                          VPOS="2425"
                          HPOS="226"
                          CONTENT="huc"/>
                  <SP HEIGHT="55" WIDTH="14" VPOS="2425" HPOS="326"/>
                  <String HEIGHT="55"
                          WIDTH="157"
                          VPOS="2425"
                          HPOS="283"
                          CONTENT="remanet"/>
                  <SP HEIGHT="55" WIDTH="14" VPOS="2425" HPOS="440"/>
                  <String HEIGHT="55"
                          WIDTH="114"
                          VPOS="2425"
                          HPOS="397"
                          CONTENT="illa"/>
                  <SP HEIGHT="55" WIDTH="14" VPOS="2425" HPOS="512"/>
                  <String HEIGHT="55"
                          WIDTH="114"
                          VPOS="2425"
                          HPOS="469"
                          CONTENT="pars"/>
                  <SP HEIGHT="55" WIDTH="14" VPOS="2425" HPOS="583"/>
                  <String HEIGHT="55"
                          WIDTH="129"
                          VPOS="2425"
                          HPOS="540"
                          CONTENT="forme"/>
                  <SP HEIGHT="55" WIDTH="14" VPOS="2425" HPOS="669"/>
                  <String HEIGHT="55"
                          WIDTH="186"
                          VPOS="2425"
                          HPOS="626"
                          CONTENT="sensitiue"/>
                  <SP HEIGHT="55" WIDTH="14" VPOS="2425" HPOS="812"/>
                  <String HEIGHT="55"
                          WIDTH="114"
                          VPOS="2425"
                          HPOS="769"
                          CONTENT="quae"/>
                  <SP HEIGHT="55" WIDTH="14" VPOS="2425" HPOS="884"/>
                  <String HEIGHT="55"
                          WIDTH="114"
                          VPOS="2425"
                          HPOS="827"
                          CONTENT="perfi"
                          SUBS_TYPE="HypPart1"
                          SUBS_CONTENT="perficit"/>
                  <HYP CONTENT="-"/>
               </TextLine>
               <TextLine ID="r2l53"
                         BASELINE="2523"
                         HEIGHT="56"
                         WIDTH="708"
                         VPOS="2467"
                         HPOS="238">
                  <String HEIGHT="56"
                          WIDTH="103"
                          VPOS="2467"
                          HPOS="223"
                          CONTENT="cit"
                          SUBS_TYPE="HypPart2"
                          SUBS_CONTENT="perficit"/>
                  <SP HEIGHT="56" WIDTH="15" VPOS="2467" HPOS="327"/>
                  <String HEIGHT="56"
                          WIDTH="162"
                          VPOS="2467"
                          HPOS="282"
                          CONTENT="organum"/>
                  <SP HEIGHT="56" WIDTH="15" VPOS="2467" HPOS="445"/>
                  <String HEIGHT="56"
                          WIDTH="177"
                          VPOS="2467"
                          HPOS="400"
                          CONTENT="auditus."/>
                  <SP HEIGHT="56" WIDTH="15" VPOS="2467" HPOS="577"/>
                  <String HEIGHT="56" WIDTH="89" VPOS="2467" HPOS="533" CONTENT="et"/>
                  <SP HEIGHT="56" WIDTH="15" VPOS="2467" HPOS="622"/>
                  <String HEIGHT="56"
                          WIDTH="118"
                          VPOS="2467"
                          HPOS="577"
                          CONTENT="ideo"/>
                  <SP HEIGHT="56" WIDTH="15" VPOS="2467" HPOS="695"/>
                  <String HEIGHT="56"
                          WIDTH="133"
                          VPOS="2467"
                          HPOS="651"
                          CONTENT="inter"/>
                  <SP HEIGHT="56" WIDTH="15" VPOS="2467" HPOS="784"/>
                  <String HEIGHT="56"
                          WIDTH="192"
                          VPOS="2467"
                          HPOS="740"
                          CONTENT="potentias"/>
                  <SP HEIGHT="56" WIDTH="15" VPOS="2467" HPOS="931"/>
                  <String HEIGHT="56" WIDTH="74" VPOS="2467" HPOS="872" CONTENT="est"/>
               </TextLine>
               <TextLine ID="r2l54"
                         BASELINE="2564"
                         HEIGHT="47"
                         WIDTH="705"
                         VPOS="2517"
                         HPOS="236">
                  <String HEIGHT="47"
                          WIDTH="210"
                          VPOS="2517"
                          HPOS="221"
                          CONTENT="distinctio"/>
                  <SP HEIGHT="47" WIDTH="15" VPOS="2517" HPOS="431"/>
                  <String HEIGHT="47"
                          WIDTH="150"
                          VPOS="2517"
                          HPOS="386"
                          CONTENT="realis"/>
                  <SP HEIGHT="47" WIDTH="15" VPOS="2517" HPOS="536"/>
                  <String HEIGHT="47"
                          WIDTH="135"
                          VPOS="2517"
                          HPOS="491"
                          CONTENT="talis"/>
                  <SP HEIGHT="47" WIDTH="15" VPOS="2517" HPOS="626"/>
                  <String HEIGHT="47"
                          WIDTH="150"
                          VPOS="2517"
                          HPOS="581"
                          CONTENT="qualis"/>
                  <SP HEIGHT="47" WIDTH="15" VPOS="2517" HPOS="731"/>
                  <String HEIGHT="47"
                          WIDTH="105"
                          VPOS="2517"
                          HPOS="686"
                          CONTENT="est"/>
                  <SP HEIGHT="47" WIDTH="15" VPOS="2517" HPOS="791"/>
                  <String HEIGHT="47"
                          WIDTH="135"
                          VPOS="2517"
                          HPOS="746"
                          CONTENT="inter"/>
                  <SP HEIGHT="47" WIDTH="15" VPOS="2517" HPOS="881"/>
                  <String HEIGHT="47"
                          WIDTH="120"
                          VPOS="2517"
                          HPOS="821"
                          CONTENT="partes"/>
               </TextLine>
               <TextLine ID="r2l55"
                         BASELINE="2618"
                         HEIGHT="57"
                         WIDTH="713"
                         VPOS="2561"
                         HPOS="227">
                  <String HEIGHT="57"
                          WIDTH="160"
                          VPOS="2561"
                          HPOS="212"
                          CONTENT="eiusdem"/>
                  <SP HEIGHT="57" WIDTH="15" VPOS="2561" HPOS="373"/>
                  <String HEIGHT="57"
                          WIDTH="131"
                          VPOS="2561"
                          HPOS="329"
                          CONTENT="forme"/>
                  <SP HEIGHT="57" WIDTH="15" VPOS="2561" HPOS="460"/>
                  <String HEIGHT="57"
                          WIDTH="116"
                          VPOS="2561"
                          HPOS="416"
                          CONTENT="quae"/>
                  <SP HEIGHT="57" WIDTH="15" VPOS="2561" HPOS="533"/>
                  <String HEIGHT="57"
                          WIDTH="160"
                          VPOS="2561"
                          HPOS="489"
                          CONTENT="faciunt"/>
                  <SP HEIGHT="57" WIDTH="15" VPOS="2561" HPOS="649"/>
                  <String HEIGHT="57"
                          WIDTH="102"
                          VPOS="2561"
                          HPOS="605"
                          CONTENT="per"/>
                  <SP HEIGHT="57" WIDTH="15" VPOS="2561" HPOS="707"/>
                  <String HEIGHT="57" WIDTH="87" VPOS="2561" HPOS="664" CONTENT="se"/>
                  <SP HEIGHT="57" WIDTH="15" VPOS="2561" HPOS="751"/>
                  <String HEIGHT="57"
                          WIDTH="116"
                          VPOS="2561"
                          HPOS="707"
                          CONTENT="vnam"/>
                  <SP HEIGHT="57" WIDTH="15" VPOS="2561" HPOS="824"/>
                  <String HEIGHT="57"
                          WIDTH="146"
                          VPOS="2561"
                          HPOS="780"
                          CONTENT="formam"/>
                  <SP HEIGHT="57" WIDTH="15" VPOS="2561" HPOS="925"/>
                  <String HEIGHT="57" WIDTH="73" VPOS="2561" HPOS="867" CONTENT="quo"/>
               </TextLine>
               <TextLine ID="r2l56"
                         BASELINE="2666"
                         HEIGHT="54"
                         WIDTH="730"
                         VPOS="2612"
                         HPOS="229">
                  <String HEIGHT="54"
                          WIDTH="136"
                          VPOS="2612"
                          HPOS="212"
                          CONTENT="modo"/>
                  <SP HEIGHT="54" WIDTH="17" VPOS="2612" HPOS="348"/>
                  <String HEIGHT="54"
                          WIDTH="170"
                          VPOS="2612"
                          HPOS="297"
                          CONTENT="partes"/>
                  <SP HEIGHT="54" WIDTH="17" VPOS="2612" HPOS="467"/>
                  <String HEIGHT="54"
                          WIDTH="221"
                          VPOS="2612"
                          HPOS="416"
                          CONTENT="albedinis"/>
                  <SP HEIGHT="54" WIDTH="17" VPOS="2612" HPOS="636"/>
                  <String HEIGHT="54" WIDTH="102" VPOS="2612" HPOS="586" CONTENT="in"/>
                  <SP HEIGHT="54" WIDTH="17" VPOS="2612" HPOS="687"/>
                  <String HEIGHT="54"
                          WIDTH="119"
                          VPOS="2612"
                          HPOS="636"
                          CONTENT="vna"/>
                  <SP HEIGHT="54" WIDTH="17" VPOS="2612" HPOS="755"/>
                  <String HEIGHT="54"
                          WIDTH="153"
                          VPOS="2612"
                          HPOS="704"
                          CONTENT="parte"/>
                  <SP HEIGHT="54" WIDTH="17" VPOS="2612" HPOS="857"/>
                  <String HEIGHT="54"
                          WIDTH="170"
                          VPOS="2612"
                          HPOS="789"
                          CONTENT="superfi"/>
               </TextLine>
            </TextBlock>
            <TextBlock ID="r3" HEIGHT="2489" WIDTH="723" VPOS="164" HPOS="1053">
               <Shape>
                  <Polygon POINTS="1053,164 1053,2653 1776,2653 1776,164"/>
               </Shape>
               <TextLine ID="r3l2"
                         BASELINE="279"
                         HEIGHT="63"
                         WIDTH="709"
                         VPOS="216"
                         HPOS="1063">
                  <String HEIGHT="63"
                          WIDTH="123"
                          VPOS="216"
                          HPOS="1048"
                          CONTENT="ciei"/>
                  <SP HEIGHT="63" WIDTH="15" VPOS="216" HPOS="1171"/>
                  <String HEIGHT="63"
                          WIDTH="247"
                          VPOS="216"
                          HPOS="1125"
                          CONTENT="distinguitur"/>
                  <SP HEIGHT="63" WIDTH="15" VPOS="216" HPOS="1371"/>
                  <String HEIGHT="63" WIDTH="77" VPOS="216" HPOS="1325" CONTENT="a"/>
                  <SP HEIGHT="63" WIDTH="15" VPOS="216" HPOS="1402"/>
                  <String HEIGHT="63"
                          WIDTH="185"
                          VPOS="216"
                          HPOS="1356"
                          CONTENT="partibus"/>
                  <SP HEIGHT="63" WIDTH="15" VPOS="216" HPOS="1541"/>
                  <String HEIGHT="63"
                          WIDTH="123"
                          VPOS="216"
                          HPOS="1495"
                          CONTENT="eius"/>
                  <SP HEIGHT="63" WIDTH="15" VPOS="216" HPOS="1618"/>
                  <String HEIGHT="63"
                          WIDTH="200"
                          VPOS="216"
                          HPOS="1572"
                          CONTENT="albedinis"/>
                  <SP HEIGHT="63" WIDTH="15" VPOS="216" HPOS="1772"/>
                  <String HEIGHT="63" WIDTH="62" VPOS="216" HPOS="1710" CONTENT="in"/>
               </TextLine>
               <TextLine ID="r3l3"
                         BASELINE="323"
                         HEIGHT="51"
                         WIDTH="717"
                         VPOS="272"
                         HPOS="1063">
                  <String HEIGHT="51"
                          WIDTH="125"
                          VPOS="272"
                          HPOS="1047"
                          CONTENT="alia"/>
                  <SP HEIGHT="51" WIDTH="16" VPOS="272" HPOS="1172"/>
                  <String HEIGHT="51"
                          WIDTH="140"
                          VPOS="272"
                          HPOS="1125"
                          CONTENT="parte"/>
                  <SP HEIGHT="51" WIDTH="16" VPOS="272" HPOS="1266"/>
                  <String HEIGHT="51"
                          WIDTH="171"
                          VPOS="272"
                          HPOS="1219"
                          CONTENT="eiusdem"/>
                  <SP HEIGHT="51" WIDTH="16" VPOS="272" HPOS="1390"/>
                  <String HEIGHT="51"
                          WIDTH="249"
                          VPOS="272"
                          HPOS="1344"
                          CONTENT="superficiei."/>
                  <SP HEIGHT="51" WIDTH="16" VPOS="272" HPOS="1593"/>
                  <String HEIGHT="51" WIDTH="94" VPOS="272" HPOS="1546" CONTENT="et"/>
                  <SP HEIGHT="51" WIDTH="16" VPOS="272" HPOS="1640"/>
                  <String HEIGHT="51"
                          WIDTH="109"
                          VPOS="272"
                          HPOS="1593"
                          CONTENT="hoc"/>
                  <SP HEIGHT="51" WIDTH="16" VPOS="272" HPOS="1702"/>
                  <String HEIGHT="51"
                          WIDTH="125"
                          VPOS="272"
                          HPOS="1655"
                          CONTENT="modo"/>
                  <SP HEIGHT="51" WIDTH="16" VPOS="272" HPOS="1780"/>
                  <String HEIGHT="51" WIDTH="62" VPOS="272" HPOS="1718" CONTENT="po"/>
               </TextLine>
               <TextLine ID="r3l4"
                         BASELINE="368"
                         HEIGHT="54"
                         WIDTH="715"
                         VPOS="314"
                         HPOS="1066">
                  <String HEIGHT="54"
                          WIDTH="112"
                          VPOS="314"
                          HPOS="1052"
                          CONTENT="test"/>
                  <SP HEIGHT="54" WIDTH="14" VPOS="314" HPOS="1164"/>
                  <String HEIGHT="54"
                          WIDTH="154"
                          VPOS="314"
                          HPOS="1122"
                          CONTENT="concedi"/>
                  <SP HEIGHT="54" WIDTH="14" VPOS="314" HPOS="1276"/>
                  <String HEIGHT="54"
                          WIDTH="112"
                          VPOS="314"
                          HPOS="1234"
                          CONTENT="quod"/>
                  <SP HEIGHT="54" WIDTH="14" VPOS="314" HPOS="1346"/>
                  <String HEIGHT="54"
                          WIDTH="112"
                          VPOS="314"
                          HPOS="1304"
                          CONTENT="sunt"/>
                  <SP HEIGHT="54" WIDTH="14" VPOS="314" HPOS="1416"/>
                  <String HEIGHT="54" WIDTH="84" VPOS="314" HPOS="1374" CONTENT="in"/>
                  <SP HEIGHT="54" WIDTH="14" VPOS="314" HPOS="1459"/>
                  <String HEIGHT="54"
                          WIDTH="140"
                          VPOS="314"
                          HPOS="1416"
                          CONTENT="homine"/>
                  <SP HEIGHT="54" WIDTH="14" VPOS="314" HPOS="1557"/>
                  <String HEIGHT="54"
                          WIDTH="182"
                          VPOS="314"
                          HPOS="1515"
                          CONTENT="distincte"/>
                  <SP HEIGHT="54" WIDTH="14" VPOS="314" HPOS="1697"/>
                  <String HEIGHT="54"
                          WIDTH="140"
                          VPOS="314"
                          HPOS="1641"
                          CONTENT="potentie"/>
               </TextLine>
               <TextLine ID="r3l5"
                         BASELINE="415"
                         HEIGHT="52"
                         WIDTH="719"
                         VPOS="363"
                         HPOS="1060">
                  <String HEIGHT="52"
                          WIDTH="144"
                          VPOS="363"
                          HPOS="1046"
                          CONTENT="visiue"/>
                  <SP HEIGHT="52" WIDTH="14" VPOS="363" HPOS="1189"/>
                  <String HEIGHT="52"
                          WIDTH="129"
                          VPOS="363"
                          HPOS="1146"
                          CONTENT="etiam"/>
                  <SP HEIGHT="52" WIDTH="14" VPOS="363" HPOS="1276"/>
                  <String HEIGHT="52"
                          WIDTH="187"
                          VPOS="363"
                          HPOS="1233"
                          CONTENT="realiter:"/>
                  <SP HEIGHT="52" WIDTH="14" VPOS="363" HPOS="1420"/>
                  <String HEIGHT="52"
                          WIDTH="115"
                          VPOS="363"
                          HPOS="1376"
                          CONTENT="quia"/>
                  <SP HEIGHT="52" WIDTH="14" VPOS="363" HPOS="1491"/>
                  <String HEIGHT="52"
                          WIDTH="101"
                          VPOS="363"
                          HPOS="1448"
                          CONTENT="vna"/>
                  <SP HEIGHT="52" WIDTH="14" VPOS="363" HPOS="1549"/>
                  <String HEIGHT="52"
                          WIDTH="115"
                          VPOS="363"
                          HPOS="1506"
                          CONTENT="pars"/>
                  <SP HEIGHT="52" WIDTH="14" VPOS="363" HPOS="1621"/>
                  <String HEIGHT="52"
                          WIDTH="173"
                          VPOS="363"
                          HPOS="1578"
                          CONTENT="perficit"/>
                  <SP HEIGHT="52" WIDTH="14" VPOS="363" HPOS="1750"/>
                  <String HEIGHT="52"
                          WIDTH="86"
                          VPOS="363"
                          HPOS="1693"
                          CONTENT="vnam"/>
               </TextLine>
               <TextLine ID="r3l6"
                         BASELINE="458"
                         HEIGHT="48"
                         WIDTH="707"
                         VPOS="410"
                         HPOS="1065">
                  <String HEIGHT="48"
                          WIDTH="160"
                          VPOS="410"
                          HPOS="1052"
                          CONTENT="pupillam"/>
                  <SP HEIGHT="48" WIDTH="13" VPOS="410" HPOS="1212"/>
                  <String HEIGHT="48" WIDTH="80" VPOS="410" HPOS="1172" CONTENT="et"/>
                  <SP HEIGHT="48" WIDTH="13" VPOS="410" HPOS="1252"/>
                  <String HEIGHT="48"
                          WIDTH="107"
                          VPOS="410"
                          HPOS="1212"
                          CONTENT="alia"/>
                  <SP HEIGHT="48" WIDTH="13" VPOS="410" HPOS="1318"/>
                  <String HEIGHT="48"
                          WIDTH="120"
                          VPOS="410"
                          HPOS="1278"
                          CONTENT="aliam"/>
                  <SP HEIGHT="48" WIDTH="13" VPOS="410" HPOS="1398"/>
                  <String HEIGHT="48"
                          WIDTH="173"
                          VPOS="410"
                          HPOS="1358"
                          CONTENT="pupillam."/>
                  <SP HEIGHT="48" WIDTH="13" VPOS="410" HPOS="1532"/>
                  <String HEIGHT="48" WIDTH="80" VPOS="410" HPOS="1492" CONTENT="et"/>
                  <SP HEIGHT="48" WIDTH="13" VPOS="410" HPOS="1572"/>
                  <String HEIGHT="48" WIDTH="93" VPOS="410" HPOS="1532" CONTENT="sic"/>
                  <SP HEIGHT="48" WIDTH="13" VPOS="410" HPOS="1625"/>
                  <String HEIGHT="48"
                          WIDTH="120"
                          VPOS="410"
                          HPOS="1585"
                          CONTENT="debet"/>
                  <SP HEIGHT="48" WIDTH="13" VPOS="410" HPOS="1705"/>
                  <String HEIGHT="48"
                          WIDTH="120"
                          VPOS="410"
                          HPOS="1652"
                          CONTENT="concedi"/>
               </TextLine>
               <TextLine ID="r3l7"
                         BASELINE="500"
                         HEIGHT="48"
                         WIDTH="712"
                         VPOS="452"
                         HPOS="1068">
                  <String HEIGHT="48"
                          WIDTH="114"
                          VPOS="452"
                          HPOS="1054"
                          CONTENT="quod"/>
                  <SP HEIGHT="48" WIDTH="14" VPOS="452" HPOS="1168"/>
                  <String HEIGHT="48"
                          WIDTH="100"
                          VPOS="452"
                          HPOS="1125"
                          CONTENT="est"/>
                  <SP HEIGHT="48" WIDTH="14" VPOS="452" HPOS="1225"/>
                  <String HEIGHT="48"
                          WIDTH="128"
                          VPOS="452"
                          HPOS="1182"
                          CONTENT="tanta"/>
                  <SP HEIGHT="48" WIDTH="14" VPOS="452" HPOS="1310"/>
                  <String HEIGHT="48"
                          WIDTH="199"
                          VPOS="452"
                          HPOS="1267"
                          CONTENT="distinctio"/>
                  <SP HEIGHT="48" WIDTH="14" VPOS="452" HPOS="1467"/>
                  <String HEIGHT="48"
                          WIDTH="142"
                          VPOS="452"
                          HPOS="1424"
                          CONTENT="realis"/>
                  <SP HEIGHT="48" WIDTH="14" VPOS="452" HPOS="1566"/>
                  <String HEIGHT="48"
                          WIDTH="128"
                          VPOS="452"
                          HPOS="1524"
                          CONTENT="inter"/>
                  <SP HEIGHT="48" WIDTH="14" VPOS="452" HPOS="1652"/>
                  <String HEIGHT="48"
                          WIDTH="114"
                          VPOS="452"
                          HPOS="1609"
                          CONTENT="vnam"/>
                  <SP HEIGHT="48" WIDTH="14" VPOS="452" HPOS="1723"/>
                  <String HEIGHT="48"
                          WIDTH="114"
                          VPOS="452"
                          HPOS="1666"
                          CONTENT="poten"
                          SUBS_TYPE="HypPart1"
                          SUBS_CONTENT="potentiam"/>
                  <HYP CONTENT="-"/>
               </TextLine>
               <TextLine ID="r3l8"
                         BASELINE="543"
                         HEIGHT="50"
                         WIDTH="715"
                         VPOS="493"
                         HPOS="1057">
                  <String HEIGHT="50"
                          WIDTH="102"
                          VPOS="493"
                          HPOS="1044"
                          CONTENT="tiam"
                          SUBS_TYPE="HypPart2"
                          SUBS_CONTENT="potentiam"/>
                  <SP HEIGHT="50" WIDTH="13" VPOS="493" HPOS="1146"/>
                  <String HEIGHT="50"
                          WIDTH="140"
                          VPOS="493"
                          HPOS="1108"
                          CONTENT="visiuam"/>
                  <SP HEIGHT="50" WIDTH="13" VPOS="493" HPOS="1249"/>
                  <String HEIGHT="50"
                          WIDTH="140"
                          VPOS="493"
                          HPOS="1210"
                          CONTENT="hominis"/>
                  <SP HEIGHT="50" WIDTH="13" VPOS="493" HPOS="1351"/>
                  <String HEIGHT="50" WIDTH="77" VPOS="493" HPOS="1312" CONTENT="et"/>
                  <SP HEIGHT="50" WIDTH="13" VPOS="493" HPOS="1389"/>
                  <String HEIGHT="50"
                          WIDTH="115"
                          VPOS="493"
                          HPOS="1351"
                          CONTENT="aliam"/>
                  <SP HEIGHT="50" WIDTH="13" VPOS="493" HPOS="1466"/>
                  <String HEIGHT="50"
                          WIDTH="128"
                          VPOS="493"
                          HPOS="1427"
                          CONTENT="quanta"/>
                  <SP HEIGHT="50" WIDTH="13" VPOS="493" HPOS="1555"/>
                  <String HEIGHT="50" WIDTH="89" VPOS="493" HPOS="1517" CONTENT="est"/>
                  <SP HEIGHT="50" WIDTH="13" VPOS="493" HPOS="1606"/>
                  <String HEIGHT="50"
                          WIDTH="115"
                          VPOS="493"
                          HPOS="1568"
                          CONTENT="inter"/>
                  <SP HEIGHT="50" WIDTH="13" VPOS="493" HPOS="1683"/>
                  <String HEIGHT="50"
                          WIDTH="140"
                          VPOS="493"
                          HPOS="1632"
                          CONTENT="potentiam"/>
               </TextLine>
               <TextLine ID="r3l9"
                         BASELINE="583"
                         HEIGHT="47"
                         WIDTH="693"
                         VPOS="536"
                         HPOS="1072">
                  <String HEIGHT="47"
                          WIDTH="149"
                          VPOS="536"
                          HPOS="1058"
                          CONTENT="visiuam"/>
                  <SP HEIGHT="47" WIDTH="14" VPOS="536" HPOS="1208"/>
                  <String HEIGHT="47" WIDTH="82" VPOS="536" HPOS="1167" CONTENT="et"/>
                  <SP HEIGHT="47" WIDTH="14" VPOS="536" HPOS="1249"/>
                  <String HEIGHT="47"
                          WIDTH="190"
                          VPOS="536"
                          HPOS="1208"
                          CONTENT="auditiuam:"/>
                  <SP HEIGHT="47" WIDTH="14" VPOS="536" HPOS="1398"/>
                  <String HEIGHT="47" WIDTH="95" VPOS="536" HPOS="1357" CONTENT="sed"/>
                  <SP HEIGHT="47" WIDTH="14" VPOS="536" HPOS="1452"/>
                  <String HEIGHT="47"
                          WIDTH="109"
                          VPOS="536"
                          HPOS="1412"
                          CONTENT="iste"/>
                  <SP HEIGHT="47" WIDTH="14" VPOS="536" HPOS="1520"/>
                  <String HEIGHT="47"
                          WIDTH="163"
                          VPOS="536"
                          HPOS="1480"
                          CONTENT="potentie"/>
                  <SP HEIGHT="47" WIDTH="14" VPOS="536" HPOS="1643"/>
                  <String HEIGHT="47" WIDTH="95" VPOS="536" HPOS="1602" CONTENT="non"/>
                  <SP HEIGHT="47" WIDTH="14" VPOS="536" HPOS="1697"/>
                  <String HEIGHT="47" WIDTH="95" VPOS="536" HPOS="1656" CONTENT="sic"/>
                  <SP HEIGHT="47" WIDTH="14" VPOS="536" HPOS="1751"/>
                  <String HEIGHT="47"
                          WIDTH="68"
                          VPOS="536"
                          HPOS="1697"
                          CONTENT="di"
                          SUBS_TYPE="HypPart1"
                          SUBS_CONTENT="distinguntur"/>
                  <HYP CONTENT="-"/>
               </TextLine>
               <TextLine ID="r3l10"
                         BASELINE="627"
                         HEIGHT="49"
                         WIDTH="709"
                         VPOS="578"
                         HPOS="1069">
                  <String HEIGHT="49"
                          WIDTH="211"
                          VPOS="578"
                          HPOS="1054"
                          CONTENT="stinguntur"
                          SUBS_TYPE="HypPart2"
                          SUBS_CONTENT="distinguntur"/>
                  <SP HEIGHT="49" WIDTH="15" VPOS="578" HPOS="1265"/>
                  <String HEIGHT="49"
                          WIDTH="196"
                          VPOS="578"
                          HPOS="1220"
                          CONTENT="abinuicem"/>
                  <SP HEIGHT="49" WIDTH="15" VPOS="578" HPOS="1416"/>
                  <String HEIGHT="49"
                          WIDTH="121"
                          VPOS="578"
                          HPOS="1371"
                          CONTENT="quod"/>
                  <SP HEIGHT="49" WIDTH="15" VPOS="578" HPOS="1491"/>
                  <String HEIGHT="49"
                          WIDTH="106"
                          VPOS="578"
                          HPOS="1446"
                          CONTENT="vna"/>
                  <SP HEIGHT="49" WIDTH="15" VPOS="578" HPOS="1552"/>
                  <String HEIGHT="49"
                          WIDTH="121"
                          VPOS="578"
                          HPOS="1506"
                          CONTENT="pars"/>
                  <SP HEIGHT="49" WIDTH="15" VPOS="578" HPOS="1627"/>
                  <String HEIGHT="49"
                          WIDTH="151"
                          VPOS="578"
                          HPOS="1582"
                          CONTENT="istius"/>
                  <SP HEIGHT="49" WIDTH="15" VPOS="578" HPOS="1733"/>
                  <String HEIGHT="49"
                          WIDTH="106"
                          VPOS="578"
                          HPOS="1672"
                          CONTENT="forme"/>
               </TextLine>
               <TextLine ID="r3l11"
                         BASELINE="677"
                         HEIGHT="51"
                         WIDTH="725"
                         VPOS="626"
                         HPOS="1051">
                  <String HEIGHT="51"
                          WIDTH="195"
                          VPOS="626"
                          HPOS="1037"
                          CONTENT="determinet"/>
                  <SP HEIGHT="51" WIDTH="14" VPOS="626" HPOS="1232"/>
                  <String HEIGHT="51"
                          WIDTH="112"
                          VPOS="626"
                          HPOS="1190"
                          CONTENT="sibi"/>
                  <SP HEIGHT="51" WIDTH="14" VPOS="626" HPOS="1302"/>
                  <String HEIGHT="51"
                          WIDTH="139"
                          VPOS="626"
                          HPOS="1260"
                          CONTENT="certam"/>
                  <SP HEIGHT="51" WIDTH="14" VPOS="626" HPOS="1400"/>
                  <String HEIGHT="51"
                          WIDTH="181"
                          VPOS="626"
                          HPOS="1358"
                          CONTENT="actionem:"/>
                  <SP HEIGHT="51" WIDTH="14" VPOS="626" HPOS="1539"/>
                  <String HEIGHT="51" WIDTH="98" VPOS="626" HPOS="1497" CONTENT="ita"/>
                  <SP HEIGHT="51" WIDTH="14" VPOS="626" HPOS="1595"/>
                  <String HEIGHT="51"
                          WIDTH="112"
                          VPOS="626"
                          HPOS="1553"
                          CONTENT="quod"/>
                  <SP HEIGHT="51" WIDTH="14" VPOS="626" HPOS="1664"/>
                  <String HEIGHT="51" WIDTH="98" VPOS="626" HPOS="1623" CONTENT="non"/>
                  <SP HEIGHT="51" WIDTH="14" VPOS="626" HPOS="1720"/>
                  <String HEIGHT="51"
                          WIDTH="112"
                          VPOS="626"
                          HPOS="1664"
                          CONTENT="potest"/>
               </TextLine>
               <TextLine ID="r3l12"
                         BASELINE="715"
                         HEIGHT="47"
                         WIDTH="697"
                         VPOS="668"
                         HPOS="1069">
                  <String HEIGHT="47"
                          WIDTH="156"
                          VPOS="668"
                          HPOS="1055"
                          CONTENT="elicere"/>
                  <SP HEIGHT="47" WIDTH="14" VPOS="668" HPOS="1211"/>
                  <String HEIGHT="47"
                          WIDTH="142"
                          VPOS="668"
                          HPOS="1169"
                          CONTENT="aliam:"/>
                  <SP HEIGHT="47" WIDTH="14" VPOS="668" HPOS="1311"/>
                  <String HEIGHT="47" WIDTH="85" VPOS="668" HPOS="1268" CONTENT="et"/>
                  <SP HEIGHT="47" WIDTH="14" VPOS="668" HPOS="1353"/>
                  <String HEIGHT="47"
                          WIDTH="114"
                          VPOS="668"
                          HPOS="1311"
                          CONTENT="alia"/>
                  <SP HEIGHT="47" WIDTH="14" VPOS="668" HPOS="1425"/>
                  <String HEIGHT="47"
                          WIDTH="114"
                          VPOS="668"
                          HPOS="1382"
                          CONTENT="pars"/>
                  <SP HEIGHT="47" WIDTH="14" VPOS="668" HPOS="1496"/>
                  <String HEIGHT="47"
                          WIDTH="199"
                          VPOS="668"
                          HPOS="1453"
                          CONTENT="determinet"/>
                  <SP HEIGHT="47" WIDTH="14" VPOS="668" HPOS="1652"/>
                  <String HEIGHT="47"
                          WIDTH="114"
                          VPOS="668"
                          HPOS="1610"
                          CONTENT="sibi"/>
                  <SP HEIGHT="47" WIDTH="14" VPOS="668" HPOS="1723"/>
                  <String HEIGHT="47"
                          WIDTH="100"
                          VPOS="668"
                          HPOS="1666"
                          CONTENT="aliam"/>
               </TextLine>
               <TextLine ID="r3l13"
                         BASELINE="763"
                         HEIGHT="49"
                         WIDTH="713"
                         VPOS="714"
                         HPOS="1056">
                  <String HEIGHT="49"
                          WIDTH="171"
                          VPOS="714"
                          HPOS="1042"
                          CONTENT="actionem"/>
                  <SP HEIGHT="49" WIDTH="14" VPOS="714" HPOS="1213"/>
                  <String HEIGHT="49"
                          WIDTH="100"
                          VPOS="714"
                          HPOS="1170"
                          CONTENT="ita"/>
                  <SP HEIGHT="49" WIDTH="14" VPOS="714" HPOS="1270"/>
                  <String HEIGHT="49"
                          WIDTH="114"
                          VPOS="714"
                          HPOS="1227"
                          CONTENT="quod"/>
                  <SP HEIGHT="49" WIDTH="14" VPOS="714" HPOS="1341"/>
                  <String HEIGHT="49"
                          WIDTH="100"
                          VPOS="714"
                          HPOS="1298"
                          CONTENT="non"/>
                  <SP HEIGHT="49" WIDTH="14" VPOS="714" HPOS="1398"/>
                  <String HEIGHT="49"
                          WIDTH="143"
                          VPOS="714"
                          HPOS="1355"
                          CONTENT="istam:"/>
                  <SP HEIGHT="49" WIDTH="14" VPOS="714" HPOS="1498"/>
                  <String HEIGHT="49"
                          WIDTH="114"
                          VPOS="714"
                          HPOS="1455"
                          CONTENT="quia"/>
                  <SP HEIGHT="49" WIDTH="14" VPOS="714" HPOS="1569"/>
                  <String HEIGHT="49" WIDTH="86" VPOS="714" HPOS="1527" CONTENT="ex"/>
                  <SP HEIGHT="49" WIDTH="14" VPOS="714" HPOS="1612"/>
                  <String HEIGHT="49"
                          WIDTH="100"
                          VPOS="714"
                          HPOS="1569"
                          CONTENT="quo"/>
                  <SP HEIGHT="49" WIDTH="14" VPOS="714" HPOS="1669"/>
                  <String HEIGHT="49"
                          WIDTH="114"
                          VPOS="714"
                          HPOS="1626"
                          CONTENT="omns"/>
                  <SP HEIGHT="49" WIDTH="14" VPOS="714" HPOS="1740"/>
                  <String HEIGHT="49"
                          WIDTH="86"
                          VPOS="714"
                          HPOS="1683"
                          CONTENT="iste"/>
               </TextLine>
               <TextLine ID="r3l14"
                         BASELINE="805"
                         HEIGHT="48"
                         WIDTH="711"
                         VPOS="757"
                         HPOS="1060">
                  <String HEIGHT="48"
                          WIDTH="151"
                          VPOS="757"
                          HPOS="1045"
                          CONTENT="partes"/>
                  <SP HEIGHT="48" WIDTH="15" VPOS="757" HPOS="1196"/>
                  <String HEIGHT="48"
                          WIDTH="121"
                          VPOS="757"
                          HPOS="1151"
                          CONTENT="sunt"/>
                  <SP HEIGHT="48" WIDTH="15" VPOS="757" HPOS="1272"/>
                  <String HEIGHT="48"
                          WIDTH="151"
                          VPOS="757"
                          HPOS="1226"
                          CONTENT="partes"/>
                  <SP HEIGHT="48" WIDTH="15" VPOS="757" HPOS="1378"/>
                  <String HEIGHT="48"
                          WIDTH="166"
                          VPOS="757"
                          HPOS="1332"
                          CONTENT="eiusdem"/>
                  <SP HEIGHT="48" WIDTH="15" VPOS="757" HPOS="1499"/>
                  <String HEIGHT="48"
                          WIDTH="182"
                          VPOS="757"
                          HPOS="1453"
                          CONTENT="rationis"/>
                  <SP HEIGHT="48" WIDTH="15" VPOS="757" HPOS="1635"/>
                  <String HEIGHT="48" WIDTH="91" VPOS="757" HPOS="1589" CONTENT="et"/>
                  <SP HEIGHT="48" WIDTH="15" VPOS="757" HPOS="1680"/>
                  <String HEIGHT="48"
                          WIDTH="151"
                          VPOS="757"
                          HPOS="1620"
                          CONTENT="eiusdem"
                          SUBS_TYPE="HypPart1"
                          SUBS_CONTENT="eiusdemforme"/>
                  <HYP CONTENT="-"/>
               </TextLine>
               <TextLine ID="r3l15"
                         BASELINE="848"
                         HEIGHT="46"
                         WIDTH="712"
                         VPOS="802"
                         HPOS="1062">
                  <String HEIGHT="46"
                          WIDTH="139"
                          VPOS="802"
                          HPOS="1047"
                          CONTENT="forme"
                          SUBS_TYPE="HypPart2"
                          SUBS_CONTENT="eiusdemforme"/>
                  <SP HEIGHT="46" WIDTH="15" VPOS="802" HPOS="1186"/>
                  <String HEIGHT="46"
                          WIDTH="108"
                          VPOS="802"
                          HPOS="1139"
                          CONTENT="non"/>
                  <SP HEIGHT="46" WIDTH="15" VPOS="802" HPOS="1248"/>
                  <String HEIGHT="46"
                          WIDTH="170"
                          VPOS="802"
                          HPOS="1201"
                          CONTENT="videtur"/>
                  <SP HEIGHT="46" WIDTH="15" VPOS="802" HPOS="1372"/>
                  <String HEIGHT="46"
                          WIDTH="170"
                          VPOS="802"
                          HPOS="1325"
                          CONTENT="aliquid"/>
                  <SP HEIGHT="46" WIDTH="15" VPOS="802" HPOS="1495"/>
                  <String HEIGHT="46"
                          WIDTH="124"
                          VPOS="802"
                          HPOS="1449"
                          CONTENT="quod"/>
                  <SP HEIGHT="46" WIDTH="15" VPOS="802" HPOS="1573"/>
                  <String HEIGHT="46"
                          WIDTH="155"
                          VPOS="802"
                          HPOS="1526"
                          CONTENT="potest"/>
                  <SP HEIGHT="46" WIDTH="15" VPOS="802" HPOS="1681"/>
                  <String HEIGHT="46"
                          WIDTH="108"
                          VPOS="802"
                          HPOS="1635"
                          CONTENT="vni"/>
                  <SP HEIGHT="46" WIDTH="15" VPOS="802" HPOS="1743"/>
                  <String HEIGHT="46"
                          WIDTH="93"
                          VPOS="802"
                          HPOS="1681"
                          CONTENT="par"
                          SUBS_TYPE="HypPart1"
                          SUBS_CONTENT="parti"/>
                  <HYP CONTENT="-"/>
               </TextLine>
               <TextLine ID="r3l16"
                         BASELINE="891"
                         HEIGHT="46"
                         WIDTH="711"
                         VPOS="845"
                         HPOS="1066">
                  <String HEIGHT="46"
                          WIDTH="80"
                          VPOS="845"
                          HPOS="1053"
                          CONTENT="ti"
                          SUBS_TYPE="HypPart2"
                          SUBS_CONTENT="parti"/>
                  <SP HEIGHT="46" WIDTH="13" VPOS="845" HPOS="1133"/>
                  <String HEIGHT="46"
                          WIDTH="174"
                          VPOS="845"
                          HPOS="1093"
                          CONTENT="competere"/>
                  <SP HEIGHT="46" WIDTH="13" VPOS="845" HPOS="1267"/>
                  <String HEIGHT="46"
                          WIDTH="107"
                          VPOS="845"
                          HPOS="1227"
                          CONTENT="quod"/>
                  <SP HEIGHT="46" WIDTH="13" VPOS="845" HPOS="1334"/>
                  <String HEIGHT="46" WIDTH="94" VPOS="845" HPOS="1294" CONTENT="non"/>
                  <SP HEIGHT="46" WIDTH="13" VPOS="845" HPOS="1388"/>
                  <String HEIGHT="46"
                          WIDTH="134"
                          VPOS="845"
                          HPOS="1348"
                          CONTENT="possit"/>
                  <SP HEIGHT="46" WIDTH="13" VPOS="845" HPOS="1482"/>
                  <String HEIGHT="46" WIDTH="80" VPOS="845" HPOS="1442" CONTENT="et"/>
                  <SP HEIGHT="46" WIDTH="13" VPOS="845" HPOS="1522"/>
                  <String HEIGHT="46"
                          WIDTH="134"
                          VPOS="845"
                          HPOS="1482"
                          CONTENT="alteri"/>
                  <SP HEIGHT="46" WIDTH="13" VPOS="845" HPOS="1616"/>
                  <String HEIGHT="46"
                          WIDTH="134"
                          VPOS="845"
                          HPOS="1576"
                          CONTENT="parti."/>
                  <SP HEIGHT="46" WIDTH="13" VPOS="845" HPOS="1710"/>
                  <String HEIGHT="46" WIDTH="80" VPOS="845" HPOS="1670" CONTENT="et"/>
                  <SP HEIGHT="46" WIDTH="13" VPOS="845" HPOS="1750"/>
                  <String HEIGHT="46"
                          WIDTH="80"
                          VPOS="845"
                          HPOS="1697"
                          CONTENT="ideo"/>
               </TextLine>
               <TextLine ID="r3l17"
                         BASELINE="935"
                         HEIGHT="47"
                         WIDTH="718"
                         VPOS="888"
                         HPOS="1057">
                  <String HEIGHT="47"
                          WIDTH="113"
                          VPOS="888"
                          HPOS="1043"
                          CONTENT="dico"/>
                  <SP HEIGHT="47" WIDTH="14" VPOS="888" HPOS="1156"/>
                  <String HEIGHT="47"
                          WIDTH="113"
                          VPOS="888"
                          HPOS="1113"
                          CONTENT="quod"/>
                  <SP HEIGHT="47" WIDTH="14" VPOS="888" HPOS="1226"/>
                  <String HEIGHT="47" WIDTH="84" VPOS="888" HPOS="1184" CONTENT="si"/>
                  <SP HEIGHT="47" WIDTH="14" VPOS="888" HPOS="1268"/>
                  <String HEIGHT="47"
                          WIDTH="113"
                          VPOS="888"
                          HPOS="1226"
                          CONTENT="pars"/>
                  <SP HEIGHT="47" WIDTH="14" VPOS="888" HPOS="1339"/>
                  <String HEIGHT="47"
                          WIDTH="113"
                          VPOS="888"
                          HPOS="1296"
                          CONTENT="illa"/>
                  <SP HEIGHT="47" WIDTH="14" VPOS="888" HPOS="1409"/>
                  <String HEIGHT="47"
                          WIDTH="127"
                          VPOS="888"
                          HPOS="1367"
                          CONTENT="forme"/>
                  <SP HEIGHT="47" WIDTH="14" VPOS="888" HPOS="1493"/>
                  <String HEIGHT="47"
                          WIDTH="183"
                          VPOS="888"
                          HPOS="1451"
                          CONTENT="sensitiue"/>
                  <SP HEIGHT="47" WIDTH="14" VPOS="888" HPOS="1634"/>
                  <String HEIGHT="47" WIDTH="99" VPOS="888" HPOS="1592" CONTENT="que"/>
                  <SP HEIGHT="47" WIDTH="14" VPOS="888" HPOS="1691"/>
                  <String HEIGHT="47"
                          WIDTH="141"
                          VPOS="888"
                          HPOS="1634"
                          CONTENT="perficit"/>
               </TextLine>
               <TextLine ID="r3l18"
                         BASELINE="977"
                         HEIGHT="45"
                         WIDTH="731"
                         VPOS="932"
                         HPOS="1050">
                  <String HEIGHT="45"
                          WIDTH="155"
                          VPOS="932"
                          HPOS="1036"
                          CONTENT="organum"/>
                  <SP HEIGHT="45" WIDTH="14" VPOS="932" HPOS="1191"/>
                  <String HEIGHT="45"
                          WIDTH="155"
                          VPOS="932"
                          HPOS="1148"
                          CONTENT="auditus"/>
                  <SP HEIGHT="45" WIDTH="14" VPOS="932" HPOS="1303"/>
                  <String HEIGHT="45" WIDTH="98" VPOS="932" HPOS="1261" CONTENT="vel"/>
                  <SP HEIGHT="45" WIDTH="14" VPOS="932" HPOS="1359"/>
                  <String HEIGHT="45"
                          WIDTH="141"
                          VPOS="932"
                          HPOS="1317"
                          CONTENT="gustus"/>
                  <SP HEIGHT="45" WIDTH="14" VPOS="932" HPOS="1458"/>
                  <String HEIGHT="45" WIDTH="98" VPOS="932" HPOS="1416" CONTENT="vel"/>
                  <SP HEIGHT="45" WIDTH="14" VPOS="932" HPOS="1514"/>
                  <String HEIGHT="45"
                          WIDTH="112"
                          VPOS="932"
                          HPOS="1472"
                          CONTENT="quae"/>
                  <SP HEIGHT="45" WIDTH="14" VPOS="932" HPOS="1584"/>
                  <String HEIGHT="45" WIDTH="98" VPOS="932" HPOS="1542" CONTENT="est"/>
                  <SP HEIGHT="45" WIDTH="14" VPOS="932" HPOS="1640"/>
                  <String HEIGHT="45" WIDTH="84" VPOS="932" HPOS="1598" CONTENT="in"/>
                  <SP HEIGHT="45" WIDTH="14" VPOS="932" HPOS="1683"/>
                  <String HEIGHT="45"
                          WIDTH="112"
                          VPOS="932"
                          HPOS="1640"
                          CONTENT="pede"/>
                  <SP HEIGHT="45" WIDTH="14" VPOS="932" HPOS="1753"/>
                  <String HEIGHT="45"
                          WIDTH="84"
                          VPOS="932"
                          HPOS="1697"
                          CONTENT="per"
                          SUBS_TYPE="HypPart1"
                          SUBS_CONTENT="perficeret"/>
                  <HYP CONTENT="-"/>
               </TextLine>
               <TextLine ID="r3l19"
                         BASELINE="1028"
                         HEIGHT="50"
                         WIDTH="716"
                         VPOS="978"
                         HPOS="1053">
                  <String HEIGHT="50"
                          WIDTH="161"
                          VPOS="978"
                          HPOS="1038"
                          CONTENT="ficeret"
                          SUBS_TYPE="HypPart2"
                          SUBS_CONTENT="perficeret"/>
                  <SP HEIGHT="50" WIDTH="15" VPOS="978" HPOS="1199"/>
                  <String HEIGHT="50"
                          WIDTH="161"
                          VPOS="978"
                          HPOS="1155"
                          CONTENT="organum"/>
                  <SP HEIGHT="50" WIDTH="15" VPOS="978" HPOS="1316"/>
                  <String HEIGHT="50"
                          WIDTH="146"
                          VPOS="978"
                          HPOS="1272"
                          CONTENT="visus:"/>
                  <SP HEIGHT="50" WIDTH="15" VPOS="978" HPOS="1418"/>
                  <String HEIGHT="50" WIDTH="88" VPOS="978" HPOS="1374" CONTENT="et"/>
                  <SP HEIGHT="50" WIDTH="15" VPOS="978" HPOS="1462"/>
                  <String HEIGHT="50"
                          WIDTH="117"
                          VPOS="978"
                          HPOS="1418"
                          CONTENT="pars"/>
                  <SP HEIGHT="50" WIDTH="15" VPOS="978" HPOS="1535"/>
                  <String HEIGHT="50"
                          WIDTH="102"
                          VPOS="978"
                          HPOS="1491"
                          CONTENT="que"/>
                  <SP HEIGHT="50" WIDTH="15" VPOS="978" HPOS="1594"/>
                  <String HEIGHT="50"
                          WIDTH="175"
                          VPOS="978"
                          HPOS="1550"
                          CONTENT="perficit"/>
                  <SP HEIGHT="50" WIDTH="15" VPOS="978" HPOS="1725"/>
                  <String HEIGHT="50"
                          WIDTH="102"
                          VPOS="978"
                          HPOS="1667"
                          CONTENT="orga"
                          SUBS_TYPE="HypPart1"
                          SUBS_CONTENT="organum"/>
                  <HYP CONTENT="-"/>
               </TextLine>
               <TextLine ID="r3l20"
                         BASELINE="1079"
                         HEIGHT="55"
                         WIDTH="731"
                         VPOS="1024"
                         HPOS="1050">
                  <String HEIGHT="55"
                          WIDTH="102"
                          VPOS="1024"
                          HPOS="1035"
                          CONTENT="num"
                          SUBS_TYPE="HypPart2"
                          SUBS_CONTENT="organum"/>
                  <SP HEIGHT="55" WIDTH="15" VPOS="1024" HPOS="1138"/>
                  <String HEIGHT="55"
                          WIDTH="132"
                          VPOS="1024"
                          HPOS="1094"
                          CONTENT="visus"/>
                  <SP HEIGHT="55" WIDTH="15" VPOS="1024" HPOS="1225"/>
                  <String HEIGHT="55"
                          WIDTH="175"
                          VPOS="1024"
                          HPOS="1182"
                          CONTENT="perficit"/>
                  <SP HEIGHT="55" WIDTH="15" VPOS="1024" HPOS="1357"/>
                  <String HEIGHT="55"
                          WIDTH="161"
                          VPOS="1024"
                          HPOS="1313"
                          CONTENT="organum"/>
                  <SP HEIGHT="55" WIDTH="15" VPOS="1024" HPOS="1474"/>
                  <String HEIGHT="55"
                          WIDTH="175"
                          VPOS="1024"
                          HPOS="1430"
                          CONTENT="auditus:"/>
                  <SP HEIGHT="55" WIDTH="15" VPOS="1024" HPOS="1606"/>
                  <String HEIGHT="55"
                          WIDTH="117"
                          VPOS="1024"
                          HPOS="1562"
                          CONTENT="tunc"/>
                  <SP HEIGHT="55" WIDTH="15" VPOS="1024" HPOS="1679"/>
                  <String HEIGHT="55"
                          WIDTH="117"
                          VPOS="1024"
                          HPOS="1635"
                          CONTENT="illa"/>
                  <SP HEIGHT="55" WIDTH="15" VPOS="1024" HPOS="1752"/>
                  <String HEIGHT="55"
                          WIDTH="88"
                          VPOS="1024"
                          HPOS="1693"
                          CONTENT="pars"/>
               </TextLine>
               <TextLine ID="r3l21"
                         BASELINE="1112"
                         HEIGHT="50"
                         WIDTH="718"
                         VPOS="1062"
                         HPOS="1056">
                  <String HEIGHT="50"
                          WIDTH="135"
                          VPOS="1062"
                          HPOS="1041"
                          CONTENT="forme"/>
                  <SP HEIGHT="50" WIDTH="15" VPOS="1062" HPOS="1176"/>
                  <String HEIGHT="50"
                          WIDTH="105"
                          VPOS="1062"
                          HPOS="1131"
                          CONTENT="que"/>
                  <SP HEIGHT="50" WIDTH="15" VPOS="1062" HPOS="1236"/>
                  <String HEIGHT="50"
                          WIDTH="135"
                          VPOS="1062"
                          HPOS="1191"
                          CONTENT="prius"/>
                  <SP HEIGHT="50" WIDTH="15" VPOS="1062" HPOS="1325"/>
                  <String HEIGHT="50"
                          WIDTH="194"
                          VPOS="1062"
                          HPOS="1280"
                          CONTENT="eliciebat"/>
                  <SP HEIGHT="50" WIDTH="15" VPOS="1062" HPOS="1475"/>
                  <String HEIGHT="50"
                          WIDTH="135"
                          VPOS="1062"
                          HPOS="1430"
                          CONTENT="actum"/>
                  <SP HEIGHT="50" WIDTH="15" VPOS="1062" HPOS="1565"/>
                  <String HEIGHT="50"
                          WIDTH="165"
                          VPOS="1062"
                          HPOS="1520"
                          CONTENT="videndi"/>
                  <SP HEIGHT="50" WIDTH="15" VPOS="1062" HPOS="1684"/>
                  <String HEIGHT="50"
                          WIDTH="120"
                          VPOS="1062"
                          HPOS="1639"
                          CONTENT="nunc"/>
                  <SP HEIGHT="50" WIDTH="15" VPOS="1062" HPOS="1759"/>
                  <String HEIGHT="50"
                          WIDTH="75"
                          VPOS="1062"
                          HPOS="1699"
                          CONTENT="eli"/>
               </TextLine>
               <TextLine ID="r3l22"
                         BASELINE="1157"
                         HEIGHT="47"
                         WIDTH="704"
                         VPOS="1110"
                         HPOS="1065">
                  <String HEIGHT="47"
                          WIDTH="132"
                          VPOS="1110"
                          HPOS="1050"
                          CONTENT="ceret"/>
                  <SP HEIGHT="47" WIDTH="15" VPOS="1110" HPOS="1182"/>
                  <String HEIGHT="47"
                          WIDTH="132"
                          VPOS="1110"
                          HPOS="1138"
                          CONTENT="actum"/>
                  <SP HEIGHT="47" WIDTH="15" VPOS="1110" HPOS="1270"/>
                  <String HEIGHT="47"
                          WIDTH="176"
                          VPOS="1110"
                          HPOS="1226"
                          CONTENT="audiendi"/>
                  <SP HEIGHT="47" WIDTH="15" VPOS="1110" HPOS="1402"/>
                  <String HEIGHT="47"
                          WIDTH="103"
                          VPOS="1110"
                          HPOS="1358"
                          CONTENT="vel"/>
                  <SP HEIGHT="47" WIDTH="15" VPOS="1110" HPOS="1461"/>
                  <String HEIGHT="47"
                          WIDTH="191"
                          VPOS="1110"
                          HPOS="1417"
                          CONTENT="gustandi."/>
                  <SP HEIGHT="47" WIDTH="15" VPOS="1110" HPOS="1608"/>
                  <String HEIGHT="47" WIDTH="88" VPOS="1110" HPOS="1564" CONTENT="et"/>
                  <SP HEIGHT="47" WIDTH="15" VPOS="1110" HPOS="1652"/>
                  <String HEIGHT="47"
                          WIDTH="176"
                          VPOS="1110"
                          HPOS="1593"
                          CONTENT="econuerso:"/>
               </TextLine>
               <TextLine ID="r3l23"
                         BASELINE="1201"
                         HEIGHT="50"
                         WIDTH="715"
                         VPOS="1151"
                         HPOS="1060">
                  <String HEIGHT="50" WIDTH="86" VPOS="1151" HPOS="1046" CONTENT="et"/>
                  <SP HEIGHT="50" WIDTH="14" VPOS="1151" HPOS="1132"/>
                  <String HEIGHT="50" WIDTH="86" VPOS="1151" HPOS="1089" CONTENT="si"/>
                  <SP HEIGHT="50" WIDTH="14" VPOS="1151" HPOS="1174"/>
                  <String HEIGHT="50"
                          WIDTH="200"
                          VPOS="1151"
                          HPOS="1132"
                          CONTENT="dispositio"/>
                  <SP HEIGHT="50" WIDTH="14" VPOS="1151" HPOS="1332"/>
                  <String HEIGHT="50"
                          WIDTH="114"
                          VPOS="1151"
                          HPOS="1289"
                          CONTENT="illa"/>
                  <SP HEIGHT="50" WIDTH="14" VPOS="1151" HPOS="1403"/>
                  <String HEIGHT="50"
                          WIDTH="229"
                          VPOS="1151"
                          HPOS="1360"
                          CONTENT="accidentalis"/>
                  <SP HEIGHT="50" WIDTH="14" VPOS="1151" HPOS="1589"/>
                  <String HEIGHT="50"
                          WIDTH="100"
                          VPOS="1151"
                          HPOS="1546"
                          CONTENT="que"/>
                  <SP HEIGHT="50" WIDTH="14" VPOS="1151" HPOS="1646"/>
                  <String HEIGHT="50"
                          WIDTH="100"
                          VPOS="1151"
                          HPOS="1603"
                          CONTENT="est"/>
                  <SP HEIGHT="50" WIDTH="14" VPOS="1151" HPOS="1704"/>
                  <String HEIGHT="50" WIDTH="86" VPOS="1151" HPOS="1661" CONTENT="in"/>
                  <SP HEIGHT="50" WIDTH="14" VPOS="1151" HPOS="1746"/>
                  <String HEIGHT="50"
                          WIDTH="86"
                          VPOS="1151"
                          HPOS="1689"
                          CONTENT="orga"/>
               </TextLine>
               <TextLine ID="r3l24"
                         BASELINE="1245"
                         HEIGHT="52"
                         WIDTH="709"
                         VPOS="1193"
                         HPOS="1060">
                  <String HEIGHT="52"
                          WIDTH="95"
                          VPOS="1193"
                          HPOS="1046"
                          CONTENT="non"/>
                  <SP HEIGHT="52" WIDTH="14" VPOS="1193" HPOS="1142"/>
                  <String HEIGHT="52"
                          WIDTH="123"
                          VPOS="1193"
                          HPOS="1101"
                          CONTENT="visus"/>
                  <SP HEIGHT="52" WIDTH="14" VPOS="1193" HPOS="1224"/>
                  <String HEIGHT="52"
                          WIDTH="123"
                          VPOS="1193"
                          HPOS="1183"
                          CONTENT="esset"/>
                  <SP HEIGHT="52" WIDTH="14" VPOS="1193" HPOS="1305"/>
                  <String HEIGHT="52" WIDTH="82" VPOS="1193" HPOS="1265" CONTENT="in"/>
                  <SP HEIGHT="52" WIDTH="14" VPOS="1193" HPOS="1346"/>
                  <String HEIGHT="52"
                          WIDTH="109"
                          VPOS="1193"
                          HPOS="1305"
                          CONTENT="pede"/>
                  <SP HEIGHT="52" WIDTH="14" VPOS="1193" HPOS="1414"/>
                  <String HEIGHT="52"
                          WIDTH="109"
                          VPOS="1193"
                          HPOS="1374"
                          CONTENT="illa"/>
                  <SP HEIGHT="52" WIDTH="14" VPOS="1193" HPOS="1483"/>
                  <String HEIGHT="52"
                          WIDTH="109"
                          VPOS="1193"
                          HPOS="1442"
                          CONTENT="pars"/>
                  <SP HEIGHT="52" WIDTH="14" VPOS="1193" HPOS="1551"/>
                  <String HEIGHT="52"
                          WIDTH="177"
                          VPOS="1193"
                          HPOS="1510"
                          CONTENT="sensitiue"/>
                  <SP HEIGHT="52" WIDTH="14" VPOS="1193" HPOS="1687"/>
                  <String HEIGHT="52"
                          WIDTH="109"
                          VPOS="1193"
                          HPOS="1646"
                          CONTENT="quae"/>
                  <SP HEIGHT="52" WIDTH="14" VPOS="1193" HPOS="1755"/>
                  <String HEIGHT="52"
                          WIDTH="68"
                          VPOS="1193"
                          HPOS="1701"
                          CONTENT="nuo"/>
               </TextLine>
               <TextLine ID="r3l25"
                         BASELINE="1293"
                         HEIGHT="55"
                         WIDTH="718"
                         VPOS="1238"
                         HPOS="1057">
                  <String HEIGHT="55"
                          WIDTH="103"
                          VPOS="1238"
                          HPOS="1042"
                          CONTENT="est"/>
                  <SP HEIGHT="55" WIDTH="15" VPOS="1238" HPOS="1145"/>
                  <String HEIGHT="55" WIDTH="88" VPOS="1238" HPOS="1101" CONTENT="in"/>
                  <SP HEIGHT="55" WIDTH="15" VPOS="1238" HPOS="1189"/>
                  <String HEIGHT="55"
                          WIDTH="117"
                          VPOS="1238"
                          HPOS="1145"
                          CONTENT="pede"/>
                  <SP HEIGHT="55" WIDTH="15" VPOS="1238" HPOS="1262"/>
                  <String HEIGHT="55"
                          WIDTH="103"
                          VPOS="1238"
                          HPOS="1218"
                          CONTENT="ita"/>
                  <SP HEIGHT="55" WIDTH="15" VPOS="1238" HPOS="1321"/>
                  <String HEIGHT="55"
                          WIDTH="176"
                          VPOS="1238"
                          HPOS="1277"
                          CONTENT="eliceret"/>
                  <SP HEIGHT="55" WIDTH="15" VPOS="1238" HPOS="1453"/>
                  <String HEIGHT="55"
                          WIDTH="132"
                          VPOS="1238"
                          HPOS="1409"
                          CONTENT="actum"/>
                  <SP HEIGHT="55" WIDTH="15" VPOS="1238" HPOS="1541"/>
                  <String HEIGHT="55"
                          WIDTH="161"
                          VPOS="1238"
                          HPOS="1497"
                          CONTENT="videndi"/>
                  <SP HEIGHT="55" WIDTH="15" VPOS="1238" HPOS="1658"/>
                  <String HEIGHT="55"
                          WIDTH="132"
                          VPOS="1238"
                          HPOS="1614"
                          CONTENT="sicut"/>
                  <SP HEIGHT="55" WIDTH="15" VPOS="1238" HPOS="1746"/>
                  <String HEIGHT="55"
                          WIDTH="88"
                          VPOS="1238"
                          HPOS="1687"
                          CONTENT="nunc"/>
               </TextLine>
               <TextLine ID="r3l26"
                         BASELINE="1336"
                         HEIGHT="50"
                         WIDTH="716"
                         VPOS="1286"
                         HPOS="1056">
                  <String HEIGHT="50"
                          WIDTH="156"
                          VPOS="1286"
                          HPOS="1040"
                          CONTENT="elicit"/>
                  <SP HEIGHT="50" WIDTH="16" VPOS="1286" HPOS="1196"/>
                  <String HEIGHT="50"
                          WIDTH="109"
                          VPOS="1286"
                          HPOS="1149"
                          CONTENT="per"/>
                  <SP HEIGHT="50" WIDTH="16" VPOS="1286" HPOS="1258"/>
                  <String HEIGHT="50"
                          WIDTH="171"
                          VPOS="1286"
                          HPOS="1212"
                          CONTENT="oculos:"/>
                  <SP HEIGHT="50" WIDTH="16" VPOS="1286" HPOS="1383"/>
                  <String HEIGHT="50"
                          WIDTH="125"
                          VPOS="1286"
                          HPOS="1336"
                          CONTENT="quia"/>
                  <SP HEIGHT="50" WIDTH="16" VPOS="1286" HPOS="1461"/>
                  <String HEIGHT="50"
                          WIDTH="171"
                          VPOS="1286"
                          HPOS="1414"
                          CONTENT="materia"/>
                  <SP HEIGHT="50" WIDTH="16" VPOS="1286" HPOS="1585"/>
                  <String HEIGHT="50"
                          WIDTH="171"
                          VPOS="1286"
                          HPOS="1539"
                          CONTENT="eiusdem"/>
                  <SP HEIGHT="50" WIDTH="16" VPOS="1286" HPOS="1710"/>
                  <String HEIGHT="50"
                          WIDTH="125"
                          VPOS="1286"
                          HPOS="1647"
                          CONTENT="ratio"
                          SUBS_TYPE="HypPart1"
                          SUBS_CONTENT="rationis"/>
                  <HYP CONTENT="-"/>
               </TextLine>
               <TextLine ID="r3l27"
                         BASELINE="1371"
                         HEIGHT="39"
                         WIDTH="726"
                         VPOS="1332"
                         HPOS="1051">
                  <String HEIGHT="39"
                          WIDTH="102"
                          VPOS="1332"
                          HPOS="1036"
                          CONTENT="nis"
                          SUBS_TYPE="HypPart2"
                          SUBS_CONTENT="rationis"/>
                  <SP HEIGHT="39" WIDTH="15" VPOS="1332" HPOS="1138"/>
                  <String HEIGHT="39"
                          WIDTH="102"
                          VPOS="1332"
                          HPOS="1095"
                          CONTENT="est"/>
                  <SP HEIGHT="39" WIDTH="15" VPOS="1332" HPOS="1196"/>
                  <String HEIGHT="39" WIDTH="87" VPOS="1332" HPOS="1153" CONTENT="in"/>
                  <SP HEIGHT="39" WIDTH="15" VPOS="1332" HPOS="1240"/>
                  <String HEIGHT="39"
                          WIDTH="131"
                          VPOS="1332"
                          HPOS="1196"
                          CONTENT="oculo"/>
                  <SP HEIGHT="39" WIDTH="15" VPOS="1332" HPOS="1327"/>
                  <String HEIGHT="39" WIDTH="87" VPOS="1332" HPOS="1283" CONTENT="et"/>
                  <SP HEIGHT="39" WIDTH="15" VPOS="1332" HPOS="1370"/>
                  <String HEIGHT="39" WIDTH="87" VPOS="1332" HPOS="1327" CONTENT="in"/>
                  <SP HEIGHT="39" WIDTH="15" VPOS="1332" HPOS="1414"/>
                  <String HEIGHT="39"
                          WIDTH="116"
                          VPOS="1332"
                          HPOS="1370"
                          CONTENT="pede"/>
                  <SP HEIGHT="39" WIDTH="15" VPOS="1332" HPOS="1487"/>
                  <String HEIGHT="39" WIDTH="87" VPOS="1332" HPOS="1443" CONTENT="et"/>
                  <SP HEIGHT="39" WIDTH="15" VPOS="1332" HPOS="1530"/>
                  <String HEIGHT="39"
                          WIDTH="131"
                          VPOS="1332"
                          HPOS="1487"
                          CONTENT="forma"/>
                  <SP HEIGHT="39" WIDTH="15" VPOS="1332" HPOS="1617"/>
                  <String HEIGHT="39"
                          WIDTH="203"
                          VPOS="1332"
                          HPOS="1574"
                          CONTENT="similiter."/>
                  <SP HEIGHT="39" WIDTH="15" VPOS="1332" HPOS="1777"/>
                  <String HEIGHT="39" WIDTH="58" VPOS="1332" HPOS="1719" CONTENT="et"/>
               </TextLine>
               <TextLine ID="r3l28"
                         BASELINE="1422"
                         HEIGHT="54"
                         WIDTH="710"
                         VPOS="1368"
                         HPOS="1062">
                  <String HEIGHT="54"
                          WIDTH="114"
                          VPOS="1368"
                          HPOS="1048"
                          CONTENT="ideo"/>
                  <SP HEIGHT="54" WIDTH="14" VPOS="1368" HPOS="1161"/>
                  <String HEIGHT="54"
                          WIDTH="99"
                          VPOS="1368"
                          HPOS="1119"
                          CONTENT="non"/>
                  <SP HEIGHT="54" WIDTH="14" VPOS="1368" HPOS="1218"/>
                  <String HEIGHT="54"
                          WIDTH="156"
                          VPOS="1368"
                          HPOS="1176"
                          CONTENT="deficit"/>
                  <SP HEIGHT="54" WIDTH="14" VPOS="1368" HPOS="1332"/>
                  <String HEIGHT="54"
                          WIDTH="114"
                          VPOS="1368"
                          HPOS="1289"
                          CONTENT="nisi"/>
                  <SP HEIGHT="54" WIDTH="14" VPOS="1368" HPOS="1403"/>
                  <String HEIGHT="54"
                          WIDTH="199"
                          VPOS="1368"
                          HPOS="1360"
                          CONTENT="dispositio"/>
                  <SP HEIGHT="54" WIDTH="14" VPOS="1368" HPOS="1559"/>
                  <String HEIGHT="54"
                          WIDTH="199"
                          VPOS="1368"
                          HPOS="1516"
                          CONTENT="necessario"/>
                  <SP HEIGHT="54" WIDTH="14" VPOS="1368" HPOS="1715"/>
                  <String HEIGHT="54"
                          WIDTH="114"
                          VPOS="1368"
                          HPOS="1658"
                          CONTENT="requi"
                          SUBS_TYPE="HypPart1"
                          SUBS_CONTENT="requisita"/>
                  <HYP CONTENT="-"/>
               </TextLine>
               <TextLine ID="r3l29"
                         BASELINE="1466"
                         HEIGHT="54"
                         WIDTH="718"
                         VPOS="1412"
                         HPOS="1060">
                  <String HEIGHT="54"
                          WIDTH="115"
                          VPOS="1412"
                          HPOS="1046"
                          CONTENT="sita"
                          SUBS_TYPE="HypPart2"
                          SUBS_CONTENT="requisita"/>
                  <SP HEIGHT="54" WIDTH="14" VPOS="1412" HPOS="1161"/>
                  <String HEIGHT="54" WIDTH="86" VPOS="1412" HPOS="1117" CONTENT="ad"/>
                  <SP HEIGHT="54" WIDTH="14" VPOS="1412" HPOS="1204"/>
                  <String HEIGHT="54"
                          WIDTH="115"
                          VPOS="1412"
                          HPOS="1161"
                          CONTENT="vnum"/>
                  <SP HEIGHT="54" WIDTH="14" VPOS="1412" HPOS="1275"/>
                  <String HEIGHT="54"
                          WIDTH="129"
                          VPOS="1412"
                          HPOS="1232"
                          CONTENT="actum"/>
                  <SP HEIGHT="54" WIDTH="14" VPOS="1412" HPOS="1362"/>
                  <String HEIGHT="54" WIDTH="86" VPOS="1412" HPOS="1318" CONTENT="et"/>
                  <SP HEIGHT="54" WIDTH="14" VPOS="1412" HPOS="1405"/>
                  <String HEIGHT="54"
                          WIDTH="101"
                          VPOS="1412"
                          HPOS="1362"
                          CONTENT="non"/>
                  <SP HEIGHT="54" WIDTH="14" VPOS="1412" HPOS="1462"/>
                  <String HEIGHT="54" WIDTH="86" VPOS="1412" HPOS="1419" CONTENT="ad"/>
                  <SP HEIGHT="54" WIDTH="14" VPOS="1412" HPOS="1505"/>
                  <String HEIGHT="54"
                          WIDTH="144"
                          VPOS="1412"
                          HPOS="1462"
                          CONTENT="alium."/>
                  <SP HEIGHT="54" WIDTH="14" VPOS="1412" HPOS="1606"/>
                  <String HEIGHT="54" WIDTH="86" VPOS="1412" HPOS="1563" CONTENT="Ex"/>
                  <SP HEIGHT="54" WIDTH="14" VPOS="1412" HPOS="1649"/>
                  <String HEIGHT="54"
                          WIDTH="129"
                          VPOS="1412"
                          HPOS="1606"
                          CONTENT="istis"/>
                  <SP HEIGHT="54" WIDTH="14" VPOS="1412" HPOS="1735"/>
                  <String HEIGHT="54"
                          WIDTH="101"
                          VPOS="1412"
                          HPOS="1677"
                          CONTENT="patet"/>
               </TextLine>
               <TextLine ID="r3l30"
                         BASELINE="1510"
                         HEIGHT="47"
                         WIDTH="713"
                         VPOS="1463"
                         HPOS="1062">
                  <String HEIGHT="47"
                          WIDTH="127"
                          VPOS="1463"
                          HPOS="1046"
                          CONTENT="quid"/>
                  <SP HEIGHT="47" WIDTH="16" VPOS="1463" HPOS="1173"/>
                  <String HEIGHT="47"
                          WIDTH="111"
                          VPOS="1463"
                          HPOS="1125"
                          CONTENT="est"/>
                  <SP HEIGHT="47" WIDTH="16" VPOS="1463" HPOS="1236"/>
                  <String HEIGHT="47"
                          WIDTH="190"
                          VPOS="1463"
                          HPOS="1189"
                          CONTENT="potentia"/>
                  <SP HEIGHT="47" WIDTH="16" VPOS="1463" HPOS="1379"/>
                  <String HEIGHT="47"
                          WIDTH="222"
                          VPOS="1463"
                          HPOS="1331"
                          CONTENT="sensitiua:"/>
                  <SP HEIGHT="47" WIDTH="16" VPOS="1463" HPOS="1553"/>
                  <String HEIGHT="47"
                          WIDTH="127"
                          VPOS="1463"
                          HPOS="1506"
                          CONTENT="modo"/>
                  <SP HEIGHT="47" WIDTH="16" VPOS="1463" HPOS="1632"/>
                  <String HEIGHT="47"
                          WIDTH="111"
                          VPOS="1463"
                          HPOS="1585"
                          CONTENT="quo"/>
                  <SP HEIGHT="47" WIDTH="16" VPOS="1463" HPOS="1696"/>
                  <String HEIGHT="47"
                          WIDTH="127"
                          VPOS="1463"
                          HPOS="1648"
                          CONTENT="nunc"/>
                  <SP HEIGHT="47" WIDTH="16" VPOS="1463" HPOS="1775"/>
                  <String HEIGHT="47" WIDTH="63" VPOS="1463" HPOS="1712" CONTENT="lo"/>
               </TextLine>
               <TextLine ID="r3l31"
                         BASELINE="1558"
                         HEIGHT="51"
                         WIDTH="713"
                         VPOS="1507"
                         HPOS="1065">
                  <String HEIGHT="51"
                          WIDTH="149"
                          VPOS="1507"
                          HPOS="1050"
                          CONTENT="quimur"/>
                  <SP HEIGHT="51" WIDTH="15" VPOS="1507" HPOS="1199"/>
                  <String HEIGHT="51" WIDTH="89" VPOS="1507" HPOS="1154" CONTENT="de"/>
                  <SP HEIGHT="51" WIDTH="15" VPOS="1507" HPOS="1243"/>
                  <String HEIGHT="51"
                          WIDTH="193"
                          VPOS="1507"
                          HPOS="1199"
                          CONTENT="potentia:"/>
                  <SP HEIGHT="51" WIDTH="15" VPOS="1507" HPOS="1392"/>
                  <String HEIGHT="51"
                          WIDTH="119"
                          VPOS="1507"
                          HPOS="1347"
                          CONTENT="quia"/>
                  <SP HEIGHT="51" WIDTH="15" VPOS="1507" HPOS="1466"/>
                  <String HEIGHT="51"
                          WIDTH="178"
                          VPOS="1507"
                          HPOS="1422"
                          CONTENT="potentia"/>
                  <SP HEIGHT="51" WIDTH="15" VPOS="1507" HPOS="1600"/>
                  <String HEIGHT="51"
                          WIDTH="149"
                          VPOS="1507"
                          HPOS="1555"
                          CONTENT="visiua"/>
                  <SP HEIGHT="51" WIDTH="15" VPOS="1507" HPOS="1704"/>
                  <String HEIGHT="51"
                          WIDTH="104"
                          VPOS="1507"
                          HPOS="1659"
                          CONTENT="est"/>
                  <SP HEIGHT="51" WIDTH="15" VPOS="1507" HPOS="1763"/>
                  <String HEIGHT="51"
                          WIDTH="74"
                          VPOS="1507"
                          HPOS="1704"
                          CONTENT="il"
                          SUBS_TYPE="HypPart1"
                          SUBS_CONTENT="illa"/>
                  <HYP CONTENT="-"/>
               </TextLine>
               <TextLine ID="r3l32"
                         BASELINE="1599"
                         HEIGHT="54"
                         WIDTH="725"
                         VPOS="1545"
                         HPOS="1050">
                  <String HEIGHT="54"
                          WIDTH="91"
                          VPOS="1545"
                          HPOS="1035"
                          CONTENT="la"
                          SUBS_TYPE="HypPart2"
                          SUBS_CONTENT="illa"/>
                  <SP HEIGHT="54" WIDTH="15" VPOS="1545" HPOS="1126"/>
                  <String HEIGHT="54"
                          WIDTH="121"
                          VPOS="1545"
                          HPOS="1080"
                          CONTENT="pars"/>
                  <SP HEIGHT="54" WIDTH="15" VPOS="1545" HPOS="1201"/>
                  <String HEIGHT="54"
                          WIDTH="136"
                          VPOS="1545"
                          HPOS="1156"
                          CONTENT="forme"/>
                  <SP HEIGHT="54" WIDTH="15" VPOS="1545" HPOS="1292"/>
                  <String HEIGHT="54"
                          WIDTH="106"
                          VPOS="1545"
                          HPOS="1246"
                          CONTENT="que"/>
                  <SP HEIGHT="54" WIDTH="15" VPOS="1545" HPOS="1352"/>
                  <String HEIGHT="54"
                          WIDTH="181"
                          VPOS="1545"
                          HPOS="1307"
                          CONTENT="perficit"/>
                  <SP HEIGHT="54" WIDTH="15" VPOS="1545" HPOS="1488"/>
                  <String HEIGHT="54"
                          WIDTH="166"
                          VPOS="1545"
                          HPOS="1443"
                          CONTENT="organum"/>
                  <SP HEIGHT="54" WIDTH="15" VPOS="1545" HPOS="1609"/>
                  <String HEIGHT="54"
                          WIDTH="151"
                          VPOS="1545"
                          HPOS="1564"
                          CONTENT="visus:"/>
                  <SP HEIGHT="54" WIDTH="15" VPOS="1545" HPOS="1715"/>
                  <String HEIGHT="54" WIDTH="91" VPOS="1545" HPOS="1669" CONTENT="et"/>
                  <SP HEIGHT="54" WIDTH="15" VPOS="1545" HPOS="1760"/>
                  <String HEIGHT="54"
                          WIDTH="76"
                          VPOS="1545"
                          HPOS="1699"
                          CONTENT="sic"/>
               </TextLine>
               <TextLine ID="r3l33"
                         BASELINE="1646"
                         HEIGHT="52"
                         WIDTH="713"
                         VPOS="1594"
                         HPOS="1060">
                  <String HEIGHT="52" WIDTH="89" VPOS="1594" HPOS="1045" CONTENT="de"/>
                  <SP HEIGHT="52" WIDTH="15" VPOS="1594" HPOS="1134"/>
                  <String HEIGHT="52"
                          WIDTH="134"
                          VPOS="1594"
                          HPOS="1090"
                          CONTENT="aliis"/>
                  <SP HEIGHT="52" WIDTH="15" VPOS="1594" HPOS="1223"/>
                  <String HEIGHT="52"
                          WIDTH="178"
                          VPOS="1594"
                          HPOS="1179"
                          CONTENT="organis."/>
                  <SP HEIGHT="52" WIDTH="15" VPOS="1594" HPOS="1357"/>
                  <String HEIGHT="52"
                          WIDTH="178"
                          VPOS="1594"
                          HPOS="1313"
                          CONTENT="Potentia"/>
                  <SP HEIGHT="52" WIDTH="15" VPOS="1594" HPOS="1491"/>
                  <String HEIGHT="52"
                          WIDTH="163"
                          VPOS="1594"
                          HPOS="1446"
                          CONTENT="tactiua"/>
                  <SP HEIGHT="52" WIDTH="15" VPOS="1594" HPOS="1610"/>
                  <String HEIGHT="52"
                          WIDTH="104"
                          VPOS="1594"
                          HPOS="1565"
                          CONTENT="est"/>
                  <SP HEIGHT="52" WIDTH="15" VPOS="1594" HPOS="1669"/>
                  <String HEIGHT="52"
                          WIDTH="119"
                          VPOS="1594"
                          HPOS="1624"
                          CONTENT="tota"/>
                  <SP HEIGHT="52" WIDTH="15" VPOS="1594" HPOS="1743"/>
                  <String HEIGHT="52"
                          WIDTH="89"
                          VPOS="1594"
                          HPOS="1684"
                          CONTENT="for"
                          SUBS_TYPE="HypPart1"
                          SUBS_CONTENT="forma"/>
                  <HYP CONTENT="-"/>
               </TextLine>
               <TextLine ID="r3l34"
                         BASELINE="1687"
                         HEIGHT="47"
                         WIDTH="722"
                         VPOS="1640"
                         HPOS="1050">
                  <String HEIGHT="47"
                          WIDTH="92"
                          VPOS="1640"
                          HPOS="1035"
                          CONTENT="ma"
                          SUBS_TYPE="HypPart2"
                          SUBS_CONTENT="forma"/>
                  <SP HEIGHT="47" WIDTH="15" VPOS="1640" HPOS="1127"/>
                  <String HEIGHT="47"
                          WIDTH="215"
                          VPOS="1640"
                          HPOS="1081"
                          CONTENT="sensitiua:"/>
                  <SP HEIGHT="47" WIDTH="15" VPOS="1640" HPOS="1296"/>
                  <String HEIGHT="47"
                          WIDTH="123"
                          VPOS="1640"
                          HPOS="1250"
                          CONTENT="quia"/>
                  <SP HEIGHT="47" WIDTH="15" VPOS="1640" HPOS="1373"/>
                  <String HEIGHT="47"
                          WIDTH="108"
                          VPOS="1640"
                          HPOS="1327"
                          CONTENT="per"/>
                  <SP HEIGHT="47" WIDTH="15" VPOS="1640" HPOS="1434"/>
                  <String HEIGHT="47"
                          WIDTH="200"
                          VPOS="1640"
                          HPOS="1388"
                          CONTENT="quanlibet"/>
                  <SP HEIGHT="47" WIDTH="15" VPOS="1640" HPOS="1588"/>
                  <String HEIGHT="47"
                          WIDTH="154"
                          VPOS="1640"
                          HPOS="1542"
                          CONTENT="partem"/>
                  <SP HEIGHT="47" WIDTH="15" VPOS="1640" HPOS="1695"/>
                  <String HEIGHT="47"
                          WIDTH="138"
                          VPOS="1640"
                          HPOS="1634"
                          CONTENT="informa"/>
               </TextLine>
               <TextLine ID="r3l35"
                         BASELINE="1725"
                         HEIGHT="42"
                         WIDTH="727"
                         VPOS="1683"
                         HPOS="1051">
                  <String HEIGHT="42"
                          WIDTH="118"
                          VPOS="1683"
                          HPOS="1034"
                          CONTENT="tam"/>
                  <SP HEIGHT="42" WIDTH="17" VPOS="1683" HPOS="1152"/>
                  <String HEIGHT="42"
                          WIDTH="152"
                          VPOS="1683"
                          HPOS="1102"
                          CONTENT="forma"/>
                  <SP HEIGHT="42" WIDTH="17" VPOS="1683" HPOS="1254"/>
                  <String HEIGHT="42"
                          WIDTH="220"
                          VPOS="1683"
                          HPOS="1203"
                          CONTENT="sensitiua"/>
                  <SP HEIGHT="42" WIDTH="17" VPOS="1683" HPOS="1423"/>
                  <String HEIGHT="42"
                          WIDTH="169"
                          VPOS="1683"
                          HPOS="1372"
                          CONTENT="potest"/>
                  <SP HEIGHT="42" WIDTH="17" VPOS="1683" HPOS="1541"/>
                  <String HEIGHT="42"
                          WIDTH="135"
                          VPOS="1683"
                          HPOS="1491"
                          CONTENT="homo"/>
                  <SP HEIGHT="42" WIDTH="17" VPOS="1683" HPOS="1626"/>
                  <String HEIGHT="42"
                          WIDTH="186"
                          VPOS="1683"
                          HPOS="1575"
                          CONTENT="tangere"/>
                  <SP HEIGHT="42" WIDTH="17" VPOS="1683" HPOS="1761"/>
                  <String HEIGHT="42"
                          WIDTH="85"
                          VPOS="1683"
                          HPOS="1693"
                          CONTENT="qua"/>
               </TextLine>
               <TextLine ID="r3l36"
                         BASELINE="1767"
                         HEIGHT="45"
                         WIDTH="717"
                         VPOS="1722"
                         HPOS="1051">
                  <String HEIGHT="45"
                          WIDTH="158"
                          VPOS="1722"
                          HPOS="1037"
                          CONTENT="litates"/>
                  <SP HEIGHT="45" WIDTH="14" VPOS="1722" HPOS="1194"/>
                  <String HEIGHT="45"
                          WIDTH="158"
                          VPOS="1722"
                          HPOS="1151"
                          CONTENT="primas:"/>
                  <SP HEIGHT="45" WIDTH="14" VPOS="1722" HPOS="1309"/>
                  <String HEIGHT="45" WIDTH="86" VPOS="1722" HPOS="1266" CONTENT="et"/>
                  <SP HEIGHT="45" WIDTH="14" VPOS="1722" HPOS="1352"/>
                  <String HEIGHT="45"
                          WIDTH="100"
                          VPOS="1722"
                          HPOS="1309"
                          CONTENT="hoc"/>
                  <SP HEIGHT="45" WIDTH="14" VPOS="1722" HPOS="1410"/>
                  <String HEIGHT="45"
                          WIDTH="115"
                          VPOS="1722"
                          HPOS="1366"
                          CONTENT="nisi"/>
                  <SP HEIGHT="45" WIDTH="14" VPOS="1722" HPOS="1481"/>
                  <String HEIGHT="45"
                          WIDTH="172"
                          VPOS="1722"
                          HPOS="1438"
                          CONTENT="deficiat"/>
                  <SP HEIGHT="45" WIDTH="14" VPOS="1722" HPOS="1610"/>
                  <String HEIGHT="45"
                          WIDTH="143"
                          VPOS="1722"
                          HPOS="1567"
                          CONTENT="aliqua"/>
                  <SP HEIGHT="45" WIDTH="14" VPOS="1722" HPOS="1711"/>
                  <String HEIGHT="45"
                          WIDTH="115"
                          VPOS="1722"
                          HPOS="1653"
                          CONTENT="dispo"
                          SUBS_TYPE="HypPart1"
                          SUBS_CONTENT="dispositio"/>
                  <HYP CONTENT="-"/>
               </TextLine>
               <TextLine ID="r3l37"
                         BASELINE="1816"
                         HEIGHT="54"
                         WIDTH="712"
                         VPOS="1762"
                         HPOS="1062">
                  <String HEIGHT="54"
                          WIDTH="136"
                          VPOS="1762"
                          HPOS="1047"
                          CONTENT="sitio"
                          SUBS_TYPE="HypPart2"
                          SUBS_CONTENT="dispositio"/>
                  <SP HEIGHT="54" WIDTH="15" VPOS="1762" HPOS="1183"/>
                  <String HEIGHT="54"
                          WIDTH="242"
                          VPOS="1762"
                          HPOS="1138"
                          CONTENT="accidentalis"/>
                  <SP HEIGHT="54" WIDTH="15" VPOS="1762" HPOS="1380"/>
                  <String HEIGHT="54"
                          WIDTH="212"
                          VPOS="1762"
                          HPOS="1335"
                          CONTENT="necessario"/>
                  <SP HEIGHT="54" WIDTH="15" VPOS="1762" HPOS="1547"/>
                  <String HEIGHT="54"
                          WIDTH="197"
                          VPOS="1762"
                          HPOS="1501"
                          CONTENT="requisita"/>
                  <SP HEIGHT="54" WIDTH="15" VPOS="1762" HPOS="1698"/>
                  <String HEIGHT="54"
                          WIDTH="106"
                          VPOS="1762"
                          HPOS="1653"
                          CONTENT="pro"/>
                  <SP HEIGHT="54" WIDTH="15" VPOS="1762" HPOS="1759"/>
                  <String HEIGHT="54"
                          WIDTH="76"
                          VPOS="1762"
                          HPOS="1698"
                          CONTENT="hu"
                          SUBS_TYPE="HypPart1"
                          SUBS_CONTENT="humoribus:"/>
                  <HYP CONTENT="-"/>
               </TextLine>
               <TextLine ID="r3l38"
                         BASELINE="1857"
                         HEIGHT="43"
                         WIDTH="718"
                         VPOS="1814"
                         HPOS="1053">
                  <String HEIGHT="43"
                          WIDTH="191"
                          VPOS="1814"
                          HPOS="1037"
                          CONTENT="moribus:"
                          SUBS_TYPE="HypPart2"
                          SUBS_CONTENT="humoribus:"/>
                  <SP HEIGHT="43" WIDTH="16" VPOS="1814" HPOS="1229"/>
                  <String HEIGHT="43"
                          WIDTH="112"
                          VPOS="1814"
                          HPOS="1181"
                          CONTENT="pro"/>
                  <SP HEIGHT="43" WIDTH="16" VPOS="1814" HPOS="1292"/>
                  <String HEIGHT="43"
                          WIDTH="207"
                          VPOS="1814"
                          HPOS="1244"
                          CONTENT="alimentis"/>
                  <SP HEIGHT="43" WIDTH="16" VPOS="1814" HPOS="1452"/>
                  <String HEIGHT="43" WIDTH="96" VPOS="1814" HPOS="1404" CONTENT="et"/>
                  <SP HEIGHT="43" WIDTH="16" VPOS="1814" HPOS="1500"/>
                  <String HEIGHT="43"
                          WIDTH="112"
                          VPOS="1814"
                          HPOS="1452"
                          CONTENT="pro"/>
                  <SP HEIGHT="43" WIDTH="16" VPOS="1814" HPOS="1564"/>
                  <String HEIGHT="43"
                          WIDTH="191"
                          VPOS="1814"
                          HPOS="1516"
                          CONTENT="motibus:"/>
                  <SP HEIGHT="43" WIDTH="16" VPOS="1814" HPOS="1707"/>
                  <String HEIGHT="43"
                          WIDTH="112"
                          VPOS="1814"
                          HPOS="1659"
                          CONTENT="vbi"/>
                  <SP HEIGHT="43" WIDTH="16" VPOS="1814" HPOS="1771"/>
                  <String HEIGHT="43" WIDTH="64" VPOS="1814" HPOS="1707" CONTENT="ap"/>
               </TextLine>
               <TextLine ID="r3l39"
                         BASELINE="1909"
                         HEIGHT="51"
                         WIDTH="722"
                         VPOS="1858"
                         HPOS="1050">
                  <String HEIGHT="51"
                          WIDTH="141"
                          VPOS="1858"
                          HPOS="1034"
                          CONTENT="paret"/>
                  <SP HEIGHT="51" WIDTH="16" VPOS="1858" HPOS="1176"/>
                  <String HEIGHT="51"
                          WIDTH="126"
                          VPOS="1858"
                          HPOS="1128"
                          CONTENT="quod"/>
                  <SP HEIGHT="51" WIDTH="16" VPOS="1858" HPOS="1254"/>
                  <String HEIGHT="51"
                          WIDTH="141"
                          VPOS="1858"
                          HPOS="1207"
                          CONTENT="primo"/>
                  <SP HEIGHT="51" WIDTH="16" VPOS="1858" HPOS="1348"/>
                  <String HEIGHT="51"
                          WIDTH="110"
                          VPOS="1858"
                          HPOS="1301"
                          CONTENT="vna"/>
                  <SP HEIGHT="51" WIDTH="16" VPOS="1858" HPOS="1411"/>
                  <String HEIGHT="51"
                          WIDTH="126"
                          VPOS="1858"
                          HPOS="1364"
                          CONTENT="pars"/>
                  <SP HEIGHT="51" WIDTH="16" VPOS="1858" HPOS="1489"/>
                  <String HEIGHT="51"
                          WIDTH="173"
                          VPOS="1858"
                          HPOS="1442"
                          CONTENT="amittit"/>
                  <SP HEIGHT="51" WIDTH="16" VPOS="1858" HPOS="1615"/>
                  <String HEIGHT="51"
                          WIDTH="141"
                          VPOS="1858"
                          HPOS="1568"
                          CONTENT="actum"/>
                  <SP HEIGHT="51" WIDTH="16" VPOS="1858" HPOS="1709"/>
                  <String HEIGHT="51"
                          WIDTH="126"
                          VPOS="1858"
                          HPOS="1646"
                          CONTENT="tangen"/>
               </TextLine>
               <TextLine ID="r3l40"
                         BASELINE="1941"
                         HEIGHT="49"
                         WIDTH="712"
                         VPOS="1892"
                         HPOS="1051">
                  <String HEIGHT="49" WIDTH="89" VPOS="1892" HPOS="1036" CONTENT="di"/>
                  <SP HEIGHT="49" WIDTH="15" VPOS="1892" HPOS="1125"/>
                  <String HEIGHT="49" WIDTH="89" VPOS="1892" HPOS="1081" CONTENT="et"/>
                  <SP HEIGHT="49" WIDTH="15" VPOS="1892" HPOS="1170"/>
                  <String HEIGHT="49"
                          WIDTH="148"
                          VPOS="1892"
                          HPOS="1125"
                          CONTENT="postea"/>
                  <SP HEIGHT="49" WIDTH="15" VPOS="1892" HPOS="1274"/>
                  <String HEIGHT="49"
                          WIDTH="119"
                          VPOS="1892"
                          HPOS="1229"
                          CONTENT="alia"/>
                  <SP HEIGHT="49" WIDTH="15" VPOS="1892" HPOS="1348"/>
                  <String HEIGHT="49"
                          WIDTH="119"
                          VPOS="1892"
                          HPOS="1303"
                          CONTENT="pars"/>
                  <SP HEIGHT="49" WIDTH="15" VPOS="1892" HPOS="1422"/>
                  <String HEIGHT="49" WIDTH="89" VPOS="1892" HPOS="1377" CONTENT="in"/>
                  <SP HEIGHT="49" WIDTH="15" VPOS="1892" HPOS="1466"/>
                  <String HEIGHT="49"
                          WIDTH="148"
                          VPOS="1892"
                          HPOS="1422"
                          CONTENT="quibus"/>
                  <SP HEIGHT="49" WIDTH="15" VPOS="1892" HPOS="1570"/>
                  <String HEIGHT="49"
                          WIDTH="178"
                          VPOS="1892"
                          HPOS="1526"
                          CONTENT="partibus"/>
                  <SP HEIGHT="49" WIDTH="15" VPOS="1892" HPOS="1704"/>
                  <String HEIGHT="49"
                          WIDTH="104"
                          VPOS="1892"
                          HPOS="1659"
                          CONTENT="est"/>
                  <SP HEIGHT="49" WIDTH="15" VPOS="1892" HPOS="1763"/>
                  <String HEIGHT="49" WIDTH="59" VPOS="1892" HPOS="1704" CONTENT="ve"/>
               </TextLine>
               <TextLine ID="r3l41"
                         BASELINE="1987"
                         HEIGHT="48"
                         WIDTH="724"
                         VPOS="1939"
                         HPOS="1051">
                  <String HEIGHT="48" WIDTH="80" VPOS="1939" HPOS="1038" CONTENT="re"/>
                  <SP HEIGHT="48" WIDTH="13" VPOS="1939" HPOS="1118"/>
                  <String HEIGHT="48"
                          WIDTH="121"
                          VPOS="1939"
                          HPOS="1078"
                          CONTENT="anima"/>
                  <SP HEIGHT="48" WIDTH="13" VPOS="1939" HPOS="1198"/>
                  <String HEIGHT="48"
                          WIDTH="174"
                          VPOS="1939"
                          HPOS="1158"
                          CONTENT="sensitiua"/>
                  <SP HEIGHT="48" WIDTH="13" VPOS="1939" HPOS="1333"/>
                  <String HEIGHT="48"
                          WIDTH="107"
                          VPOS="1939"
                          HPOS="1292"
                          CONTENT="quae"/>
                  <SP HEIGHT="48" WIDTH="13" VPOS="1939" HPOS="1400"/>
                  <String HEIGHT="48"
                          WIDTH="94"
                          VPOS="1939"
                          HPOS="1359"
                          CONTENT="non"/>
                  <SP HEIGHT="48" WIDTH="13" VPOS="1939" HPOS="1453"/>
                  <String HEIGHT="48"
                          WIDTH="147"
                          VPOS="1939"
                          HPOS="1413"
                          CONTENT="possunt"/>
                  <SP HEIGHT="48" WIDTH="13" VPOS="1939" HPOS="1560"/>
                  <String HEIGHT="48"
                          WIDTH="161"
                          VPOS="1939"
                          HPOS="1520"
                          CONTENT="sentire:"/>
                  <SP HEIGHT="48" WIDTH="13" VPOS="1939" HPOS="1681"/>
                  <String HEIGHT="48"
                          WIDTH="107"
                          VPOS="1939"
                          HPOS="1641"
                          CONTENT="quia"/>
                  <SP HEIGHT="48" WIDTH="13" VPOS="1939" HPOS="1748"/>
                  <String HEIGHT="48"
                          WIDTH="80"
                          VPOS="1939"
                          HPOS="1695"
                          CONTENT="dis"
                          SUBS_TYPE="HypPart1"
                          SUBS_CONTENT="dispositio"/>
                  <HYP CONTENT="-"/>
               </TextLine>
               <TextLine ID="r3l42"
                         BASELINE="2037"
                         HEIGHT="51"
                         WIDTH="727"
                         VPOS="1986"
                         HPOS="1050">
                  <String HEIGHT="51"
                          WIDTH="160"
                          VPOS="1986"
                          HPOS="1035"
                          CONTENT="positio"
                          SUBS_TYPE="HypPart2"
                          SUBS_CONTENT="dispositio"/>
                  <SP HEIGHT="51" WIDTH="15" VPOS="1986" HPOS="1195"/>
                  <String HEIGHT="51"
                          WIDTH="233"
                          VPOS="1986"
                          HPOS="1152"
                          CONTENT="accidentalis"/>
                  <SP HEIGHT="51" WIDTH="15" VPOS="1986" HPOS="1384"/>
                  <String HEIGHT="51"
                          WIDTH="116"
                          VPOS="1986"
                          HPOS="1341"
                          CONTENT="quae"/>
                  <SP HEIGHT="51" WIDTH="15" VPOS="1986" HPOS="1457"/>
                  <String HEIGHT="51"
                          WIDTH="204"
                          VPOS="1986"
                          HPOS="1414"
                          CONTENT="necessario"/>
                  <SP HEIGHT="51" WIDTH="15" VPOS="1986" HPOS="1617"/>
                  <String HEIGHT="51" WIDTH="87" VPOS="1986" HPOS="1573" CONTENT="ad"/>
                  <SP HEIGHT="51" WIDTH="15" VPOS="1986" HPOS="1661"/>
                  <String HEIGHT="51"
                          WIDTH="131"
                          VPOS="1986"
                          HPOS="1617"
                          CONTENT="actum"/>
                  <SP HEIGHT="51" WIDTH="15" VPOS="1986" HPOS="1748"/>
                  <String HEIGHT="51"
                          WIDTH="87"
                          VPOS="1986"
                          HPOS="1690"
                          CONTENT="sen"
                          SUBS_TYPE="HypPart1"
                          SUBS_CONTENT="sentiendi"/>
                  <HYP CONTENT="-"/>
               </TextLine>
               <TextLine ID="r3l43"
                         BASELINE="2080"
                         HEIGHT="50"
                         WIDTH="717"
                         VPOS="2030"
                         HPOS="1054">
                  <String HEIGHT="50"
                          WIDTH="143"
                          VPOS="2030"
                          HPOS="1040"
                          CONTENT="tiendi"
                          SUBS_TYPE="HypPart2"
                          SUBS_CONTENT="sentiendi"/>
                  <SP HEIGHT="50" WIDTH="14" VPOS="2030" HPOS="1183"/>
                  <String HEIGHT="50"
                          WIDTH="201"
                          VPOS="2030"
                          HPOS="1140"
                          CONTENT="requiritur"/>
                  <SP HEIGHT="50" WIDTH="14" VPOS="2030" HPOS="1341"/>
                  <String HEIGHT="50"
                          WIDTH="158"
                          VPOS="2030"
                          HPOS="1298"
                          CONTENT="deficit"/>
                  <SP HEIGHT="50" WIDTH="14" VPOS="2030" HPOS="1456"/>
                  <String HEIGHT="50" WIDTH="86" VPOS="2030" HPOS="1413" CONTENT="in"/>
                  <SP HEIGHT="50" WIDTH="14" VPOS="2030" HPOS="1499"/>
                  <String HEIGHT="50"
                          WIDTH="129"
                          VPOS="2030"
                          HPOS="1456"
                          CONTENT="illis"/>
                  <SP HEIGHT="50" WIDTH="14" VPOS="2030" HPOS="1585"/>
                  <String HEIGHT="50" WIDTH="86" VPOS="2030" HPOS="1542" CONTENT="et"/>
                  <SP HEIGHT="50" WIDTH="14" VPOS="2030" HPOS="1628"/>
                  <String HEIGHT="50"
                          WIDTH="201"
                          VPOS="2030"
                          HPOS="1570"
                          CONTENT="corrumpitur:"/>
               </TextLine>
               <TextLine ID="r3l44"
                         BASELINE="2133"
                         HEIGHT="63"
                         WIDTH="570"
                         VPOS="2070"
                         HPOS="1051">
                  <String HEIGHT="63"
                          WIDTH="111"
                          VPOS="2070"
                          HPOS="1035"
                          CONTENT="non"/>
                  <SP HEIGHT="63" WIDTH="16" VPOS="2070" HPOS="1146"/>
                  <String HEIGHT="63"
                          WIDTH="143"
                          VPOS="2070"
                          HPOS="1099"
                          CONTENT="autem"/>
                  <SP HEIGHT="63" WIDTH="16" VPOS="2070" HPOS="1241"/>
                  <String HEIGHT="63"
                          WIDTH="127"
                          VPOS="2070"
                          HPOS="1194"
                          CONTENT="illa"/>
                  <SP HEIGHT="63" WIDTH="16" VPOS="2070" HPOS="1320"/>
                  <String HEIGHT="63"
                          WIDTH="127"
                          VPOS="2070"
                          HPOS="1273"
                          CONTENT="pars"/>
                  <SP HEIGHT="63" WIDTH="16" VPOS="2070" HPOS="1399"/>
                  <String HEIGHT="63"
                          WIDTH="143"
                          VPOS="2070"
                          HPOS="1352"
                          CONTENT="forme"/>
                  <SP HEIGHT="63" WIDTH="16" VPOS="2070" HPOS="1494"/>
                  <String HEIGHT="63"
                          WIDTH="190"
                          VPOS="2070"
                          HPOS="1431"
                          CONTENT="sensitiue."/>
               </TextLine>
               <TextLine ID="r3l45"
                         BASELINE="2206"
                         HEIGHT="84"
                         WIDTH="709"
                         VPOS="2122"
                         HPOS="1057">
                  <String HEIGHT="84" WIDTH="129" VPOS="2122" HPOS="1025" CONTENT=""/>
                  <SP HEIGHT="84" WIDTH="32" VPOS="2122" HPOS="1154"/>
                  <String HEIGHT="84"
                          WIDTH="290"
                          VPOS="2122"
                          HPOS="1057"
                          CONTENT="Circa"/>
                  <SP HEIGHT="84" WIDTH="32" VPOS="2122" HPOS="1347"/>
                  <String HEIGHT="84"
                          WIDTH="387"
                          VPOS="2122"
                          HPOS="1250"
                          CONTENT="predicta"/>
                  <SP HEIGHT="84" WIDTH="32" VPOS="2122" HPOS="1637"/>
                  <String HEIGHT="84"
                          WIDTH="258"
                          VPOS="2122"
                          HPOS="1508"
                          CONTENT="materi"/>
               </TextLine>
               <TextLine ID="r3l46"
                         BASELINE="2259"
                         HEIGHT="55"
                         WIDTH="719"
                         VPOS="2204"
                         HPOS="1050">
                  <String HEIGHT="55" WIDTH="90" VPOS="2204" HPOS="1035" CONTENT="am"/>
                  <SP HEIGHT="55" WIDTH="15" VPOS="2204" HPOS="1125"/>
                  <String HEIGHT="55"
                          WIDTH="180"
                          VPOS="2204"
                          HPOS="1080"
                          CONTENT="notandum"/>
                  <SP HEIGHT="55" WIDTH="15" VPOS="2204" HPOS="1260"/>
                  <String HEIGHT="55"
                          WIDTH="135"
                          VPOS="2204"
                          HPOS="1215"
                          CONTENT="primo"/>
                  <SP HEIGHT="55" WIDTH="15" VPOS="2204" HPOS="1350"/>
                  <String HEIGHT="55"
                          WIDTH="120"
                          VPOS="2204"
                          HPOS="1305"
                          CONTENT="quod"/>
                  <SP HEIGHT="55" WIDTH="15" VPOS="2204" HPOS="1424"/>
                  <String HEIGHT="55"
                          WIDTH="150"
                          VPOS="2204"
                          HPOS="1380"
                          CONTENT="conlor"/>
                  <SP HEIGHT="55" WIDTH="15" VPOS="2204" HPOS="1529"/>
                  <String HEIGHT="55"
                          WIDTH="180"
                          VPOS="2204"
                          HPOS="1484"
                          CONTENT="causatus"/>
                  <SP HEIGHT="55" WIDTH="15" VPOS="2204" HPOS="1664"/>
                  <String HEIGHT="55" WIDTH="90" VPOS="2204" HPOS="1619" CONTENT="ex"/>
                  <SP HEIGHT="55" WIDTH="15" VPOS="2204" HPOS="1709"/>
                  <String HEIGHT="55"
                          WIDTH="120"
                          VPOS="2204"
                          HPOS="1649"
                          CONTENT="transi"/>
               </TextLine>
               <TextLine ID="r3l47"
                         BASELINE="2303"
                         HEIGHT="48"
                         WIDTH="713"
                         VPOS="2255"
                         HPOS="1048">
                  <String HEIGHT="48" WIDTH="79" VPOS="2255" HPOS="1035" CONTENT="tu"/>
                  <SP HEIGHT="48" WIDTH="13" VPOS="2255" HPOS="1114"/>
                  <String HEIGHT="48"
                          WIDTH="119"
                          VPOS="2255"
                          HPOS="1074"
                          CONTENT="radii"/>
                  <SP HEIGHT="48" WIDTH="13" VPOS="2255" HPOS="1193"/>
                  <String HEIGHT="48"
                          WIDTH="145"
                          VPOS="2255"
                          HPOS="1154"
                          CONTENT="solaris"/>
                  <SP HEIGHT="48" WIDTH="13" VPOS="2255" HPOS="1299"/>
                  <String HEIGHT="48"
                          WIDTH="92"
                          VPOS="2255"
                          HPOS="1259"
                          CONTENT="per"/>
                  <SP HEIGHT="48" WIDTH="13" VPOS="2255" HPOS="1352"/>
                  <String HEIGHT="48"
                          WIDTH="132"
                          VPOS="2255"
                          HPOS="1312"
                          CONTENT="vitrum"/>
                  <SP HEIGHT="48" WIDTH="13" VPOS="2255" HPOS="1444"/>
                  <String HEIGHT="48"
                          WIDTH="92"
                          VPOS="2255"
                          HPOS="1405"
                          CONTENT="est"/>
                  <SP HEIGHT="48" WIDTH="13" VPOS="2255" HPOS="1497"/>
                  <String HEIGHT="48"
                          WIDTH="185"
                          VPOS="2255"
                          HPOS="1457"
                          CONTENT="subiectiue"/>
                  <SP HEIGHT="48" WIDTH="13" VPOS="2255" HPOS="1642"/>
                  <String HEIGHT="48" WIDTH="79" VPOS="2255" HPOS="1603" CONTENT="im"/>
                  <SP HEIGHT="48" WIDTH="13" VPOS="2255" HPOS="1682"/>
                  <String HEIGHT="48"
                          WIDTH="106"
                          VPOS="2255"
                          HPOS="1642"
                          CONTENT="aere"/>
                  <SP HEIGHT="48" WIDTH="13" VPOS="2255" HPOS="1748"/>
                  <String HEIGHT="48"
                          WIDTH="66"
                          VPOS="2255"
                          HPOS="1695"
                          CONTENT="pro"/>
               </TextLine>
               <TextLine ID="r3l48"
                         BASELINE="2348"
                         HEIGHT="52"
                         WIDTH="715"
                         VPOS="2296"
                         HPOS="1054">
                  <String HEIGHT="52"
                          WIDTH="152"
                          VPOS="2296"
                          HPOS="1039"
                          CONTENT="pinquo"/>
                  <SP HEIGHT="52" WIDTH="15" VPOS="2296" HPOS="1191"/>
                  <String HEIGHT="52"
                          WIDTH="167"
                          VPOS="2296"
                          HPOS="1145"
                          CONTENT="parieti"/>
                  <SP HEIGHT="52" WIDTH="15" VPOS="2296" HPOS="1313"/>
                  <String HEIGHT="52" WIDTH="91" VPOS="2296" HPOS="1267" CONTENT="et"/>
                  <SP HEIGHT="52" WIDTH="15" VPOS="2296" HPOS="1358"/>
                  <String HEIGHT="52"
                          WIDTH="106"
                          VPOS="2296"
                          HPOS="1313"
                          CONTENT="non"/>
                  <SP HEIGHT="52" WIDTH="15" VPOS="2296" HPOS="1419"/>
                  <String HEIGHT="52" WIDTH="91" VPOS="2296" HPOS="1373" CONTENT="in"/>
                  <SP HEIGHT="52" WIDTH="15" VPOS="2296" HPOS="1465"/>
                  <String HEIGHT="52"
                          WIDTH="183"
                          VPOS="2296"
                          HPOS="1419"
                          CONTENT="pariete."/>
                  <SP HEIGHT="52" WIDTH="15" VPOS="2296" HPOS="1602"/>
                  <String HEIGHT="52" WIDTH="91" VPOS="2296" HPOS="1556" CONTENT="Et"/>
                  <SP HEIGHT="52" WIDTH="15" VPOS="2296" HPOS="1647"/>
                  <String HEIGHT="52" WIDTH="91" VPOS="2296" HPOS="1602" CONTENT="ad"/>
                  <SP HEIGHT="52" WIDTH="15" VPOS="2296" HPOS="1693"/>
                  <String HEIGHT="52"
                          WIDTH="137"
                          VPOS="2296"
                          HPOS="1632"
                          CONTENT="obiecti"/>
               </TextLine>
               <TextLine ID="r3l49"
                         BASELINE="2389"
                         HEIGHT="51"
                         WIDTH="701"
                         VPOS="2338"
                         HPOS="1059">
                  <String HEIGHT="51"
                          WIDTH="125"
                          VPOS="2338"
                          HPOS="1043"
                          CONTENT="ones"/>
                  <SP HEIGHT="51" WIDTH="16" VPOS="2338" HPOS="1168"/>
                  <String HEIGHT="51"
                          WIDTH="171"
                          VPOS="2338"
                          HPOS="1121"
                          CONTENT="aliquas"/>
                  <SP HEIGHT="51" WIDTH="16" VPOS="2338" HPOS="1293"/>
                  <String HEIGHT="51"
                          WIDTH="109"
                          VPOS="2338"
                          HPOS="1246"
                          CONTENT="que"/>
                  <SP HEIGHT="51" WIDTH="16" VPOS="2338" HPOS="1355"/>
                  <String HEIGHT="51"
                          WIDTH="125"
                          VPOS="2338"
                          HPOS="1308"
                          CONTENT="sunt"/>
                  <SP HEIGHT="51" WIDTH="16" VPOS="2338" HPOS="1433"/>
                  <String HEIGHT="51"
                          WIDTH="156"
                          VPOS="2338"
                          HPOS="1386"
                          CONTENT="contra"/>
                  <SP HEIGHT="51" WIDTH="16" VPOS="2338" HPOS="1542"/>
                  <String HEIGHT="51"
                          WIDTH="109"
                          VPOS="2338"
                          HPOS="1495"
                          CONTENT="hoc"/>
                  <SP HEIGHT="51" WIDTH="16" VPOS="2338" HPOS="1604"/>
                  <String HEIGHT="51"
                          WIDTH="156"
                          VPOS="2338"
                          HPOS="1557"
                          CONTENT="patuit"/>
                  <SP HEIGHT="51" WIDTH="16" VPOS="2338" HPOS="1713"/>
                  <String HEIGHT="51"
                          WIDTH="109"
                          VPOS="2338"
                          HPOS="1651"
                          CONTENT="prius"/>
               </TextLine>
               <TextLine ID="r3l50"
                         BASELINE="2430"
                         HEIGHT="46"
                         WIDTH="730"
                         VPOS="2384"
                         HPOS="1048">
                  <String HEIGHT="46" WIDTH="78" VPOS="2384" HPOS="1032" CONTENT=""/>
                  <SP HEIGHT="46" WIDTH="16" VPOS="2384" HPOS="1110"/>
                  <String HEIGHT="46"
                          WIDTH="140"
                          VPOS="2384"
                          HPOS="1064"
                          CONTENT="Istem"/>
                  <SP HEIGHT="46" WIDTH="16" VPOS="2384" HPOS="1203"/>
                  <String HEIGHT="46"
                          WIDTH="186"
                          VPOS="2384"
                          HPOS="1157"
                          CONTENT="notandum"/>
                  <SP HEIGHT="46" WIDTH="16" VPOS="2384" HPOS="1343"/>
                  <String HEIGHT="46"
                          WIDTH="109"
                          VPOS="2384"
                          HPOS="1297"
                          CONTENT="est"/>
                  <SP HEIGHT="46" WIDTH="16" VPOS="2384" HPOS="1405"/>
                  <String HEIGHT="46"
                          WIDTH="124"
                          VPOS="2384"
                          HPOS="1359"
                          CONTENT="quod"/>
                  <SP HEIGHT="46" WIDTH="16" VPOS="2384" HPOS="1483"/>
                  <String HEIGHT="46"
                          WIDTH="140"
                          VPOS="2384"
                          HPOS="1436"
                          CONTENT="licet"/>
                  <SP HEIGHT="46" WIDTH="16" VPOS="2384" HPOS="1576"/>
                  <String HEIGHT="46"
                          WIDTH="233"
                          VPOS="2384"
                          HPOS="1529"
                          CONTENT="commentator"/>
                  <SP HEIGHT="46" WIDTH="16" VPOS="2384" HPOS="1762"/>
                  <String HEIGHT="46"
                          WIDTH="78"
                          VPOS="2384"
                          HPOS="1700"
                          CONTENT="po"
                          SUBS_TYPE="HypPart1"
                          SUBS_CONTENT="ponat"/>
                  <HYP CONTENT="-"/>
               </TextLine>
               <TextLine ID="r3l51"
                         BASELINE="2483"
                         HEIGHT="54"
                         WIDTH="721"
                         VPOS="2429"
                         HPOS="1054">
                  <String HEIGHT="54"
                          WIDTH="110"
                          VPOS="2429"
                          HPOS="1038"
                          CONTENT="nat"
                          SUBS_TYPE="HypPart2"
                          SUBS_CONTENT="ponat"/>
                  <SP HEIGHT="54" WIDTH="16" VPOS="2429" HPOS="1148"/>
                  <String HEIGHT="54"
                          WIDTH="172"
                          VPOS="2429"
                          HPOS="1101"
                          CONTENT="septimo"/>
                  <SP HEIGHT="54" WIDTH="16" VPOS="2429" HPOS="1273"/>
                  <String HEIGHT="54"
                          WIDTH="235"
                          VPOS="2429"
                          HPOS="1226"
                          CONTENT="phisicorum."/>
                  <SP HEIGHT="54" WIDTH="16" VPOS="2429" HPOS="1462"/>
                  <String HEIGHT="54"
                          WIDTH="125"
                          VPOS="2429"
                          HPOS="1415"
                          CONTENT="quod"/>
                  <SP HEIGHT="54" WIDTH="16" VPOS="2429" HPOS="1540"/>
                  <String HEIGHT="54"
                          WIDTH="141"
                          VPOS="2429"
                          HPOS="1493"
                          CONTENT="licet"/>
                  <SP HEIGHT="54" WIDTH="16" VPOS="2429" HPOS="1634"/>
                  <String HEIGHT="54"
                          WIDTH="157"
                          VPOS="2429"
                          HPOS="1587"
                          CONTENT="magnes"/>
                  <SP HEIGHT="54" WIDTH="16" VPOS="2429" HPOS="1744"/>
                  <String HEIGHT="54"
                          WIDTH="94"
                          VPOS="2429"
                          HPOS="1681"
                          CONTENT="cau"
                          SUBS_TYPE="HypPart1"
                          SUBS_CONTENT="causet"/>
                  <HYP CONTENT="-"/>
               </TextLine>
               <TextLine ID="r3l52"
                         BASELINE="2514"
                         HEIGHT="41"
                         WIDTH="715"
                         VPOS="2473"
                         HPOS="1054">
                  <String HEIGHT="41"
                          WIDTH="111"
                          VPOS="2473"
                          HPOS="1038"
                          CONTENT="set"
                          SUBS_TYPE="HypPart2"
                          SUBS_CONTENT="causet"/>
                  <SP HEIGHT="41" WIDTH="16" VPOS="2473" HPOS="1149"/>
                  <String HEIGHT="41"
                          WIDTH="175"
                          VPOS="2473"
                          HPOS="1102"
                          CONTENT="aliquam"/>
                  <SP HEIGHT="41" WIDTH="16" VPOS="2473" HPOS="1276"/>
                  <String HEIGHT="41"
                          WIDTH="191"
                          VPOS="2473"
                          HPOS="1229"
                          CONTENT="virtutem"/>
                  <SP HEIGHT="41" WIDTH="16" VPOS="2473" HPOS="1419"/>
                  <String HEIGHT="41" WIDTH="95" VPOS="2473" HPOS="1372" CONTENT="in"/>
                  <SP HEIGHT="41" WIDTH="16" VPOS="2473" HPOS="1467"/>
                  <String HEIGHT="41"
                          WIDTH="143"
                          VPOS="2473"
                          HPOS="1419"
                          CONTENT="medio"/>
                  <SP HEIGHT="41" WIDTH="16" VPOS="2473" HPOS="1562"/>
                  <String HEIGHT="41" WIDTH="95" VPOS="2473" HPOS="1515" CONTENT="et"/>
                  <SP HEIGHT="41" WIDTH="16" VPOS="2473" HPOS="1610"/>
                  <String HEIGHT="41" WIDTH="95" VPOS="2473" HPOS="1562" CONTENT="in"/>
                  <SP HEIGHT="41" WIDTH="16" VPOS="2473" HPOS="1658"/>
                  <String HEIGHT="41"
                          WIDTH="143"
                          VPOS="2473"
                          HPOS="1610"
                          CONTENT="ferro"/>
                  <SP HEIGHT="41" WIDTH="16" VPOS="2473" HPOS="1753"/>
                  <String HEIGHT="41"
                          WIDTH="79"
                          VPOS="2473"
                          HPOS="1690"
                          CONTENT="ra"
                          SUBS_TYPE="HypPart1"
                          SUBS_CONTENT="ratione"/>
                  <HYP CONTENT="-"/>
               </TextLine>
               <TextLine ID="r3l53"
                         BASELINE="2566"
                         HEIGHT="56"
                         WIDTH="714"
                         VPOS="2510"
                         HPOS="1054">
                  <String HEIGHT="56"
                          WIDTH="143"
                          VPOS="2510"
                          HPOS="1038"
                          CONTENT="tione"
                          SUBS_TYPE="HypPart2"
                          SUBS_CONTENT="ratione"/>
                  <SP HEIGHT="56" WIDTH="16" VPOS="2510" HPOS="1181"/>
                  <String HEIGHT="56"
                          WIDTH="143"
                          VPOS="2510"
                          HPOS="1133"
                          CONTENT="cuius"/>
                  <SP HEIGHT="56" WIDTH="16" VPOS="2510" HPOS="1276"/>
                  <String HEIGHT="56"
                          WIDTH="175"
                          VPOS="2510"
                          HPOS="1229"
                          CONTENT="mouetur"/>
                  <SP HEIGHT="56" WIDTH="16" VPOS="2510" HPOS="1403"/>
                  <String HEIGHT="56"
                          WIDTH="159"
                          VPOS="2510"
                          HPOS="1355"
                          CONTENT="ferrum"/>
                  <SP HEIGHT="56" WIDTH="16" VPOS="2510" HPOS="1514"/>
                  <String HEIGHT="56" WIDTH="95" VPOS="2510" HPOS="1467" CONTENT="ad"/>
                  <SP HEIGHT="56" WIDTH="16" VPOS="2510" HPOS="1562"/>
                  <String HEIGHT="56"
                          WIDTH="206"
                          VPOS="2510"
                          HPOS="1514"
                          CONTENT="magnetem."/>
                  <SP HEIGHT="56" WIDTH="16" VPOS="2510" HPOS="1720"/>
                  <String HEIGHT="56"
                          WIDTH="111"
                          VPOS="2510"
                          HPOS="1657"
                          CONTENT="tamen"/>
               </TextLine>
               <TextLine ID="r3l54"
                         BASELINE="2609"
                         HEIGHT="52"
                         WIDTH="708"
                         VPOS="2557"
                         HPOS="1057">
                  <String HEIGHT="52"
                          WIDTH="123"
                          VPOS="2557"
                          HPOS="1043"
                          CONTENT="sicut"/>
                  <SP HEIGHT="52" WIDTH="14" VPOS="2557" HPOS="1166"/>
                  <String HEIGHT="52"
                          WIDTH="163"
                          VPOS="2557"
                          HPOS="1125"
                          CONTENT="probatum"/>
                  <SP HEIGHT="52" WIDTH="14" VPOS="2557" HPOS="1288"/>
                  <String HEIGHT="52"
                          WIDTH="95"
                          VPOS="2557"
                          HPOS="1248"
                          CONTENT="est"/>
                  <SP HEIGHT="52" WIDTH="14" VPOS="2557" HPOS="1343"/>
                  <String HEIGHT="52"
                          WIDTH="150"
                          VPOS="2557"
                          HPOS="1302"
                          CONTENT="oportet"/>
                  <SP HEIGHT="52" WIDTH="14" VPOS="2557" HPOS="1452"/>
                  <String HEIGHT="52"
                          WIDTH="95"
                          VPOS="2557"
                          HPOS="1411"
                          CONTENT="cum"/>
                  <SP HEIGHT="52" WIDTH="14" VPOS="2557" HPOS="1506"/>
                  <String HEIGHT="52"
                          WIDTH="95"
                          VPOS="2557"
                          HPOS="1465"
                          CONTENT="hoc"/>
                  <SP HEIGHT="52" WIDTH="14" VPOS="2557" HPOS="1561"/>
                  <String HEIGHT="52"
                          WIDTH="136"
                          VPOS="2557"
                          HPOS="1520"
                          CONTENT="ponere"/>
                  <SP HEIGHT="52" WIDTH="14" VPOS="2557" HPOS="1656"/>
                  <String HEIGHT="52"
                          WIDTH="109"
                          VPOS="2557"
                          HPOS="1615"
                          CONTENT="quod"/>
                  <SP HEIGHT="52" WIDTH="14" VPOS="2557" HPOS="1724"/>
                  <String HEIGHT="52"
                          WIDTH="95"
                          VPOS="2557"
                          HPOS="1670"
                          CONTENT="lapis"/>
               </TextLine>
               <TextLine ID="r3l55"
                         BASELINE="2660"
                         HEIGHT="53"
                         WIDTH="717"
                         VPOS="2607"
                         HPOS="1051">
                  <String HEIGHT="53"
                          WIDTH="186"
                          VPOS="2607"
                          HPOS="1037"
                          CONTENT="immediate"/>
                  <SP HEIGHT="53" WIDTH="14" VPOS="2607" HPOS="1223"/>
                  <String HEIGHT="53"
                          WIDTH="143"
                          VPOS="2607"
                          HPOS="1180"
                          CONTENT="habeat"/>
                  <SP HEIGHT="53" WIDTH="14" VPOS="2607" HPOS="1323"/>
                  <String HEIGHT="53"
                          WIDTH="215"
                          VPOS="2607"
                          HPOS="1280"
                          CONTENT="actiuitatem"/>
                  <SP HEIGHT="53" WIDTH="14" VPOS="2607" HPOS="1496"/>
                  <String HEIGHT="53"
                          WIDTH="172"
                          VPOS="2607"
                          HPOS="1453"
                          CONTENT="respectu"/>
                  <SP HEIGHT="53" WIDTH="14" VPOS="2607" HPOS="1625"/>
                  <String HEIGHT="53"
                          WIDTH="143"
                          VPOS="2607"
                          HPOS="1582"
                          CONTENT="illius"/>
                  <SP HEIGHT="53" WIDTH="14" VPOS="2607" HPOS="1725"/>
                  <String HEIGHT="53"
                          WIDTH="100"
                          VPOS="2607"
                          HPOS="1668"
                          CONTENT="motus"/>
               </TextLine>
            </TextBlock>
         </PrintSpace>
      </Page>
   </Layout>
</alto>
