2229 3056
425 182 123 62 quia
502 182 93 62 si
548 182 247 62 destrueretur
749 182 93 62 ad
795 182 154 62 nullam
903 182 154 62 partem
995 182 170 62 moueretur

434 244 159 54 ferrum:
549 244 87 54 et
593 244 116 54 ideo
665 244 159 54 ponendo
781 244 130 54 illam
868 244 174 54 virtutem
998 244 159 54 oportet
1099 244 58 54 po

428 274 118 68 nere
502 274 103 68 eam
561 274 118 68 esse
635 274 148 68 causam
738 274 192 68 partialem
886 274 103 68 cum
945 274 162 68 lapide.
1063 274 89 68 et
1092 274 74 68 sic

444 322 136 57 adhuc
535 322 167 57 habetur
656 322 227 57 propositum:
838 322 121 57 quia
914 322 136 57 anima
1004 322 136 57 agens
1080 322 76 57 po-

438 364 118 59 test
512 364 192 59 immediate
660 364 133 59 agere
748 364 89 59 in
792 364 177 59 distans.
925 364 74 59 ⁋
955 364 118 59 Item
1028 364 118 59 illa
1087 364 74 59 vir

433 407 101 61 tus
490 407 87 61 si
534 407 159 61 ponatur
650 407 101 61 non
708 407 101 61 est
766 407 145 61 passio
867 407 101 61 nec
925 407 203 61 passibilis
1070 407 101 61 quali

435 456 111 55 tas:
505 456 111 55 quia
574 456 84 55 in
616 456 125 55 nullo
700 456 125 55 sensu
783 456 139 55 potest
881 456 167 55 fundari.
1006 456 84 55 et
1048 456 97 55 per
1089 456 70 55 con

441 494 150 62 sequens
550 494 109 62 ille
618 494 163 62 quattuor
741 494 150 62 species
850 494 109 62 quas
918 494 123 62 ponit
986 494 177 62 philosophus

432 540 86 56 in
475 540 187 56 qualitate
618 540 115 56 sunt
690 540 273 56 insufficientes.
919 540 115 56 Dico
991 540 129 56 etiam
1063 540 86 56 quod

432 584 161 56 oportet
550 584 147 56 ponere
652 584 161 56 aliquam
770 584 132 56 talem
858 584 191 56 virtutem:
1005 584 103 56 sed
1049 584 117 56 potest

435 628 118 67 poni
509 628 118 67 quod
582 628 147 67 magnes
685 628 191 67 immediate
833 628 103 67 sit
891 628 132 67 causa
980 628 162 67 totalis
1083 628 88 67 illi

437 680 93 50 us
484 680 140 50 motus
577 680 140 50 eodem
671 680 124 50 modo
748 680 109 50 quo
810 680 140 50 causa
904 680 171 50 secunda
1028 680 109 50 vel
1075 680 93 50 crea

443 715 106 62 tura
509 715 93 62 est
562 715 119 62 causa
642 715 159 62 totalis.
761 715 80 62 Si
801 715 119 62 dicas
880 715 106 62 quod
947 715 119 62 agens
1026 715 93 62 non
1066 715 106 62 potest

443 762 158 58 mouere
554 762 142 58 aliud
649 762 174 58 motibus
775 762 237 58 contrariis:
965 762 111 58 sed
1029 762 142 58 lapis
1108 762 63 58 si

432 806 99 58 sit
488 806 141 58 sursum
587 806 141 58 trahit
686 806 141 58 ferrum
785 806 155 58 sursum:
898 806 85 58 si
940 806 99 58 sit
997 806 155 58 deorsum
1095 806 71 58 tra

436 852 92 61 hit
488 852 158 61 deorsum.
607 852 79 61 et
646 852 92 61 sic
699 852 79 61 de
739 852 132 61 aliis.
831 852 105 61 ergo
897 852 92 61 non
949 852 132 61 potest
1041 852 105 61 esse
1094 852 79 61 prin

436 890 136 66 cipium
531 890 190 66 immediatum
681 890 136 66 illius
776 890 136 66 motus.
871 890 68 66 ⁋
898 890 190 66 Respondeo.
1047 890 109 66 idem
1101 890 68 66 ar-

444 939 170 64 gumentum
571 939 99 64 est
628 939 141 64 contra
727 939 85 64 te
769 939 156 64 ponendo
882 939 184 64 virtutem:
1024 939 113 64 quia
1080 939 85 64 vir-

440 978 104 64 tus
499 978 118 64 illa
573 978 104 64 est
633 978 192 64 naturalis
780 978 89 64 et
825 978 118 64 agit
899 978 222 64 naturaliter
1061 978 104 64 sicut

439 1026 140 57 lapis.
537 1026 112 57 ideo
607 1026 112 57 dico
678 1026 112 57 quod
748 1026 98 57 hec
804 1026 197 57 auctoritas
958 1026 112 57 quod
1029 1026 126 57 agens
1099 1026 70 57 per

445 1068 116 66 idem
517 1068 101 66 non
575 1068 145 66 potest
676 1068 116 66 esse
749 1068 203 66 principium
908 1068 159 66 motiuum
1010 1068 159 66 opposito-

450 1112 93 66 rum
503 1112 200 66 generaliter
663 1112 133 66 sumpta
756 1112 120 66 falsa
836 1112 107 66 est.
903 1112 120 66 sicut
983 1112 120 66 patet
1062 1112 93 66 per
1102 1112 67 66 ex-

457 1163 214 48 verientiam:
628 1163 100 48 sed
685 1163 171 48 naturale
813 1163 128 48 agens
898 1163 100 48 non
955 1163 142 48 potest
1041 1163 128 48 natura-

442 1207 127 51 liter
527 1207 184 51 immediate
668 1207 142 51 mouere
768 1207 99 51 per
824 1207 113 51 idem
895 1207 198 51 principium
1037 1207 127 51 motibus

445 1252 189 54 oppositis:
593 1252 122 54 aliud
674 1252 122 54 tamen
755 1252 108 54 bene
823 1252 149 54 potest.
931 1252 68 54 ⁋
958 1252 108 54 Item
1025 1252 108 54 nota
1079 1252 81 54 quod

438 1289 139 55 calor
530 1289 185 55 causatus
669 1289 77 55 a
700 1289 124 55 sole
777 1289 185 55 causatur
916 1289 93 55 ab
963 1289 93 55 eo
994 1289 185 55 immediate:

440 1331 113 60 sicut
516 1331 63 60 a
541 1331 113 60 causa
616 1331 125 60 totali
703 1331 88 60 vel
753 1331 125 60 saltem
841 1331 163 60 partiali.
966 1331 63 60 ⁋
991 1331 88 60 Ite
1041 1331 113 60 color
1103 1331 63 60 cau

444 1376 122 61 sari
520 1376 168 61 ponitur
642 1376 91 61 in
688 1376 152 61 medio:
794 1376 107 61 non
855 1376 168 61 propter
977 1376 183 61 visionem
1099 1376 76 61 sic

446 1426 157 53 scilicet
564 1426 105 53 quod
629 1426 92 53 sit
681 1426 118 53 causa
760 1426 170 53 partialis
890 1426 157 53 respectu
1008 1426 118 53 actus
1073 1426 92 53 viden

439 1466 107 63 di:
500 1466 92 63 et
546 1466 107 63 hoc
607 1466 153 63 quando
715 1466 107 63 est
776 1466 92 63 in
822 1466 138 63 gradu
914 1466 169 63 remisso
1037 1466 107 63 sed
1083 1466 92 63 pro-

442 1508 103 68 pter
506 1508 219 68 experientiam:
686 1508 103 68 quia
751 1508 77 68 ad
789 1508 129 68 sensum
879 1508 116 68 patet
956 1508 103 68 quod
1021 1508 154 68 quandiu.
1124 1508 51 68 ra

456 1554 118 63 dius
530 1554 162 63 transit
648 1554 103 63 per
707 1554 147 63 corpus
810 1554 206 63 sphericum:
972 1554 118 63 quia
1031 1554 147 63 causatur

445 1599 128 60 color
530 1599 85 60 in
573 1599 128 60 parte
658 1599 185 60 opposita:
800 1599 85 60 et
843 1599 114 60 ille
914 1599 128 60 color
999 1599 142 60 potest
1085 1599 85 60 cau-

446 1645 116 54 sare
519 1645 131 54 actum
606 1645 160 54 videndi
722 1645 218 54 partialiter
896 1645 131 54 sicut
983 1645 131 54 color
1070 1645 87 54 in
1099 1645 73 54 cor

456 1686 119 58 pore
530 1686 149 58 denso:
634 1686 104 58 sed
694 1686 104 58 non
753 1686 163 58 ponitur
872 1686 119 58 ille
946 1686 134 58 color
1035 1686 89 58 ad
1065 1686 119 58 viden-

447 1731 107 53 dum
508 1731 137 53 alium
599 1731 183 53 colorem:
737 1731 122 53 quia
813 1731 168 53 impedit
935 1731 183 53 visionem
1057 1731 122 53 alicu-

457 1775 98 59 ius
513 1775 168 59 alterius
639 1775 154 59 coloris
751 1775 126 59 sicut
836 1775 126 59 patet
920 1775 84 59 ad
962 1775 154 59 sensum:
1060 1775 112 59 quando

449 1821 133 52 autem
538 1821 104 52 non
597 1821 163 52 apparet
716 1821 237 52 sensibiliter
908 1821 133 52 talis
997 1821 148 52 color:
1086 1821 89 52 tunc

451 1869 111 55 non
515 1869 111 55 est
578 1869 223 55 necessitas
753 1869 175 55 ponendi
881 1869 175 55 colorem
1008 1869 175 55 propter
1119 1869 64 55 a-

456 1911 118 49 ctum
530 1911 177 49 videndi:
662 1911 118 49 quia
736 1911 103 49 nec
795 1911 103 49 est
853 1911 132 49 causa
942 1911 191 49 partialis
1074 1911 103 49 actus

456 1954 181 53 videndi:
591 1954 105 53 sed
652 1954 165 53 ipsemet
772 1954 135 53 color
862 1954 90 53 in
907 1954 165 53 obiecto
1013 1954 165 53 distantem

453 1995 108 53 nec
514 1995 108 53 est
576 1995 139 53 ratio
668 1995 277 53 representatiua
899 1995 185 53 alicuius
1022 1995 154 53 coloris.

460 2039 137 68 Ideo
546 2039 258 68 generaliter
752 2039 172 68 quando
872 2039 120 68 non
941 2039 189 68 apparet
1061 2039 120 68 color

455 2084 93 55 in
502 2084 140 55 medio
595 2084 124 55 tunc
673 2084 109 55 non
735 2084 171 55 oportet
860 2084 155 55 ponere
968 2084 171 55 colorem
1077 2084 109 55 nisi-

454 2136 107 45 sit
515 2136 153 45 aliqua
622 2136 123 45 alia
699 2136 230 45 experientia
883 2136 153 45 preter
991 2136 138 45 actum
1067 2136 123 45 viden-

456 2181 92 48 di
502 2181 184 48 inducens
640 2181 92 48 ad
686 2181 107 48 hoc
747 2181 77 48 ⁋
778 2181 138 48 Istem
870 2181 184 48 notandum
1008 2181 123 48 quod
1085 2181 92 48 in
1116 2181 61 48 mo

463 2222 92 49 tu
509 2222 247 49 proiectionis
709 2222 108 49 est
771 2222 139 49 magna
863 2222 231 49 difficultas
1048 2222 92 49 de
1079 2222 108 49 prin-

460 2261 132 55 cipio
549 2261 147 55 motiuo
652 2261 88 55 et
696 2261 191 55 effectiuo
843 2261 147 55 illius
946 2261 147 55 motus:
1049 2261 118 55 quia
1107 2261 74 55 non

460 2307 143 59 potest
560 2307 115 59 esse
632 2307 215 59 proiiciens:
804 2307 115 59 quia
876 2307 143 59 potest
976 2307 172 59 corrumpi
1091 2307 86 59 exi-

458 2350 162 57 stente
571 2350 145 57 motu.
668 2350 113 57 Nec
733 2350 129 57 aer:
813 2350 129 57 quia
894 2350 162 57 potest
1007 2350 162 57 moueri
1104 2350 81 57 mo-

468 2392 90 56 tu
513 2392 209 56 contrario:
677 2392 134 56 sicut
767 2392 90 56 si
812 2392 164 56 sagitta
931 2392 179 56 obuiaret
1051 2392 134 56 lapidia

468 2435 106 53 nec
528 2435 151 53 virtus
634 2435 91 53 in
679 2435 166 53 lapide:
800 2435 121 53 quia
875 2435 136 53 quero
966 2435 75 53 a
996 2435 106 53 quo
1041 2435 151 53 causatur

468 2480 122 56 illa
544 2480 152 56 virtus
650 2480 107 56 non
711 2480 76 56 a
742 2480 243 56 proiiciente:
940 2480 122 56 quia
1016 2480 137 56 agens
1092 2480 91 56 natu

468 2522 126 55 rale
547 2522 205 55 equaliter
705 2522 253 55 approximatum
911 2522 174 55 passiuo
1021 2522 174 55 equaliter

465 2570 150 61 causat
570 2570 120 61 semp
645 2570 90 61 er
690 2570 195 61 effectum:
841 2570 105 61 sed
901 2570 210 61 proiiciens
1051 2570 135 61 quantum

1247 176 87 57 ad
1290 176 116 57 omne
1362 176 188 57 absolutum
1507 176 87 57 et
1550 176 217 57 respectiuum
1724 176 87 57 in
1767 176 87 57 eo
1810 176 145 57 potest
1897 176 87 57 equa

1248 223 145 54 liter
1345 223 242 54 approximari
1538 223 161 54 lapidi
1651 223 97 54 et
1699 223 113 54 non
1764 223 161 54 mouere
1860 223 113 54 sicut

1247 273 161 56 quando
1359 273 161 56 mouet.
1472 273 161 56 potest
1584 273 129 56 enim
1665 273 145 56 manus
1761 273 112 56 mea
1825 273 145 56 tarde
1906 273 64 56 mo

1245 324 122 45 ueri
1321 324 91 45 et
1366 324 228 45 approximari
1549 324 152 45 alicui
1656 324 183 45 corpori:
1792 324 91 45 et
1838 324 122 45 tunc
1899 324 76 45 non

1243 356 160 54 mouebit
1359 356 131 54 ipsum
1446 356 189 54 localiter
1591 356 87 54 et
1634 356 145 54 potest
1736 356 189 54 velociter
1881 356 87 54 et
1910 356 73 54 eum

1253 400 174 54 impetum
1379 400 174 54 moueri:
1506 400 95 54 et
1553 400 126 54 tunc
1632 400 252 54 approximatur
1837 400 95 54 eo
1884 400 126 54 modo

1245 446 134 53 sicut
1334 446 149 53 prius:
1438 446 89 53 et
1483 446 119 53 tunc
1557 446 178 53 causabit
1691 446 134 53 motum
1780 446 89 53 et
1824 446 134 53 prius
1899 446 74 53 non

1252 491 120 51 ergo
1327 491 120 51 ista
1402 491 150 51 virtus
1507 491 135 51 quamn
1597 491 105 51 tum
1658 491 135 51 ponis
1748 491 105 51 non
1808 491 150 51 potest
1898 491 75 51 cau

1249 536 114 51 sari
1320 536 85 51 ab
1363 536 142 51 aliquo
1462 536 171 51 absoluto
1591 536 100 51 vel
1647 536 199 51 respectiuo
1804 536 85 51 in
1833 536 142 51 proiici-

1252 579 130 54 ente:
1338 579 101 54 nec
1396 579 72 54 a
1424 579 115 54 motu
1497 579 144 54 locali
1597 579 144 54 ipsius
1698 579 245 54 proiicientis:
1886 579 86 54 quia

1254 632 133 45 motus
1343 632 163 45 localis
1461 632 133 45 nihil
1550 632 133 45 facit
1639 632 89 45 ad
1683 632 178 45 effectum
1816 632 118 45 nisi
1875 632 104 45 appro

1250 668 154 54 ximare
1358 668 154 54 actiua
1466 668 185 54 passiuis
1605 668 139 54 sicut
1697 668 123 54 sepe
1774 668 139 54 prius
1852 668 123 54 dictum

1258 709 115 53 est:
1330 709 101 53 sed
1387 709 115 53 omne
1459 709 158 53 positum
1574 709 86 53 in
1617 709 216 53 proiiciente
1790 709 187 53 equaliter
1919 709 72 53 ap-

1249 757 222 56 proximatur
1423 757 190 56 proiecto
1566 757 111 56 per
1630 757 143 56 motum
1725 757 158 56 tardum
1836 757 143 56 sicut
1915 757 79 56 per

1254 798 175 54 velocem:
1386 798 117 54 ideo
1459 798 117 54 dico
1532 798 117 54 quod
1605 798 132 54 ipsum
1693 798 146 54 mouens
1795 798 88 54 in
1839 798 132 54 trali
1912 798 73 54 mo-

1251 844 107 54 tum
1312 844 123 54 post
1389 844 245 54 separationem
1588 844 169 54 mobilis
1711 844 77 54 a
1742 844 138 54 primo
1818 844 169 54 proiicien

1247 885 78 50 te
1286 885 91 50 est
1338 885 116 50 ipsum
1415 885 116 50 motum
1493 885 155 50 secundum
1609 885 78 50 se
1648 885 78 50 et
1687 885 91 50 non
1738 885 91 50 per
1790 885 142 50 aliquam
1881 885 103 50 virtu-

1261 930 103 54 tem
1320 930 192 54 absolutam
1468 930 89 54 in
1512 930 89 54 eo
1556 930 236 54 respectiuam:
1748 930 103 54 ita
1807 930 118 54 quod
1881 930 103 54 hoc
1925 930 59 54 mo

1259 973 118 52 uens
1333 973 89 52 et
1378 973 133 52 motum
1466 973 104 52 est
1525 973 163 52 penitus
1644 973 251 52 indistinctum.
1851 973 89 52 Si
1880 973 104 52 dicas

1254 1020 119 58 quod
1329 1020 179 58 effectus
1463 1020 134 58 nouus
1552 1020 134 58 habet
1641 1020 164 58 aliquam
1761 1020 164 58 causam:
1880 1020 104 58 sed
1924 1020 60 58 mo

1258 1066 107 53 tus
1319 1066 168 53 localis
1441 1066 107 53 est
1502 1066 183 53 effectus
1639 1066 153 53 nouus.
1746 1066 122 53 Dico
1822 1066 122 53 quod
1883 1066 107 53 motus

1253 1106 180 47 localis
1383 1106 114 47 non
1449 1106 114 47 est
1514 1106 196 47 effectus
1661 1106 147 47 nouus
1759 1106 212 47 absolutus
1905 1106 82 47 nec

1253 1151 256 50 respectiuus.
1461 1151 96 50 et
1509 1151 112 50 hoc
1573 1151 176 50 negando
1702 1151 128 50 vbi:
1782 1151 128 50 quia
1862 1151 112 50 non
1910 1151 80 50 est

1261 1195 130 50 aliud
1347 1195 116 50 nisi
1419 1195 116 50 quod
1492 1195 144 50 mobile
1593 1195 188 50 coexistat
1737 1195 173 50 diuersis
1853 1195 144 50 partibus

1264 1242 148 48 spacii:
1371 1242 94 48 ita
1425 1242 108 48 quod
1492 1242 94 48 cum
1546 1242 121 48 nulla
1627 1242 94 48 vna
1681 1242 188 48 conexistat
1829 1242 94 48 dum
1882 1242 94 48 duo
1923 1242 67 48 con

1255 1284 250 49 tradictoria
1455 1284 117 49 non
1522 1284 283 49 verificantur.
1755 1284 133 49 Unde
1838 1284 150 49 licet
1922 1284 83 49 que

1259 1325 143 51 libet
1355 1325 127 51 pars
1434 1325 159 51 spacii
1546 1325 127 51 quam
1626 1325 175 51 transit
1753 1325 159 51 mobile
1865 1325 112 51 sit
1912 1325 96 51 noua

1253 1369 211 54 respectu
1411 1369 193 54 mobilis
1552 1369 263 54 transeuntis
1762 1369 211 54 quatenus
1903 1369 105 54 mobi

1254 1419 88 56 le
1298 1419 118 56 nunc
1372 1419 162 56 transit
1490 1419 103 56 per
1549 1419 133 56 illas
1638 1419 147 56 partes
1741 1419 88 56 et
1785 1419 133 56 prius
1873 1419 118 56 non:
1932 1419 74 56 ta-

1263 1459 111 51 men
1327 1459 127 51 illa
1406 1459 127 51 pars
1485 1459 111 51 non
1548 1459 111 51 est
1612 1459 127 51 noua
1691 1459 254 51 simpliciter.
1897 1459 95 51 de
1929 1459 79 51 hoc

1269 1499 147 54 dictum
1372 1499 118 54 est.
1446 1499 177 54 mirabile
1578 1499 118 54 enim
1652 1499 132 54 esset
1740 1499 88 54 si
1784 1499 132 54 manus
1873 1499 103 54 mea
1917 1499 88 54 cau-

1270 1548 130 52 saret
1356 1548 159 52 aliquam
1471 1548 173 52 virtutem
1601 1548 87 52 in
1645 1548 144 52 lapide
1745 1548 101 52 per
1803 1548 101 52 hoc
1861 1548 115 52 quod
1918 1548 87 52 motu

1261 1589 153 69 locali
1368 1589 153 69 tangit
1475 1589 184 69 lapidem.
1613 1589 77 69 ⁋
1644 1589 123 69 Item
1720 1589 184 69 notandum
1858 1589 123 69 quod
1919 1589 77 69 hec

1275 1636 99 53 est
1331 1636 113 53 vera
1402 1636 156 53 secundo
1516 1636 113 53 modo
1586 1636 156 53 dicendi
1700 1636 99 53 per
1756 1636 85 53 se
1799 1636 127 53 color
1884 1636 99 53 est
1926 1636 71 53 vi-

1276 1677 165 56 sibilis:
1400 1677 96 56 non
1455 1677 110 56 quod
1523 1677 206 56 visibilitas
1688 1677 123 56 dicat
1770 1677 151 56 aliquod
1866 1677 137 56 accidens

1265 1724 180 53 inherens
1400 1724 180 53 visibili
1535 1724 135 53 sicut
1625 1724 105 53 nec
1685 1724 135 53 dicit
1760 1724 240 53 intellectuali-

1260 1765 106 58 tas
1321 1765 167 58 aliquod
1442 1765 182 58 accidens
1579 1765 182 58 inherens
1715 1765 273 58 intelligibili.
1928 1765 76 58 nam

1260 1807 133 53 illud
1349 1807 118 53 quod
1423 1807 133 53 purum
1512 1807 133 53 nihil
1601 1807 104 53 est
1660 1807 148 53 potest
1763 1807 192 53 intelligi
1896 1807 104 53 sicut

1265 1853 159 53 sortes
1376 1853 127 53 quem
1456 1853 207 53 aliquando
1615 1853 127 53 vidi
1694 1853 95 53 si
1742 1853 270 53 annihilaretur
1948 1853 64 53 ni

1265 1898 112 52 hil
1329 1898 144 52 minus
1425 1898 160 52 possum
1536 1898 239 52 intelligere
1728 1898 176 52 sortem:
1855 1898 96 52 et
1887 1898 112 52 tamen

1274 1943 130 55 illud
1360 1943 115 55 quod
1432 1943 87 55 in
1475 1943 159 55 telligo
1591 1943 101 55 est
1649 1943 130 55 purum
1735 1943 144 55 nihil.
1836 1943 130 55 eodem
1922 1943 115 55 modo

1268 1984 136 70 purum
1358 1984 136 70 nihil
1449 1984 151 70 possum
1554 1984 151 70 videre
1660 1984 136 70 oculo
1750 1984 196 70 corporali
1901 1984 90 70 si
1931 1984 75 70 vi-

1269 2031 137 50 derem
1360 2031 168 50 aliquod
1483 2031 183 50 obiectum
1620 2031 214 50 intuitiue:
1788 2031 92 50 et
1834 2031 137 50 tamen
1910 2031 92 50 deus

1275 2075 204 57 destrueret
1436 2075 131 57 illud
1523 2075 175 57 obiectum
1655 2075 88 57 et
1699 2075 219 57 conseruaret
1859 2075 146 57 visionem

1278 2118 144 52 meam:
1374 2118 128 52 tunc
1454 2118 176 52 viderem
1582 2118 144 52 purum
1679 2118 160 52 nihil.
1791 2118 96 52 et
1839 2118 112 52 per
1887 2118 112 52 conse

1268 2164 142 57 quens
1363 2164 111 57 nec
1426 2164 317 57 intellectualitas
1695 2164 111 57 nec
1759 2164 237 57 visibilitas
1933 2164 79 57 di-

1275 2207 127 53 cunt
1354 2207 174 53 aliquod
1481 2207 190 53 accidens
1623 2207 206 53 absolutum
1781 2207 111 53 vel
1829 2207 174 53 respecti-

1269 2251 103 52 uum
1328 2251 177 52 inherens
1461 2251 250 52 intelligibili
1667 2251 103 52 nec
1725 2251 191 52 visibili:
1873 2251 118 52 ideo
1931 2251 74 52 tam

1280 2294 255 62 intelligibile
1490 2294 120 62 quam
1565 2294 180 62 visibile
1700 2294 135 62 dicit
1790 2294 195 62 conceptum
1925 2294 90 62 con-

1272 2340 178 55 notatum:
1405 2340 104 55 ita
1465 2340 118 55 quod
1539 2340 178 55 visibile
1672 2340 133 55 prout
1760 2340 207 55 predicatur
1923 2340 89 55 de
1953 2340 59 55 re

1284 2385 142 50 visa.
1379 2385 173 50 secundo
1505 2385 126 50 modo
1584 2385 110 50 est
1647 2385 205 50 conceptus
1804 2385 158 50 quidam
1899 2385 110 50 conno

1284 2434 167 44 tatiuus
1405 2434 227 44 significans
1587 2434 258 44 principaliter
1799 2434 106 44 rem
1860 2434 151 44 visam:
1950 2434 61 44 et

1273 2469 152 56 connotat
1387 2469 114 56 actum
1463 2469 139 56 videndi
1565 2469 76 56 et
1603 2469 215 56 intelligibile
1780 2469 177 56 similiter:
1919 2469 76 56 et
1945 2469 63 56 sic

1288 2517 110 53 patet
1361 2517 74 53 ex
1398 2517 172 53 intentione
1533 2517 172 53 philosophi
1668 2517 98 53 quod
1729 2517 159 53 conceptus
1839 2517 172 53 connotatiuus

1282 2567 97 54 ptest
1347 2567 140 54 aliquando
1455 2567 86 54 dici
1509 2567 119 54 passio:
1595 2567 65 54 et
1628 2567 162 54 praedicatur
1757 2567 119 54 secundo
1843 2567 86 54 modo
1897 2567 65 54 de
1930 2567 65 54 re
1951 2567 65 54 illa
