2269 3087
223 203 149 84 Eodem
323 203 132 84 modo
405 203 116 84 est
471 203 99 84 de
521 203 149 84 vero.
620 203 132 84 bono
702 203 99 84 et
752 203 116 84 vno
818 203 116 84 que
867 203 83 84 po-

222 278 89 50 nit
273 278 191 50 philosophus
426 278 166 50 passiones
554 278 128 50 entis.
643 278 115 50 iiii.
720 278 204 50 metaphisice.
873 278 77 50 quia

227 324 143 43 verum
323 324 223 43 significat
498 324 143 43 omnia
594 324 143 43 entia
689 324 143 43 mundi
785 324 143 43 sicut
864 324 80 43 fa-

225 370 106 44 cit
285 370 121 44 ens:
361 370 91 44 et
406 370 181 44 connotat
542 370 136 44 actum
632 370 256 44 intelligendi.
843 370 91 44 Si
874 370 75 44 di-

234 407 119 49 cas.
309 407 89 49 si
353 407 209 49 connotatum
517 407 104 49 sit
577 407 224 49 secundarium
741 407 209 49 significatum

232 448 108 51 non
293 448 201 51 primarium
448 448 108 51 cum
510 448 139 51 actus
603 448 248 51 intelligendi
805 448 108 51 sit
851 448 93 51 vnum

224 495 113 59 ens:
295 495 113 59 ergo
366 495 128 59 verum
451 495 156 59 quantum
564 495 85 59 ad
607 495 199 59 principale
748 495 199 59 significatum

219 540 216 48 significat
388 540 139 48 actum
481 540 262 48 intelligendi:
697 540 123 48 ergo
774 540 108 48 non
821 540 123 48 conno-

226 581 112 61 tat.
296 581 197 61 Responsio.
451 581 112 61 dico
521 581 112 61 quod
591 581 112 61 idem
661 581 140 61 potest
759 581 112 61 esse
816 581 140 61 signifi-

218 629 147 43 catum
316 629 229 43 principale
496 629 197 43 alicuius
644 629 213 43 conceptus
791 629 164 43 volunta-

224 678 98 49 tis
280 678 84 49 et
322 678 211 49 connotatum:
491 678 98 49 sed
547 678 225 49 diuersimode:
730 678 112 49 quia
800 678 98 49 est
843 678 98 49 signi

232 716 147 50 icatum
335 716 206 50 principale
497 716 265 50 indeterminate:
718 716 88 50 et
762 716 103 50 est
806 716 147 50 determi-

216 755 115 60 nate
288 755 216 60 connotatum.
460 755 101 60 sic
518 755 101 60 est
575 755 86 60 in
618 755 187 60 proposito
762 755 129 60 verum
834 755 115 60 signi-

230 798 128 54 ficat
315 798 128 54 omnia
401 798 214 54 indistincte
572 798 85 54 et
614 798 256 54 indeterminate:
828 798 114 54 quia
885 798 71 54 non

232 846 115 59 plus
303 846 115 59 vnum
375 846 115 59 quam
447 846 129 59 aliud
533 846 86 59 et
576 846 101 59 per
634 846 201 59 consequens
778 846 172 59 indetermi-

221 892 116 50 nate
293 892 203 50 significat
452 892 246 50 principaliter
655 892 116 50 vnum
727 892 130 50 actum
799 892 145 50 intelli-

231 935 154 52 gendi:
339 935 108 52 sed
400 935 185 52 connotat
539 935 232 52 determinate
725 935 154 52 eundem
817 935 124 52 actum.

243 975 127 57 Unde
323 975 96 57 ad
371 975 191 57 sciendum
514 975 127 57 quid
594 975 112 57 est
657 975 223 57 connotatum
817 975 127 57 alicu-

222 1020 114 57 ius
287 1020 212 57 conceptus
450 1020 114 57 vel
516 1020 180 57 nominis
646 1020 229 57 accipiamus
809 1020 131 57 diffi-

222 1064 181 52 nitionem
358 1064 121 52 quid
433 1064 166 52 nominis
554 1064 241 52 exprimentem:
750 1064 91 52 et
795 1064 121 52 tunc
855 1064 91 52 ali-

217 1108 128 50 quid
297 1108 176 50 ponitur
425 1108 112 50 ibi
489 1108 96 50 in
537 1108 144 50 recto
632 1108 176 50 aliquid
760 1108 96 50 in
792 1108 160 50 obliquo.

222 1154 129 61 Illud
308 1154 115 61 quod
379 1154 158 61 ponitur
494 1154 86 61 in
537 1154 129 61 recto
623 1154 100 61 est
680 1154 229 61 significatum
852 1154 100 61 prin-

232 1206 155 48 cipale
340 1206 170 48 nominis
464 1206 108 48 vel
526 1206 217 48 conceptus.
696 1206 93 48 et
743 1206 124 48 quod
805 1206 139 48 ponitur

227 1236 211 64 inobliquo
389 1236 113 64 est
454 1236 243 64 connotatum.
648 1236 211 64 Exemplum.
794 1236 162 64 accipia-

212 1283 113 51 mus
277 1283 275 51 diffinitionem
503 1283 243 51 exprimentem
697 1283 129 51 quid
778 1283 178 51 nominis
891 1283 65 51 ve

227 1328 84 46 ri
269 1328 98 46 que
325 1328 98 46 est
381 1328 126 46 ista.
465 1328 126 46 Uerum
549 1328 98 46 est
605 1328 126 46 illud
689 1328 126 46 reale
773 1328 168 46 quicquid
885 1328 70 46 sit

223 1370 117 52 quod
296 1370 146 52 potest
398 1370 189 52 intelligi
544 1370 87 52 ab
588 1370 219 52 intellectu.
763 1370 87 52 Et
806 1370 131 52 bonum
879 1370 73 52 est

223 1418 130 44 illud
309 1418 115 44 quod
381 1418 144 44 potest
482 1418 202 44 concupisci
640 1418 72 44 a
669 1418 202 44 voluntate.
828 1418 101 44 hic
871 1418 72 44 res

217 1462 151 50 aliqua
323 1462 106 50 que
383 1462 151 50 potest
489 1462 182 50 intellig
625 1462 166 50 ponitur
746 1462 91 50 in
792 1462 151 50 recto:
882 1462 61 50 et

226 1504 96 50 est
281 1504 219 50 significatum
459 1504 192 50 principale
610 1504 82 50 et
651 1504 206 50 intellectus
816 1504 82 50 et
843 1504 110 50 volun-

224 1555 109 45 tas
287 1555 93 45 in
333 1555 171 45 obliquo
458 1555 109 45 que
520 1555 124 45 sunt
598 1555 218 45 connotata.
768 1555 124 45 Unde
846 1555 140 45 illud

233 1588 158 51 dicitur
348 1588 201 51 connotatum
506 1588 115 51 quod
578 1588 101 51 est
635 1588 187 51 totaliter
765 1588 187 51 extrinsecum

229 1634 155 51 alicui
337 1634 232 51 significato
522 1634 216 51 principali
692 1634 201 51 conceptus
847 1634 108 51 vel
893 1634 62 51 vo

232 1683 112 47 cis.
330 1683 112 47 Item
400 1683 168 47 notandum
526 1683 112 47 quod
596 1683 168 47 speculum
722 1683 98 47 est
778 1683 126 47 causa
848 1683 98 47 parti

224 1719 129 50 alis
305 1719 194 50 visionis
450 1719 113 50 que
515 1719 194 50 causatur
661 1719 194 50 mediante
790 1719 162 50 speculo.

227 1775 96 46 et
275 1775 144 46 eodem
371 1775 128 46 modo
452 1775 177 46 pupilla
580 1775 160 46 quando
692 1775 177 46 aliquid
805 1775 144 46 videtur

220 1807 81 49 in
261 1807 81 49 ea
302 1807 95 49 per
356 1807 217 49 reflexionem.
559 1807 108 49 Item
627 1807 108 49 nota
695 1807 108 49 quod
762 1807 135 49 auctor
844 1807 108 49 perspe

232 1853 128 54 ctiue
317 1853 128 54 dicit
402 1853 114 54 quod
473 1853 142 54 corpus
573 1853 142 54 magnum
672 1853 185 54 coloratum
814 1853 85 54 si
843 1853 99 54 pona-

222 1900 113 44 tur
287 1900 146 44 super
384 1900 146 44 visum
481 1900 129 44 bene
562 1900 178 44 impedit
691 1900 97 44 ne
740 1900 146 44 totum
821 1900 129 44 corpus

226 1939 203 51 videatur:
383 1939 110 51 sed
445 1939 110 51 non
508 1939 172 51 impedit
633 1939 125 51 quin
711 1939 125 51 pars
774 1939 172 51 videatur.

225 1983 198 56 Exemplum
374 1983 99 56 ad
424 1983 116 56 hoc
490 1983 99 56 de
540 1983 149 56 panno
639 1983 149 56 tenui
738 1983 198 56 mediante
870 1983 83 56 quo

233 2028 86 50 ad
276 2028 157 50 aliquod
390 2028 143 50 corpus
490 2028 185 50 coloratum
632 2028 143 50 potest
732 2028 157 50 videri.
846 2028 86 50 Si
875 2028 71 50 di-

223 2068 99 56 cas
279 2068 113 56 quod
350 2068 99 56 ibi
407 2068 113 56 sunt
477 2068 184 56 foramina.
619 2068 141 56 Contra
718 2068 113 56 idem
788 2068 141 56 potest
873 2068 71 56 fie

235 2115 88 53 ri
279 2115 177 53 mediante
412 2115 162 53 corpore
529 2115 132 53 denso
618 2115 88 53 si
662 2115 103 53 sit
721 2115 221 53 perspicuum.
882 2115 74 53 pu-

221 2159 88 50 ta
265 2159 88 50 si
309 2159 132 50 lapis
398 2159 176 50 ponantur
530 2159 132 50 super
618 2159 147 50 oculum
721 2159 132 50 lapis
809 2159 118 50 dico
868 2159 73 50 spe

234 2203 134 52 culi:
323 2203 134 52 adhuc
412 2203 149 52 posset
516 2203 149 52 videre
620 2203 178 52 mediante
754 2203 104 52 eo:
813 2203 89 52 et
843 2203 104 52 tamen

229 2251 95 51 ibi
284 2251 136 51 nullum
379 2251 95 51 est
433 2251 163 51 foramen.
556 2251 82 51 et
597 2251 95 51 hoc
651 2251 95 51 est
705 2251 122 51 verum
787 2251 82 51 si
814 2251 136 51 palpebra

239 2295 100 51 sit
296 2295 143 51 aperta
396 2295 86 51 et
439 2295 129 51 omnia
525 2295 115 51 alia
597 2295 115 51 bene
668 2295 201 51 disposita.
826 2295 86 51 et
855 2295 100 51 eodem

232 2342 88 47 mo
276 2342 102 47 est
335 2342 88 47 si
378 2342 131 47 color
466 2342 88 47 in
510 2342 131 47 gradu
597 2342 160 47 remisso
714 2342 102 47 sit
772 2342 88 47 im
816 2342 117 47 aere
874 2342 73 47 con

222 2383 178 45 tingente
356 2383 223 45 principale:
534 2383 119 45 tunc
608 2383 119 45 ille
682 2383 104 45 aer
741 2383 104 45 est
786 2383 163 45 coloratus

239 2424 83 52 et
281 2424 97 52 ibi
336 2424 138 52 corpus
433 2424 180 52 coloratum
571 2424 152 52 ponitur
682 2424 125 52 super
765 2424 138 52 visum:
862 2424 83 52 et
890 2424 69 52 ta-

232 2466 97 55 men
288 2466 97 55 non
343 2466 152 55 impedit
454 2466 166 55 visionem
578 2466 166 55 aliorum:
703 2466 125 55 licet
786 2466 125 55 forte
855 2466 97 55 suiip

223 2510 134 47 sius.
342 2510 119 47 Item
417 2510 179 47 notandum
550 2510 104 47 est
610 2510 119 47 quod
684 2510 149 47 videns
788 2510 104 47 non
833 2510 119 47 posset

238 2558 215 47 discernere
406 2558 215 47 distantiam
575 2558 138 47 inter
667 2558 107 47 duo
729 2558 169 47 corpora
836 2558 123 47 colora

224 2601 85 65 ta
266 2601 114 65 nisi
338 2601 142 65 medium
437 2601 199 65 videretur:
594 2601 85 65 et
636 2601 128 65 esset
721 2601 128 65 causa
793 2601 156 65 partialis

1037 207 172 78 respectu
1166 207 129 78 actus
1252 207 158 78 videndi
1395 207 129 78 Istem
1481 207 115 78 quod
1553 207 86 78 in
1596 207 129 78 sensu
1682 207 86 78 et
1711 207 57 78 in

1038 283 205 48 intellectu
1199 283 102 48 est
1258 283 102 48 ita
1316 283 117 48 vera
1389 283 190 48 alteratio
1535 283 132 48 sicut
1623 283 88 48 in
1652 283 117 48 corpo-

1032 322 90 47 re
1077 322 150 47 extra:
1182 322 120 47 quia
1257 322 135 47 sicut
1347 322 90 47 in
1392 322 165 47 corpore
1511 322 105 47 per
1556 322 210 47 alterationem

1046 364 219 54 acquiritur
1218 364 110 54 vna
1281 364 188 54 qualitas
1422 364 94 54 et
1469 364 219 54 deperditur
1625 364 141 54 altera:

1053 407 92 52 ta
1099 407 92 52 in
1145 407 214 52 intellectu
1313 407 153 52 quando
1420 407 168 52 aliquis
1543 407 168 52 mouetur
1665 407 92 52 de
1696 407 61 52 ha

1037 448 112 54 bitu
1107 448 154 54 erioris
1219 448 84 54 in
1261 448 154 54 habitum
1373 448 182 54 scientie:
1514 448 84 54 et
1556 448 126 54 sicut
1640 448 98 54 ibi
1682 448 84 54 sunt

1048 490 107 54 due
1109 490 246 54 alterationes
1309 490 184 54 ordinate
1447 490 153 54 quarum
1554 490 138 54 prima
1646 490 107 54 est
1692 490 77 54 de-

1042 541 179 49 perditiua
1180 541 83 49 et
1221 541 110 49 alia
1290 541 221 49 acquisitiua:
1470 541 96 49 ita
1525 541 83 49 in
1566 541 193 49 intellectu
1704 541 55 49 al

1046 589 174 46 teratio
1173 589 111 46 per
1236 589 127 46 quam
1315 589 238 46 corrumpitur
1506 589 174 46 habitus
1616 589 143 46 erroris

1048 632 96 48 est
1103 632 206 48 deparditiua
1268 632 82 48 et
1309 632 110 48 alia
1378 632 206 48 acquisitiua
1543 632 82 48 et
1584 632 96 48 est
1639 632 110 48 vere
1694 632 69 48 mo-

1032 675 102 51 tus
1091 675 131 51 sicut
1178 675 131 51 alius
1266 675 88 51 in
1310 675 175 51 corpore.
1441 675 131 51 Cuius
1529 675 131 51 ratio
1616 675 117 51 est:
1674 675 88 51 quia

1044 717 148 49 quando
1148 717 163 49 aliquis
1266 717 104 49 diu
1325 717 118 49 stat
1399 717 89 49 in
1444 717 266 49 consideratione
1651 717 118 49 alicu-

1042 759 97 55 ius
1097 759 97 55 rei
1153 759 110 55 siue
1222 759 124 55 etiam
1304 759 83 55 in
1346 759 248 55 consideratione
1553 759 166 55 alterius
1663 759 97 55 magis

1047 796 88 58 in
1091 796 177 58 clinatur
1224 796 88 58 ad
1268 796 103 58 int
1327 796 191 58 lligendum
1474 796 147 58 primam
1577 796 162 58 remquam
1680 796 88 58 secu

1045 843 114 53 dam:
1116 843 100 53 sed
1173 843 100 53 hoc
1230 843 100 53 non
1287 843 143 53 posset
1387 843 114 53 esse
1458 843 114 53 nisi
1530 843 114 53 quia
1601 843 157 53 habitus
1701 843 71 53 in-

1044 888 146 57 tensior
1150 888 172 57 generatur
1282 888 80 57 ex
1322 888 119 57 primo
1402 888 106 57 actu
1468 888 106 57 quam
1535 888 80 57 ex
1574 888 159 57 secundo:
1694 888 93 57 sed

1041 932 107 54 qua
1102 932 168 54 ratione
1224 932 153 54 partes
1331 932 153 54 istius
1438 932 168 54 habitus
1560 932 107 54 per
1621 932 122 54 quas
1683 932 76 54 est

1038 976 203 54 intensior
1194 976 125 54 alio
1273 976 203 54 generatur
1429 976 94 54 in
1475 976 109 54 vna
1538 976 140 54 parte
1616 976 156 54 temporis

1044 1020 81 58 et
1084 1020 94 58 non
1138 1020 81 58 in
1178 1020 107 58 alia
1245 1020 94 58 cum
1299 1020 94 58 sit
1353 1020 107 58 idem
1420 1020 121 58 actus
1500 1020 134 58 omnino
1594 1020 134 58 numero
1688 1020 81 58 in
1715 1020 54 58 to

1038 1066 88 49 to
1082 1066 118 49 illo
1156 1066 177 49 tempore:
1288 1066 118 49 quia
1362 1066 103 49 per
1421 1066 118 49 vnum
1494 1066 132 49 illum
1583 1066 132 49 actum
1656 1066 103 49 multe

1049 1106 139 55 partes
1147 1106 139 55 illius
1244 1106 153 55 habitus
1356 1106 195 55 generantur
1509 1106 209 55 successiue:
1676 1106 84 55 et
1704 1106 70 55 per

1041 1150 214 48 consequens
1209 1150 107 48 est
1270 1150 107 48 ibi
1331 1150 122 48 vere
1408 1150 138 48 motus
1499 1150 260 48 alterationis.
1698 1150 61 48 Et

1049 1196 108 53 quid
1116 1196 148 53 dicemus
1224 1196 81 53 ad
1264 1196 215 53 philosophum:
1439 1196 94 53 qui
1493 1196 121 53 negat
1574 1196 94 53 ibi
1614 1196 148 53 alteratio

1049 1241 109 52 nem:
1117 1241 177 52 Respondet
1253 1241 190 52 comentator
1402 1241 149 52 secundo
1511 1241 81 52 de
1552 1241 136 52 anima:
1647 1241 109 52 quod
1701 1241 68 52 ibi

1040 1283 109 51 non
1103 1283 109 51 est
1165 1283 203 51 alteratio
1321 1283 109 51 que
1384 1283 109 51 est
1446 1283 203 51 corruptio
1587 1283 187 51 patientis:

1035 1326 111 54 sicut
1109 1326 86 54 est
1158 1326 74 54 in
1195 1326 173 54 elementis.
1331 1326 74 54 Et
1368 1326 99 54 ideo
1430 1326 111 54 dicit
1504 1326 185 54 philosophus
1652 1326 99 54 quod
1701 1326 62 54 est

1039 1374 103 42 ibi
1098 1374 132 42 aliud
1186 1374 132 42 genus
1275 1374 235 42 alterationis
1466 1374 88 42 ab
1510 1374 118 42 illa
1569 1374 206 42 alteratione.

1071 1412 117 58 Item
1144 1412 175 58 notandum
1275 1412 117 58 quod
1348 1412 277 58 representatiuum
1581 1412 131 58 sicut
1669 1412 88 58 in
1698 1412 73 58 pri

1043 1467 94 48 mo
1090 1467 203 48 ponebatur
1247 1467 110 48 non
1309 1467 110 48 est
1372 1467 203 48 negandum:
1528 1467 110 48 sed
1591 1467 141 48 sicut
1669 1467 94 48 numo

1042 1499 171 56 ponitur.
1170 1499 100 56 Nam
1227 1499 200 56 philosophi
1384 1499 171 56 ponebant
1512 1499 128 56 talem
1584 1499 185 56 representa-

1040 1554 157 48 tionem:
1154 1554 114 48 quia
1226 1554 172 48 videbant
1354 1554 114 48 quod
1426 1554 86 48 in
1469 1554 129 48 istis
1555 1554 200 48 corporibus
1698 1554 72 48 per

1048 1603 177 42 spicuis:
1181 1603 118 42 puta
1254 1603 147 42 oculis
1357 1603 103 42 vel
1416 1603 132 42 aliis
1504 1603 162 42 apparet
1622 1603 103 42 res
1666 1603 103 42 obie-

1044 1638 89 52 cta
1095 1638 153 52 secundum
1210 1638 127 52 lineam
1299 1638 153 52 reflexam
1414 1638 76 52 et
1452 1638 127 52 sensui
1541 1638 229 52 representatur:
1719 1638 51 52 et

1038 1678 119 50 tale
1113 1678 283 50 representatiuum
1351 1678 104 50 non
1411 1678 104 50 est
1471 1678 194 50 negandum.
1620 1678 119 50 immo
1680 1678 90 50 spe-

1035 1728 135 49 culum
1125 1728 120 49 vere
1200 1728 240 49 representat:
1395 1728 90 49 et
1439 1728 195 49 similiter
1589 1728 120 49 alia
1649 1728 120 49 corpo-

1040 1764 87 53 ra
1083 1764 202 53 perspicua:
1242 1764 101 53 sed
1300 1764 101 53 non
1357 1764 101 53 per
1415 1764 159 53 aliquam
1531 1764 159 53 speciem
1632 1764 130 53 impres-

1033 1810 105 44 sam
1093 1810 120 44 eis:
1168 1810 105 44 sed
1227 1810 120 44 quia
1302 1810 165 44 materia
1422 1810 180 44 corporis
1557 1810 194 44 perspicui
1691 1810 75 44 ta-

1049 1854 96 59 lis
1104 1854 96 59 est
1159 1854 83 59 in
1201 1854 96 59 se:
1256 1854 110 59 quia
1325 1854 207 59 representat
1490 1854 110 59 sibi
1559 1854 179 59 opposita:
1697 1854 96 59 sed

1038 1891 270 57 representatio
1261 1891 143 57 sicut
1356 1891 127 57 modo
1435 1891 175 57 ponitur
1562 1891 111 57 est
1610 1891 159 57 neganda.

1066 1939 125 57 Item
1144 1939 94 57 ad
1190 1939 219 57 questionem
1362 1939 94 57 de
1409 1939 172 57 peccato
1534 1939 219 57 originali.
1690 1939 78 57 Di-

1045 1984 83 44 co
1087 1984 97 44 hic
1142 1984 111 44 quod
1211 1984 125 44 aliud
1295 1984 97 44 est
1350 1984 125 44 loqui
1433 1984 83 44 de
1475 1984 152 44 peccato
1586 1984 180 44 originali
1711 1984 55 44 de

1041 2025 148 49 facto:
1145 2025 133 49 aliud
1234 2025 89 49 de
1278 2025 207 49 possibili.
1441 2025 104 49 Nam
1500 2025 89 49 de
1544 2025 133 49 facto
1633 2025 104 49 est
1677 2025 89 49 sola

1038 2074 178 49 carentia
1172 2074 178 49 iusticie
1305 2074 208 49 originalis
1468 2074 119 49 scum
1543 2074 148 49 debito
1632 2074 134 49 habendi

1040 2115 102 52 eam.
1104 2115 77 52 Et
1143 2115 153 52 secundum
1258 2115 90 52 hoc
1309 2115 141 52 videtur
1411 2115 102 52 quod
1475 2115 153 52 iusticia
1590 2115 179 52 originalis
1718 2115 51 52 di

1038 2162 107 45 cat
1099 2162 169 45 aliquid
1222 2162 200 45 absolutum
1375 2162 246 45 superadditum
1575 2162 138 45 puris
1652 2162 107 45 natu-

1033 2203 170 61 ralibus.
1160 2203 99 61 Sed
1217 2203 85 61 de
1259 2203 184 61 possibili
1401 2203 113 61 dico
1472 2203 113 61 quod
1542 2203 142 61 potest
1642 2203 127 61 fieri
1712 2203 57 61 a-

1045 2246 102 55 deo
1104 2246 116 55 quod
1176 2246 174 55 peccatum
1307 2246 189 55 originale
1452 2246 102 55 non
1510 2246 160 55 diceret
1611 2246 160 55 carentiam

1040 2290 114 58 nec
1105 2290 131 58 doni
1187 2290 229 58 naturalis:
1366 2290 114 58 nec
1432 2290 131 58 doni
1497 2290 278 58 supernaturalis:

1039 2330 100 55 nec
1096 2330 157 55 debitum
1210 2330 157 55 aliquid
1324 2330 171 55 habendi:
1453 2330 100 55 sed
1510 2330 114 55 quod
1582 2330 157 55 aliquis
1682 2330 71 55 pro

1051 2379 122 52 pter
1127 2379 167 52 aliquod
1249 2379 198 52 demeritum
1401 2379 198 52 precedens
1553 2379 91 52 in
1599 2379 152 52 aliquo
1690 2379 76 52 sit

1053 2418 169 52 ndignus
1175 2418 123 52 vita
1252 2418 169 52 eterna:
1375 2418 123 52 siue
1452 2418 246 52 acceptatione
1636 2418 123 52 diuina

1056 2464 92 59 hoc
1109 2464 132 59 patet:
1201 2464 106 59 quia
1267 2464 145 59 aliquis
1373 2464 158 59 existens
1492 2464 79 59 in
1531 2464 119 59 puris
1597 2464 172 59 naturalibus

1057 2510 85 57 pet
1106 2510 158 57 acceptari
1227 2510 61 57 a
1252 2510 97 57 deo.
1312 2510 73 57 Et
1349 2510 97 57 deus
1410 2510 122 57 potest
1495 2510 146 57 statuere
1605 2510 97 57 quod
1665 2510 97 57 ipso
1714 2510 61 57 fa-

1043 2551 138 56 ciente
1140 2551 124 56 conra
1223 2551 152 56 diuinum
1333 2551 180 56 preceptum
1471 2551 97 56 sit
1526 2551 166 56 indignus
1637 2551 138 56 accepta-

1046 2601 126 52 tione
1130 2601 126 52 diua:
1214 2601 98 52 tam
1270 2601 112 52 ipse
1340 2601 112 52 quam
1410 2601 126 52 omnes
1495 2601 224 52 descendentes
1677 2601 84 52 ab
1705 2601 70 52 eo.
