2178 3043
435 183 91 79 et
480 183 136 79 tamen
571 183 211 79 descendens
737 183 91 79 ab
782 183 91 79 eo
827 183 166 79 propter
948 183 166 79 nullius
1053 183 106 79 causa

429 249 159 56 rentiam
544 249 101 56 est
602 249 188 56 indignus:
747 249 116 56 quia
820 249 101 56 non
878 249 130 56 habet
965 249 130 56 illam
1037 249 116 56 iusti-

437 294 125 56 ciam
516 294 125 56 quam
594 294 157 56 habuit
704 294 141 56 pater
798 294 125 56 suus
876 294 157 56 quando
986 294 125 56 fuit
1048 294 110 56 acce-

435 334 139 62 ptus.
527 334 108 62 nec
589 334 170 62 tenetur
712 334 139 62 aliam
805 334 170 62 habere:
928 334 123 62 quia
1005 334 139 62 pater
1082 334 77 62 nul

432 377 106 57 lam
492 377 167 57 habuit:
614 377 106 57 nec
674 377 197 57 tenebatur
826 377 167 57 habere:
947 377 121 57 ergo
1023 377 106 57 nec
1068 377 91 57 ipse

435 419 92 63 et
481 419 107 63 per
542 419 214 63 consequens
710 419 184 63 peceatum
848 419 199 63 originale
1001 419 138 63 nihil
1077 419 77 63 di-

438 470 143 49 ceret
534 470 127 49 nisi
613 470 111 49 non
677 470 270 49 acceptationem
899 470 175 49 diuinam
1011 470 143 49 propter

430 507 171 59 aliquod
555 507 202 59 demeritum
711 507 202 59 precedens
866 507 93 59 in
913 507 140 59 alio.
1006 507 109 59 hoc
1053 507 109 59 etiam

427 551 130 68 patet:
518 551 104 68 quia
583 551 143 68 aliquis
688 551 130 68 potest
779 551 104 68 esse
844 551 78 68 in
883 551 143 68 peccato
988 551 143 68 actuali
1079 551 78 68 sine

440 599 117 54 omi
507 599 200 54 carentia
657 599 250 54 cuiuscunque
856 599 133 54 quod
940 599 150 54 debet
1023 599 133 54 habere

438 635 119 67 pro
506 635 152 67 tunc:
607 635 152 67 patet
709 635 102 67 de
760 635 237 67 dormiente.
946 635 102 67 Et
997 635 119 67 hoc
1048 635 119 67 pone-

436 681 108 56 rem
497 681 93 56 de
544 681 170 56 peccato
667 681 201 56 originali
822 681 93 56 de
868 681 155 56 facto:
977 681 124 56 nisi
1038 681 124 56 essent

437 731 237 55 auctoritates
629 731 192 55 sanctorum
777 731 104 55 que
836 731 177 55 videntur
970 731 148 55 dicere
1058 731 89 55 quod

439 766 170 63 originale
570 766 157 63 peccatum
687 766 91 63 est
739 766 157 63 carentia
857 766 157 63 iusticie
974 766 131 63 debite
1053 766 104 63 inesse

432 813 85 66 ⁋
466 813 119 66 Sed
534 813 170 66 dubium
654 813 119 66 est
722 813 153 66 vtrum
824 813 136 66 deus
909 813 170 66 posset
1012 813 153 66 accepta

432 862 88 56 re
476 862 132 56 primo
564 862 161 56 aliquem
681 862 205 56 existentem
842 862 88 56 in
886 862 132 56 puris
960 862 190 56 naturalibus

437 912 154 47 tanquam
549 912 140 47 dignum
648 912 112 47 vita
718 912 154 47 eterna:
830 912 84 47 et
872 912 112 47 post
942 912 140 47 euudem
1041 912 112 47 sine
1097 912 56 47 om

430 951 91 54 ni
475 951 182 54 demerito
611 951 106 54 sui
672 951 212 54 reprobare:
838 951 76 54 ⁋
869 951 197 54 Respondeo
1020 951 121 54 quod
1080 951 76 54 sic

429 993 119 59 quia
503 993 104 59 non
563 993 178 59 includit
696 993 267 59 contradictione
919 993 119 59 quod
993 993 104 59 sic
1037 993 104 59 fiat.

477 1032 91 59 Si
522 1032 136 59 dicas
613 1032 121 59 quod
688 1032 121 59 tunc
764 1032 121 59 erit
840 1032 196 59 transitus
991 1032 91 59 de
1021 1032 136 59 contra-

429 1076 185 58 dictorio
567 1076 92 58 in
614 1076 293 58 contradictorium
860 1076 123 58 sine
937 1076 154 58 aliqua
1030 1076 123 58 mutati

439 1125 118 56 one.
513 1125 73 56 ⁋
542 1125 191 56 Respondeo
689 1125 118 56 quod
762 1125 103 56 hoc
821 1125 103 56 est
880 1125 191 56 possibile
1012 1125 147 56 aliquan-

446 1163 100 60 do:
503 1163 157 60 quoniam
617 1163 114 60 illa
688 1163 143 60 regula
788 1163 128 60 habet
874 1163 200 60 instantiam
1031 1163 128 60 sicut
1102 1163 57 60 se

442 1215 86 57 pe
485 1215 144 57 dictum
586 1215 115 57 est:
658 1215 86 57 et
701 1215 101 57 est
759 1215 130 57 ista.
845 1215 86 57 Si
888 1215 115 57 enim
960 1215 101 57 nec
1018 1215 130 57 motus
1090 1215 72 57 nec

429 1261 163 44 mutatio
548 1261 104 44 nec
607 1261 148 44 tempus
710 1261 148 44 esset:
814 1261 104 44 sed
873 1261 133 44 solus
962 1261 133 44 deus:
1051 1261 89 44 et
1080 1261 89 44 cre-

431 1301 133 52 aret
515 1301 133 52 vnum
598 1301 200 52 angelum:
748 1301 133 52 tunc
832 1301 100 52 in
882 1301 217 52 principio
1032 1301 133 52 quando

431 1341 173 64 angelus
557 1341 173 64 creatur
683 1341 142 64 verum
778 1341 110 64 est
841 1341 173 64 dicere:
967 1341 173 64 Angelus
1077 1341 79 64 cre

430 1388 134 59 atur:
519 1388 89 59 et
564 1388 119 59 post
639 1388 104 59 non
698 1388 104 59 est
758 1388 134 59 verum
847 1388 149 59 dicere
951 1388 164 59 angelus
1056 1388 104 59 crea-

436 1436 122 46 tur:
512 1436 122 46 quia
588 1436 168 46 creatio
711 1436 137 46 dicit
802 1436 153 46 causam
909 1436 183 46 creantem
1047 1436 92 46 et
1077 1436 92 46 effe

439 1475 124 57 ctum
516 1475 185 57 creatum:
655 1475 93 57 et
701 1475 185 57 connotat
840 1475 216 57 negationem
995 1475 170 57 immediate

438 1525 248 55 precedentem:
639 1525 93 55 Et
685 1525 124 55 ideo
763 1525 155 55 quando
871 1525 170 55 angelus
995 1525 155 55 primum
1088 1525 77 55 cre

436 1564 124 57 atur:
519 1564 97 57 est
574 1564 124 57 verum
657 1564 138 57 dicere
754 1564 111 57 quod
823 1564 166 57 creatur:
948 1564 111 57 quia
1017 1564 111 57 tunc
1072 1564 97 57 nega-

444 1616 112 48 tio
508 1616 208 48 connotata
668 1616 112 48 per
732 1616 224 48 creationem
907 1616 208 48 immediate
1051 1616 112 48 prece

440 1651 115 54 dit:
512 1651 101 54 sed
569 1651 115 54 post
641 1651 101 54 non
699 1651 101 54 est
756 1651 101 54 hoc
814 1651 129 54 verum
900 1651 158 54 dicere:
1015 1651 115 54 quia
1073 1651 86 54 tunc

443 1697 159 46 negatio
558 1697 101 46 non
616 1697 188 46 immediate
760 1697 202 46 precessit.
919 1697 87 46 et
963 1697 101 46 hic
1021 1697 101 46 est
1064 1697 101 46 trans

441 1739 120 56 itus
516 1739 90 56 de
561 1739 270 56 contradictorio
786 1739 90 56 in
832 1739 300 56 contradictorium:
1072 1739 90 56 quia

452 1782 159 53 creari
563 1782 175 53 aliquem
690 1782 95 53 et
738 1782 159 53 eundem
849 1782 111 53 non
913 1782 159 53 creari
1008 1782 159 53 contradi

435 1822 136 50 cunt.
525 1822 91 50 et
571 1822 121 50 tunc
646 1822 136 50 nulla
737 1822 106 50 est
797 1822 106 50 hic
857 1822 106 50 nec
918 1822 91 50 in
963 1822 151 50 angelo
1068 1822 106 50 nec
1114 1822 60 50 in

436 1870 152 54 aliquo
542 1870 122 54 alio
618 1870 183 54 actualis
755 1870 183 54 mutatio.
892 1870 91 54 Et
938 1870 122 54 ista
999 1870 167 54 instantia

447 1913 116 53 vera
520 1913 116 53 est.
593 1913 87 53 Et
636 1913 131 53 eodem
724 1913 116 53 modo
796 1913 102 53 est
854 1913 87 53 in
898 1913 203 53 proposito:
1058 1913 87 53 si
1087 1913 87 53 deus

443 1954 139 59 primo
535 1954 139 59 istum
627 1954 169 59 angelum
750 1954 108 59 sic
812 1954 169 59 creatum
935 1954 231 59 acceptaret:
1104 1954 62 59 et

453 2000 123 54 post
529 2000 153 54 eundem
637 2000 123 54 sine
714 2000 123 54 omni
790 2000 184 54 demerito
928 2000 107 54 sui
990 2000 107 54 vel
1036 2000 138 54 alteri-

450 2043 90 56 us
495 2043 226 56 reprobaret:
676 2043 120 56 iste
751 2043 135 56 esset
841 2043 181 56 acceptus
976 2043 90 56 et
1022 2043 105 56 non
1067 2043 105 56 acce-

449 2082 127 59 ptus
528 2082 127 59 sine
608 2082 269 59 omnimutatione
829 2082 190 59 actuali:
972 2082 111 59 sed
1035 2082 111 59 non
1083 2082 95 59 sine

453 2130 121 55 omni
529 2130 197 55 mutatione
680 2130 212 55 potentiali
847 2130 152 55 saltem
954 2130 91 55 in
999 2130 137 55 alio:
1075 2130 91 55 quia

451 2171 190 53 sifuisset
597 2171 146 53 aliqua
699 2171 190 53 successio
845 2171 88 53 in
889 2171 146 53 angelo
991 2171 102 53 vel
1050 2171 88 53 in
1079 2171 102 53 alio:

446 2223 129 42 tunc
526 2223 177 42 extrema
655 2223 145 42 vnius
751 2223 305 42 contradictionis
1008 2223 112 42 vel
1057 2223 112 42 alte-

450 2264 134 47 rius:
539 2264 104 47 non
599 2264 164 47 possent
718 2264 104 47 vni
778 2264 134 47 parti
867 2264 149 47 illius
956 2264 209 47 successionis

456 2310 229 45 coexistere:
639 2310 107 45 sed
700 2310 214 45 necessario
868 2310 122 45 vnum
945 2310 183 45 extremum
1067 2310 107 45 coexi

451 2351 148 52 steret
555 2351 104 52 vni
614 2351 134 52 parti
703 2351 252 52 successionis:
911 2351 89 52 et
956 2351 134 52 aliud
1030 2351 148 52 extremum

450 2398 148 44 alteri
554 2398 148 44 parti.
657 2398 89 44 et
702 2398 118 44 tunc
776 2398 163 44 fuisset
894 2398 118 44 vere
968 2398 163 44 mutatus
1086 2398 89 44 in
1116 2398 59 44 se

453 2439 107 44 vel
514 2439 91 44 in
559 2439 137 44 alio.
651 2439 76 44 ⁋
681 2439 91 44 Et
727 2439 91 44 in
772 2439 107 44 hoc
833 2439 213 44 clauduntur
985 2439 183 44 questiones

454 2479 130 51 super
540 2479 173 51 secundum
655 2479 216 51 sententiarum.
