2264 3090
289 209 252 80 Tertii
465 209 252 80 libri.
641 209 277 80 Questio
818 209 176 80 prima

572 278 254 88 Irca
699 278 286 88 tertium

587 360 143 53 librum
687 360 129 53 primo
773 360 186 53 queritur.
902 360 86 53 Utri

585 401 132 57 solus
673 401 146 57 filius
776 401 146 57 vniuit
878 401 117 57 sibi
936 401 59 57 na

573 450 146 43 turam
670 450 179 43 humanam
800 450 97 43 in
833 450 162 43 vnitatem

578 491 154 56 suppositi.
699 491 88 56 Quod
754 491 88 56 non:
808 491 88 56 quia
863 491 110 56 quando
929 491 66 56 ali-

578 533 114 55 qua
643 533 130 55 sunt
724 533 147 55 eadem
822 533 163 55 numero
920 533 65 55 ex

264 586 149 44 natura
369 586 104 44 rei
428 586 134 44 vnito
518 586 104 44 vno
577 586 90 44 et
622 586 194 44 reliquum.
771 586 104 44 sed
831 586 119 44 homo
906 586 90 44 et
935 586 60 44 hu

268 631 150 45 manitas
377 631 109 45 sunt
445 631 190 45 huiusmodi.
595 631 136 45 igitur
690 631 109 45 etc.
758 631 95 45 Sed
812 631 109 45 homo
880 631 95 45 non
921 631 68 45 vni

266 664 89 56 tur.
322 664 145 56 probatur:
433 664 89 56 quia
489 664 89 56 tunc
545 664 112 56 quaero
623 664 78 56 aut
668 664 89 56 luod
724 664 89 56 homo
780 664 134 56 supponit
880 664 78 56 pro
914 664 78 56 natu-

264 716 76 48 ra
302 716 89 48 aut
353 716 89 48 pro
403 716 177 48 supposito.
543 716 89 48 non
593 716 114 48 primo
669 716 114 48 modo:
745 716 101 48 quia
808 716 101 48 tunc
872 716 89 48 hec
909 716 89 48 esset

268 762 129 47 vera.
354 762 115 47 deus
426 762 101 47 est
483 762 201 47 substantia
641 762 158 47 humana:
756 762 129 47 sicut
842 762 115 47 hoc.
900 762 86 47 deus

271 804 86 45 est
320 804 111 45 homo.
394 804 98 45 quod
455 804 123 45 falsum
542 804 98 45 est.
603 804 86 45 Nec
652 804 135 45 secundo
751 804 111 45 modo:
825 804 98 45 quia
886 804 86 45 aut
923 804 74 45 sup-

267 847 132 48 ponit
355 847 102 48 pro
414 847 190 48 supposito
560 847 146 48 creato
662 847 102 48 aut
720 847 190 48 increato.
866 847 102 48 non
910 847 88 48 pri-

267 884 76 58 mo
305 884 114 58 modo:
381 884 101 58 quia
445 884 89 58 hoc
495 884 127 58 dicere
584 884 89 58 est
635 884 177 58 hereticum.
774 884 89 58 nec
824 884 139 58 secundo
913 884 76 58 modo

265 926 91 52 qui
317 926 130 52 nullum
408 926 182 52 suppositum
551 926 169 52 increatum
680 926 78 52 et
719 926 169 52 infinitum
849 926 104 52 fuit
901 926 78 52 vnus

266 974 99 51 tum
322 974 127 51 filio
407 974 99 51 dei
463 974 70 51 ⁋
491 974 113 51 Iste
562 974 84 51 si
604 974 113 51 sic:
674 974 113 51 tunc
745 974 141 51 humana
843 974 141 51 natura
928 974 70 51 vni

265 1015 92 54 ta
311 1015 262 54 verboicareret
527 1015 154 54 aliqua
635 1015 200 54 dignitate
789 1015 108 54 qua
835 1015 154 54 conuenit

264 1061 120 47 aliis
344 1061 160 47 naturis:
464 1061 107 47 quia
531 1061 147 47 careret
638 1061 147 47 propria
744 1061 227 47 personalitate
918 1061 80 47 que.

259 1098 149 51 habetur
368 1098 81 51 ab
409 1098 122 51 aliis
490 1098 81 51 et
531 1098 163 51 importat
653 1098 204 51 dignitatem.
816 1098 68 51 ⁋
843 1098 109 51 Item
898 1098 81 51 tunc

271 1150 122 49 natura
356 1150 110 49 vnita
429 1150 122 49 semper
514 1150 219 49 violentaretur:
697 1150 97 49 quia
758 1150 122 49 semper
843 1150 110 49 habet
904 1150 85 49 incli

262 1193 163 50 nationem
385 1193 82 50 ad
426 1193 163 50 proprium
548 1193 190 50 suppositum
697 1193 82 50 et
738 1193 136 50 semper
833 1193 150 50 careret
929 1193 54 50 eo

258 1236 118 53 igitur
341 1236 71 53 et
376 1236 59 53 c
400 1236 59 53 ⁋
423 1236 83 53 Ite
470 1236 94 53 quod
529 1236 83 53 non
576 1236 118 53 vnitur
659 1236 71 53 in
694 1236 130 53 vnitate
789 1236 130 53 persone
871 1236 118 53 probatur

266 1285 89 54 qui
317 1285 102 54 tunc
381 1285 114 54 esset
457 1285 165 54 personata
584 1285 76 54 et
622 1285 153 54 persona:
737 1285 89 54 aut
788 1285 102 54 ergo
851 1285 127 54 diuina
927 1285 64 54 aut

267 1321 133 50 humana:
363 1321 84 50 sed
412 1321 145 50 vtrumque
520 1321 121 50 falsum
605 1321 97 50 est.
665 1321 121 50 igitur
750 1321 84 50 etc
798 1321 60 50 ⁋
822 1321 97 50 Iste
882 1321 97 50 quod
931 1321 48 50 no

268 1369 102 53 solus
336 1369 114 53 filius
415 1369 125 53 vnitur.
506 1369 148 53 probatur:
620 1369 91 53 quia
676 1369 114 53 quando
756 1369 125 53 aliquid
847 1369 125 53 couenit
926 1369 57 53 vni

265 1420 109 45 quod
333 1420 95 45 non
388 1420 163 45 repugnat
510 1420 149 45 alteri.
618 1420 81 45 si
659 1420 109 45 illa
727 1420 109 45 sint
795 1420 95 45 vna
849 1420 109 45 res:
904 1420 81 45 tunc

263 1459 102 58 tunc
327 1459 115 58 illud
404 1459 102 58 quod
468 1459 153 58 conuenit
583 1459 89 58 vni
634 1459 153 58 conuenit
749 1459 141 58 alteri:
851 1459 89 58 sed
890 1459 89 58 pater

265 1502 87 52 et
309 1502 145 52 filius
411 1502 116 52 sunt
483 1502 102 52 vna
542 1502 102 52 res
600 1502 87 52 et
643 1502 102 52 non
701 1502 174 52 repugnat
832 1502 102 52 pri
876 1502 116 52 incar-

258 1546 131 49 nari.
346 1546 160 49 igitur.
462 1546 73 49 ⁋
491 1546 87 49 Ad
535 1546 204 49 oppositum.
695 1546 145 49 Uerbum
797 1546 116 49 caro
855 1546 116 49 factum

261 1590 99 47 est.
322 1590 86 47 hic
372 1590 148 47 videndum
483 1590 86 47 est
532 1590 111 47 primo
606 1590 99 47 quid
667 1590 86 47 sit
717 1590 148 47 persona:
828 1590 111 47 licet
902 1590 74 47 in
926 1590 62 47 pri

259 1639 74 42 mo
296 1639 110 42 libro
369 1639 74 42 de
406 1639 86 42 hoc
455 1639 123 42 dictum
541 1639 98 42 sit.
602 1639 74 42 et
639 1639 98 42 dico
701 1639 98 42 quod
762 1639 135 42 persona
860 1639 86 42 est
897 1639 86 42 natu-

254 1673 77 57 ra
293 1673 232 57 intellectualis
486 1673 168 57 completa:
616 1673 103 57 quae
680 1673 90 57 nec
732 1673 194 57 sustentatur
887 1673 77 57 ab
913 1673 77 57 alio

256 1727 95 39 nec
311 1727 95 39 est
365 1727 108 39 nata
432 1727 135 39 facere
527 1727 95 39 per
581 1727 81 39 se
621 1727 108 39 vnum
689 1727 95 39 cum
743 1727 122 39 alio:
824 1727 122 39 sicut
891 1727 95 39 pars.

283 1763 102 49 per
342 1763 248 49 intellectuale
546 1763 219 49 excluduntur
721 1763 204 49 accidentia
866 1763 117 49 insen-

261 1804 140 52 sibilia
363 1804 76 52 et
401 1804 241 52 irrationabilia:
604 1804 76 52 et
642 1804 102 52 omne
706 1804 102 52 quod
769 1804 89 52 non
820 1804 89 52 est
858 1804 127 52 intelle-

259 1847 131 59 ctuale.
355 1847 84 59 per
402 1847 155 59 completum
522 1847 167 59 excluditur
653 1847 108 59 anima
725 1847 191 59 intellectiua
880 1847 96 59 quae
928 1847 48 59 no

266 1895 97 52 est
322 1895 138 52 natura
418 1895 166 52 completa
543 1895 83 52 in
585 1895 138 52 genere
681 1895 208 52 substantie:
848 1895 111 52 quia
903 1895 83 52 nata

259 1936 84 49 est
307 1936 96 49 esse
367 1936 96 49 pars
427 1936 144 49 alicuius
535 1936 168 49 existentis
668 1936 84 49 per
716 1936 72 49 se
752 1936 72 49 in
788 1936 120 49 genere
860 1936 120 49 substan-

261 1987 105 50 tie.
327 1987 92 50 per
379 1987 92 50 non
432 1987 184 50 sustentari
577 1987 79 50 ab
616 1987 105 50 alio
682 1987 184 50 excluditur
827 1987 132 50 natura
906 1987 79 50 huma

257 2027 69 52 na
291 2027 69 52 in
325 2027 126 52 christo
416 2027 91 52 quae
474 2027 80 52 non
519 2027 80 52 est
565 2027 137 52 persona:
668 2027 91 52 quia
725 2027 171 52 sustentatur
862 2027 57 52 a
873 2027 103 52 suppos-

255 2068 76 50 to
293 2068 139 50 diuino.
394 2068 88 50 per
444 2068 88 50 non
495 2068 126 50 facere
583 2068 88 50 per
633 2068 76 50 se
671 2068 101 50 vnum
734 2068 88 50 cum
784 2068 101 50 alio
835 2068 151 50 excluditur

258 2113 142 52 essentia
365 2113 118 52 diuina
448 2113 71 52 et
483 2113 142 52 relatio:
590 2113 95 52 quae
649 2113 130 52 faciunt
743 2113 95 52 vnum
803 2113 83 52 per
850 2113 83 52 se.
897 2113 71 52 et
921 2113 59 52 sic

264 2158 91 49 est
316 2158 78 49 in
355 2158 207 49 diffinitione
523 2158 181 49 exprimente
665 2158 104 49 quid
730 2158 142 49 nominis
834 2158 142 49 persone
924 2158 52 49 po

267 2202 118 60 nitur
346 2202 145 60 aliquid
451 2202 171 60 positiuum
582 2202 79 60 et
622 2202 145 60 aliquid
727 2202 184 60 negatiuum.
859 2202 118 60 Secundo

269 2247 102 55 dico
333 2247 102 55 quod
396 2247 89 55 per
447 2247 140 55 naturam
549 2247 165 55 intelligo
675 2247 89 55 rem
726 2247 165 55 absolutam
840 2247 140 55 positiuam

251 2297 124 50 natam
334 2297 110 50 esse
402 2297 124 50 extra
485 2297 151 50 animam.
595 2297 69 50 ⁋
622 2297 137 50 Tertio
718 2297 110 50 dico
787 2297 110 50 quod
855 2297 110 50 vnio
910 2297 69 50 ad-

268 2334 88 63 dit
318 2334 138 63 aliquid
418 2334 113 63 vltra
493 2334 138 63 extrema
593 2334 125 63 vnita.
680 2334 100 63 quod
743 2334 163 63 probatur:
868 2334 100 63 quia
918 2334 63 63 im-

252 2374 160 58 possibile
374 2374 86 58 est
424 2374 147 58 transire
534 2374 74 58 de
571 2374 221 58 contradictorio
755 2374 74 58 in
779 2374 209 58 contradictorium

263 2422 109 50 sine
332 2422 218 50 destructione
509 2422 95 50 vel
563 2422 218 50 acquisitione
741 2422 164 50 alicuius
850 2422 136 50 transiti

259 2466 84 51 ui
301 2466 182 51 absoluti:
441 2466 98 51 sed
497 2466 140 51 natura
595 2466 112 51 nunc
665 2466 126 51 vnita
749 2466 140 51 potest
847 2466 112 51 esse
903 2466 70 51 non

265 2512 137 47 vnita
356 2512 122 47 sine
432 2512 243 47 destructione
630 2512 107 47 vel
691 2512 243 47 acquisitione
873 2512 107 47 alicu

251 2556 95 48 ius
306 2556 191 48 absolunti.
456 2556 136 48 igitur
551 2556 109 48 vnio
620 2556 123 48 dicit
701 2556 150 48 aliquid
810 2556 123 48 vltra
879 2556 95 48 abso-

260 2598 114 54 luta.
337 2598 102 54 Quia
400 2598 89 54 hoc
451 2598 89 54 non
502 2598 127 54 potest
591 2598 114 54 euadi
667 2598 89 54 per
718 2598 178 54 negationes
858 2598 76 54 et
883 2598 102 54 conno

1092 219 151 57 tationes
1206 219 113 57 sicut
1282 219 126 57 potest
1370 219 76 57 in
1408 219 113 57 aliis
1483 219 214 57 relationibus.
1660 219 101 57 Item
1710 219 101 57 quando

1087 273 136 45 cunque
1182 273 95 45 est
1237 273 136 45 aliqua
1332 273 204 45 denominatio
1495 273 109 45 quae
1563 273 122 45 nihil
1644 273 122 45 dicit
1712 273 95 45 vltra

1096 313 230 45 denominabilia
1286 313 108 45 nisi
1353 313 176 45 essentiam
1489 313 189 45 extremorum
1637 313 81 45 si
1664 313 149 45 conueniat

1088 355 141 53 alicui
1186 355 169 53 respectu
1313 355 127 53 vnius
1398 355 183 53 indiuidui
1538 355 169 53 conuenit
1665 355 127 53 etiam
1736 355 84 53 sibi

1098 401 153 48 respectu
1213 401 127 48 omnium
1302 401 204 48 indiuiduorum
1467 401 140 48 eiusdem
1569 401 165 48 rationis:
1696 401 102 48 nisi
1747 401 64 48 ali

1101 439 107 53 quid
1168 439 161 53 coueniat
1288 439 94 53 vni
1342 439 174 53 indiuiduo
1476 439 147 53 propter
1583 439 107 53 quod
1650 439 161 53 competit
1757 439 54 53 si

1085 488 86 51 bi
1128 488 114 51 illa
1199 488 214 51 denominatio
1370 488 171 51 respectu
1499 488 129 51 vnius
1585 488 86 51 et
1627 488 100 51 non
1670 488 143 51 respectu

1095 529 168 53 alterius.
1225 529 155 53 Exemplum
1341 529 129 53 primi.
1432 529 78 53 si
1470 529 142 53 creatio
1574 529 117 53 nihil
1652 529 117 53 dicat
1716 529 91 53 vltir

1087 569 129 54 deinde
1178 569 155 54 creantem
1294 569 78 54 et
1333 569 90 54 rem
1384 569 155 54 creatam:
1501 569 78 54 si
1540 569 103 54 deus
1604 569 142 54 dicitur
1695 569 116 54 creator

1084 618 172 52 respectu
1213 618 129 52 vnius
1298 618 115 52 rei:
1370 618 129 52 etiam
1456 618 158 52 dicetur
1571 618 158 52 creator
1671 618 143 52 respectu

1087 659 95 45 omniu
1151 659 116 45 eiusdem
1235 659 137 45 rationis.
1340 659 137 45 similiter
1445 659 63 45 si
1476 659 147 45 similitudo
1592 659 95 45 nihil
1655 659 74 45 sit
1697 659 95 45 vlter
1749 659 53 45 duo

1084 700 97 59 alba
1145 700 97 59 quae
1206 700 134 59 ratione
1303 700 85 59 duo
1352 700 97 59 alba
1412 700 97 59 sunt
1473 700 134 59 similia
1571 700 73 59 et
1607 700 110 59 omnia
1680 700 110 59 alba.
1741 700 73 59 Exem

1079 755 107 47 plum
1145 755 160 47 secundi.
1266 755 107 47 quia
1333 755 187 47 paternitas
1480 755 80 47 in
1520 755 174 47 creaturis
1654 755 120 47 nihil
1720 755 94 47 dicit

1084 792 122 55 vltra
1166 792 149 55 extrema
1274 792 190 55 denominata
1424 792 122 55 istis
1505 792 271 55 denominationibus
1722 792 95 55 pater

1082 842 68 46 et
1116 842 125 46 filius:
1206 842 68 46 et
1241 842 102 46 tamen
1309 842 68 46 si
1343 842 125 46 aliquis
1433 842 79 46 est
1479 842 102 46 pater
1547 842 136 46 respectu
1649 842 102 46 vnius
1706 842 102 46 hominis

1088 880 78 53 non
1133 880 101 53 tamen
1200 880 134 53 respectu
1301 880 179 53 cuiuscumque.
1446 880 67 53 et
1480 880 78 53 hoc
1525 880 90 53 est:
1581 880 90 53 quia
1637 880 123 53 aliquid
1715 880 90 53 conue-

1075 929 101 48 nit
1132 929 101 48 pri
1190 929 174 48 respectu
1321 929 130 48 vnius
1408 929 188 48 indiuidui
1552 929 116 48 quod
1625 929 101 48 non
1668 929 145 48 respectu

1086 970 172 52 alterius.
1218 970 79 52 et
1258 970 119 52 illud
1337 970 93 52 est
1390 970 106 52 sibi
1457 970 159 52 proprium
1576 970 106 52 puta
1642 970 119 52 actio
1708 970 93 52 conue

1084 1017 86 47 nit
1133 1017 98 47 sibi
1194 1017 147 47 respectu
1305 1017 123 47 sortis
1391 1017 98 47 quae
1452 1017 86 47 non
1501 1017 123 47 potest
1587 1017 98 47 sibi
1648 1017 160 47 competere
1759 1017 49 47 re

1076 1057 130 55 spectu
1167 1057 130 55 iohis:
1258 1057 130 55 saltem
1348 1057 78 55 de
1387 1057 117 55 facto
1465 1057 91 55 non
1517 1057 104 55 sibi
1582 1057 169 55 conuenit:
1711 1057 78 55 et
1737 1057 65 55 pro

1083 1099 99 53 pter
1144 1099 111 53 illud
1218 1099 148 53 proprium
1330 1099 136 53 dicitur
1428 1099 99 53 homo
1490 1099 111 53 pater
1564 1099 123 53 sortum
1651 1099 74 53 et
1688 1099 86 53 non
1725 1099 86 53 iohis

1088 1144 101 49 patet
1155 1144 90 49 ergo
1212 1144 113 49 maior.
1291 1144 79 49 sed
1336 1144 68 49 si
1370 1144 90 49 vnio
1426 1144 68 49 in
1460 1144 147 49 proposito
1573 1144 79 49 sit
1618 1144 113 49 quadam
1685 1144 113 49 denomina

1078 1188 99 49 tio
1134 1188 127 49 nihil
1219 1188 141 49 dicens
1317 1188 127 49 vlter
1402 1188 155 49 extrema
1514 1188 127 49 vnita
1599 1188 84 49 et
1641 1188 127 49 nulla
1711 1188 99 49 actio

1078 1228 98 54 vel
1134 1228 154 54 aliquod
1246 1228 168 54 proprium
1371 1228 168 54 conuenit
1497 1228 126 54 verbo
1581 1228 181 54 respectu:
1706 1228 98 54 vnius

1082 1277 155 42 creature
1199 1277 78 42 et
1237 1277 91 42 non
1289 1277 168 42 alterius:
1419 1277 104 42 ergo
1483 1277 168 42 equaliter
1613 1277 91 42 est
1665 1277 91 42 vna
1703 1277 104 42 natura

1082 1316 101 51 sibi
1146 1316 114 51 vnita
1222 1316 114 51 sicut
1298 1316 76 51 et
1336 1316 114 51 alia:
1412 1316 89 51 hoc
1463 1316 89 51 aut
1514 1316 127 51 falsum
1602 1316 89 51 est
1653 1316 76 51 et
1691 1316 89 51 con
1729 1316 89 51 fiden

1076 1358 80 58 Si
1116 1358 146 58 dicitur
1222 1358 107 58 quod
1289 1358 133 58 habuit
1382 1358 146 58 aliquam
1488 1358 160 58 actionem
1608 1358 146 58 preuiam
1701 1358 107 58 rectum

1079 1405 135 57 nature
1174 1405 163 57 assumpte
1296 1405 108 57 quam
1364 1405 95 57 non
1418 1405 135 57 habuit
1513 1405 135 57 rectum
1608 1405 176 57 alterius:
1730 1405 81 57 quia

1076 1451 164 54 mediante
1199 1451 191 54 spiriuscto
1350 1451 137 54 euenit
1445 1451 109 54 quod
1513 1451 191 54 nasceretur
1664 1451 82 54 de
1691 1451 123 54 virgine

1078 1492 79 50 et
1117 1492 157 50 formauit
1235 1492 131 50 corpus
1327 1492 105 50 sine
1392 1492 118 50 sene.
1471 1492 183 50 Respondeo.
1615 1492 118 50 omnem
1680 1492 131 50 actionem

1083 1536 157 50 preuiam
1197 1536 114 50 quam
1268 1536 129 50 habet
1354 1536 171 50 respectu
1483 1536 143 50 nature
1583 1536 171 50 assumpte
1697 1536 114 50 potest

1068 1579 152 52 habere
1174 1579 183 52 respectu
1311 1579 152 52 nature
1418 1579 107 52 non
1479 1579 198 52 assumpte.
1631 1579 152 52 potest
1723 1579 91 52 enim

1080 1623 119 53 facere
1163 1623 95 53 quod
1223 1623 107 53 alius
1294 1623 142 53 nascatur
1401 1623 71 53 de
1436 1623 131 53 virgine
1531 1623 71 53 et
1567 1623 107 53 tamen
1638 1623 95 53 quod
1697 1623 83 53 non
1733 1623 71 53 vnia

1070 1668 91 52 tur
1122 1668 104 52 sibi
1187 1668 78 52 in
1225 1668 142 52 vnitate
1329 1668 155 52 persone.
1445 1668 104 52 Item
1510 1668 129 52 quando
1601 1668 181 52 denominans
1730 1668 65 52 non

1068 1710 119 52 dicit
1147 1710 145 52 aliquid
1252 1710 119 52 vltra
1331 1710 224 52 denominabilia
1516 1710 79 52 si
1555 1710 92 52 non
1608 1710 92 52 sit
1660 1710 132 52 aliqua
1739 1710 53 52 mu

1077 1756 136 45 tatio
1168 1756 91 45 ad
1213 1756 151 45 formam
1319 1756 91 45 in
1365 1756 167 45 altero:
1486 1756 106 45 nec
1546 1756 167 45 mutatio
1653 1756 151 45 localis:

1074 1799 86 57 sed
1123 1799 110 57 ipsis
1196 1799 147 57 extremis
1306 1799 134 57 positum
1404 1799 86 57 non
1453 1799 134 57 mutatis
1551 1799 86 57 nec
1599 1799 147 57 secundum
1697 1799 98 57 formam

1077 1850 86 45 nec
1126 1850 147 45 secundum
1236 1850 110 45 locum
1309 1850 73 45 si
1346 1850 110 45 semel
1419 1850 159 45 denominat
1541 1850 122 45 semper
1627 1850 171 45 denominat.
1749 1850 49 45 Ex

1066 1891 138 52 emplum
1163 1891 83 52 de
1204 1891 221 52 similitudine
1384 1891 166 52 respectu
1508 1891 138 52 duorum
1605 1891 166 52 alborum:
1729 1891 97 52 sed

1065 1936 150 49 natura
1170 1936 194 49 consumpta
1319 1936 75 49 a
1349 1936 135 49 verbo
1439 1936 150 49 potest
1544 1936 165 49 dimitti
1663 1936 120 49 sine
1723 1936 75 49 ali

1067 1972 102 57 qua
1126 1972 189 57 mutatione
1271 1972 131 57 facta
1358 1972 87 57 in
1402 1972 146 57 natura
1504 1972 146 57 humana
1606 1972 175 57 secundum
1722 1972 73 57 for

1072 2023 95 50 mam
1127 2023 81 50 et
1167 2023 136 50 locum.
1262 2023 109 50 ergo
1330 2023 136 50 natura
1425 2023 149 50 dimissa
1534 2023 122 50 adhuc
1615 2023 176 50 diceretur
1737 2023 68 50 vni

1079 2065 94 51 ta:
1132 2065 107 51 quod
1199 2065 134 51 falsum
1293 2065 107 51 est.
1360 2065 107 51 ergo
1426 2065 107 51 vnio
1493 2065 134 51 nature
1587 2065 80 51 ad
1627 2065 134 51 verbum
1707 2065 94 51 dicit

1078 2118 164 50 aliquid
1197 2118 134 50 vltra
1287 2118 164 50 extrema
1406 2118 149 50 vnita.
1510 2118 74 50 ⁋
1540 2118 149 50 Quarto
1644 2118 119 50 dico
1704 2118 89 50 quod

1064 2149 125 52 vnio
1142 2149 109 52 non
1205 2149 140 52 addit
1299 2149 140 52 vltra
1392 2149 172 52 extrema
1517 2149 172 52 aliquod
1626 2149 172 52 absolutum

1071 2195 96 51 quod
1131 2195 144 51 probatur
1239 2195 96 51 sic.
1299 2195 96 51 quia
1359 2195 84 51 aut
1407 2195 108 51 illud
1480 2195 156 51 absolutum
1600 2195 108 51 esset
1672 2195 72 51 in
1696 2195 96 51 genere

1070 2241 183 51 substantie
1214 2241 91 51 aut
1266 2241 196 51 accidentis.
1422 2241 91 51 non
1475 2241 196 51 substantie:
1631 2241 104 51 quia
1697 2241 104 51 tunc
1749 2241 52 51 in

1071 2283 130 56 christo
1165 2283 106 56 esset
1236 2283 130 56 aliquod
1330 2283 189 56 substantiale
1484 2283 130 56 creatum
1578 2283 94 56 quod
1637 2283 82 56 non
1684 2283 106 56 esset
1743 2283 47 56 in

1067 2326 103 55 alio
1132 2326 129 55 homine
1222 2326 103 55 quod
1286 2326 129 55 falsum
1376 2326 103 55 est:
1441 2326 103 55 quia
1505 2326 90 55 nec
1557 2326 77 55 in
1596 2326 77 55 eo
1634 2326 90 55 est
1673 2326 116 55 materia

1068 2380 93 45 nec
1121 2380 120 45 forma
1201 2380 93 45 nec
1254 2380 186 45 compositum
1401 2380 107 45 quod
1467 2380 93 45 non
1521 2380 93 45 est
1574 2380 80 45 in
1614 2380 107 45 alio
1667 2380 120 45 homine.

1070 2418 78 49 tum
1115 2418 89 49 quia
1170 2418 67 49 si
1204 2418 78 49 sic
1249 2418 134 49 christus
1349 2418 78 49 non
1394 2418 101 49 esset
1461 2418 101 49 nobis
1528 2418 123 49 similis
1617 2418 123 49 quantum
1707 2418 67 49 ad
1729 2418 67 49 natu

1069 2466 94 49 ram.
1128 2466 82 49 nec
1175 2466 71 49 in
1210 2466 118 49 genere
1293 2466 177 49 accidentis:
1434 2466 94 49 quia
1493 2466 82 49 nec
1540 2466 71 49 in
1575 2466 118 49 genere
1646 2466 153 49 quantitatis

1069 2507 84 47 vt
1111 2507 125 47 patet
1194 2507 209 47 discurrendo
1361 2507 97 47 per
1417 2507 167 47 singulas
1542 2507 111 47 eius
1612 2507 167 47 species.
1723 2507 70 47 nec

1072 2553 72 49 in
1108 2553 120 49 genere
1192 2553 180 49 qualitatis:
1336 2553 96 49 quia
1396 2553 84 49 hoc
1445 2553 84 49 non
1493 2553 120 49 potest
1577 2553 96 49 esse
1637 2553 96 49 nisi
1697 2553 72 49 in
1721 2553 72 49 pri-

1060 2600 102 61 ma
1111 2600 169 61 specie
1229 2600 135 61 puta
1314 2600 186 61 habitus
1449 2600 220 61 caritatis
1619 2600 169 61 gratie
1720 2600 85 61 vel
