2294 3095
294 230 125 62 tribus
381 230 162 62 personis:
505 230 100 62 quia
568 230 100 62 tunc
630 230 162 62 diceretur
755 230 112 62 pater
830 230 100 62 mori
892 230 75 62 et
917 230 87 62 inca-

284 285 110 43 nari
353 285 124 43 sicut
436 285 110 43 modo
504 285 151 43 filius:
614 285 124 43 sicut
697 285 138 43 igitur
793 285 83 43 ad
821 285 193 43 verificandum

286 325 96 45 illa
346 325 96 45 quae
406 325 144 45 dicuntur
513 325 96 45 modo
573 325 72 45 de
609 325 108 45 filio
681 325 72 45 et
717 325 72 45 de
753 325 132 45 omnibus
848 325 144 45 personis
944 325 60 45 sus

283 369 124 53 ficit
366 369 110 53 sola
435 369 110 53 vnio
504 369 138 53 nature
600 369 83 53 ad
641 369 179 53 essentiam
779 369 165 53 diuinam:
903 369 96 53 ita
958 369 83 53 ad

281 413 217 50 verificandum
458 413 122 50 istas
539 413 244 50 denominationes
743 413 81 50 de
784 413 122 50 filio
865 413 81 50 et
906 413 95 50 non
947 413 54 50 de

284 459 113 52 aliis
360 459 151 52 personis
473 459 151 52 sufficit
586 459 100 52 sola
649 459 100 52 vnio
711 459 75 52 ad
749 459 151 52 personam
862 459 75 52 et
900 459 88 52 non
950 459 75 52 ad

280 502 160 54 essentiam:
406 502 69 54 et
440 502 149 54 similiter
554 502 80 54 non
600 502 103 54 minus
669 502 160 54 conueniunt
795 502 103 54 tales
852 502 149 54 denominatio

273 546 83 54 nes
321 546 107 54 patri
392 546 71 54 et
428 546 143 54 spiritui
535 546 119 54 sancto
618 546 95 54 quae
677 546 166 54 conueniunt
808 546 83 54 eis
855 546 83 54 per
891 546 107 54 vnionem

273 587 146 49 nature
376 587 88 49 ad
420 587 190 49 essentiam
566 587 161 49 propter
683 587 161 49 vnionem
799 587 161 49 eiusdem
902 587 102 49 natu-

285 635 72 52 re
321 635 72 52 ad
357 635 192 52 proprietatem
513 635 120 52 filii:
597 635 84 52 sed
645 635 72 52 si
680 635 96 52 sola
740 635 108 52 esset
812 635 96 52 vnio
872 635 120 52 nature
956 635 72 52 ad

281 681 168 52 essentiam
410 681 142 52 diuinam
513 681 77 52 et
552 681 90 52 non
604 681 77 52 ad
643 681 207 52 proprietatem
810 681 129 52 filii:
901 681 103 52 tunc
952 681 52 52 ta

280 722 85 52 les
329 722 219 52 denominationes
511 722 170 52 conueniret
645 722 134 52 omnibus
742 722 146 52 personis
852 722 110 52 sicut
913 722 85 52 prius

282 764 126 50 dictum
370 764 100 50 est.
433 764 100 50 ergo
496 764 100 50 nunc
559 764 163 50 coueniunt
684 764 88 50 eis
734 764 113 50 tales
797 764 201 50 denominationes

272 815 100 45 puta
335 815 100 45 quod
398 815 113 45 patri
473 815 88 45 est
524 815 176 45 incarnatus
662 815 138 45 mortuus
762 815 100 45 etc.
825 815 100 45 quod
888 815 88 45 est
926 815 75 45 here

270 853 123 52 ticum.
356 853 197 52 Confirmatur:
516 853 99 52 quia
578 853 86 52 ita
627 853 173 52 essentiale
763 853 74 52 et
800 853 185 52 intrinsecum
935 853 62 52 est

282 895 111 51 patri
356 895 148 51 essentia
467 895 124 51 diuina
553 895 111 51 sicut
627 895 173 51 quaecunque
763 895 173 51 proprietas
887 895 111 51 persona

271 944 94 46 lis.
330 944 94 46 ergo
389 944 82 46 qua
436 944 129 46 ratione
530 944 106 46 pater
601 944 82 46 vel
648 944 118 46 filius
730 944 129 46 dicitur
824 944 118 46 vnitus
895 944 106 46 propter

270 991 136 43 vnionem
369 991 124 43 nature
455 991 74 43 ad
493 991 211 43 proprietatem:
666 991 111 43 eadem
740 991 136 43 ratione
839 991 136 43 dicitur
926 991 62 43 pat

276 1028 142 48 vnitus
375 1028 156 48 propter
488 1028 156 48 vnionem
602 1028 142 48 nature
701 1028 85 48 ad
743 1028 184 48 essentiam
871 1028 127 48 diuinam

273 1072 64 54 â‹
299 1072 155 54 Rationes
415 1072 116 54 etiam
492 1072 90 54 non
544 1072 180 54 concludunt
686 1072 103 54 quod
750 1072 103 54 enim
815 1072 116 54 primo
879 1072 116 54 accipit

270 1120 97 46 quod
330 1120 85 46 est
379 1120 109 46 prima
451 1120 109 46 ratio
524 1120 181 46 subsistendi
669 1120 85 46 est
717 1120 109 46 prima
790 1120 109 46 ratio
850 1120 133 46 terminan-

270 1156 91 56 di:
322 1156 130 56 falsum
413 1156 104 56 est.
478 1156 104 56 quia
543 1156 78 56 si
582 1156 91 56 sic
634 1156 104 56 tunc
699 1156 104 56 sola
764 1156 104 56 vnio
829 1156 78 56 ad
855 1156 143 56 essentiam

262 1202 199 53 sufficeret
418 1202 85 53 ad
461 1202 227 53 verificandum
645 1202 128 53 omnes
730 1202 256 53 denominationes
929 1202 57 53 de

272 1243 119 56 omnibus
359 1243 130 56 personis
456 1243 86 56 quae
510 1243 76 56 non
553 1243 151 56 conueniunt
672 1243 108 56 filio.
747 1243 65 56 et
780 1243 76 56 per
823 1243 151 56 consequens
931 1243 54 56 non

269 1288 143 56 posset
369 1288 100 56 vna
426 1288 200 56 denominari
583 1288 114 56 illa
655 1288 143 56 vnione
755 1288 86 56 et
798 1288 114 56 alia
869 1288 114 56 non.
927 1288 72 56 hoc

280 1334 125 51 patet:
367 1334 100 51 quia
430 1334 125 51 creare
517 1334 163 51 gubernare
642 1334 175 51 conseruare
780 1334 175 51 conueniunt
905 1334 88 51 omnis

268 1375 74 56 bus
311 1375 137 56 personis:
416 1375 84 56 quia
469 1375 95 56 primo
532 1375 148 56 conueniunt
648 1375 127 56 esentie:
743 1375 63 56 et
775 1375 63 56 ex
807 1375 74 56 hoc
849 1375 84 56 solo
891 1375 95 56 dicitur

265 1423 88 56 quod
320 1423 100 56 prtri
387 1423 111 56 filius
464 1423 66 56 et
497 1423 133 56 spiritus
597 1423 122 56 sanctus
685 1423 111 56 creant
763 1423 88 56 etc.
818 1423 77 56 ita
862 1423 88 56 quod
918 1423 66 56 in
940 1423 55 56 cre

271 1461 124 50 atura
354 1461 96 50 non
409 1461 96 50 est
464 1461 138 50 aliqua
561 1461 207 50 dependentia
726 1461 193 50 creationis
864 1461 124 50 conser-

266 1508 156 47 uationis
383 1508 78 47 et
422 1508 220 47 gubernationis
603 1508 78 47 ad
642 1508 104 47 vnam
707 1508 156 47 personam
823 1508 104 47 quae
888 1508 91 47 non
940 1508 78 47 ad

257 1551 140 56 aliam:
355 1551 84 56 et
397 1551 98 56 hoc
452 1551 112 56 quia
522 1551 126 56 solum
606 1551 98 56 est
662 1551 195 56 dependetia
815 1551 168 56 creature
927 1551 56 56 ad

269 1599 164 44 essentiam
396 1599 152 44 diuinam.
509 1599 101 44 ergo
573 1599 114 44 eodem
648 1599 101 44 modo
712 1599 76 44 in
750 1599 164 44 proposito
876 1599 76 44 ad
901 1599 76 44 veri

273 1638 152 44 ficandum
387 1638 228 44 praedicationes
577 1638 76 44 et
615 1638 215 44 denominatones
793 1638 101 44 modo
844 1638 139 44 praedicto

264 1682 151 54 sufficit
378 1682 101 54 sola
441 1682 101 54 vnio
504 1682 76 54 ad
541 1682 176 54 essentiam.
680 1682 63 54 â‹
705 1682 113 54 Aliam
781 1682 113 54 etiam
856 1682 113 54 ratio
919 1682 63 54 non

268 1725 190 56 concludit:
417 1725 108 56 quia
485 1725 81 56 si
526 1725 108 56 sola
593 1725 122 56 esset
675 1725 108 56 vnio
742 1725 135 56 nature
837 1725 135 56 humane
932 1725 81 56 ad

268 1774 173 49 essentiam:
404 1774 99 49 tunc
466 1774 161 49 quaelibet
590 1774 136 49 persona
689 1774 111 49 esset
763 1774 149 49 realiter
875 1774 111 49 vnita
936 1774 50 49 et

269 1812 177 50 incamata.
406 1812 82 50 et
447 1812 82 50 si
488 1812 109 50 post
556 1812 150 50 vniatur
665 1812 136 50 natura
761 1812 82 50 ad
802 1812 150 50 filium:
897 1812 82 50 tunc

262 1860 88 50 in
306 1860 131 50 filio
394 1860 146 50 essent
496 1860 102 50 due
554 1860 161 50 vniones
671 1860 146 50 quarum
773 1860 161 50 vtraque
875 1860 117 50 suffi-

263 1901 92 52 cit
315 1901 79 52 ad
355 1901 209 52 verificandum
525 1901 118 52 tales
603 1901 223 52 propositiones
787 1901 79 52 et
813 1901 170 52 denominatio

253 1944 77 55 nes
297 1944 88 55 modo
352 1944 143 55 predicto:
462 1944 77 55 sed
506 1944 77 55 per
550 1944 77 55 hoc
594 1944 88 55 quod
649 1944 110 55 vnitur
726 1944 99 55 filio
792 1944 77 55 non
836 1944 132 55 tolliter
924 1944 55 55 ali

268 1990 79 55 qua
313 1990 170 55 denominatio
449 1990 159 55 conueniens
574 1990 79 55 pri
619 1990 68 55 et
653 1990 125 55 spiritu
744 1990 57 55 i
767 1990 125 55 sancto:
857 1990 91 55 quia
903 1990 79 55 nihil

261 2034 144 54 aufertur
369 2034 84 54 vni
417 2034 132 54 persone
514 2034 72 54 in
550 2034 132 54 diuinis
646 2034 84 54 per
694 2034 84 54 hoc
742 2034 96 54 quod
802 2034 120 54 alteri
875 2034 108 54 vnitur.

260 2078 100 56 igitur
330 2078 80 56 nunc
380 2078 110 56 dicetur
461 2078 60 56 pr
491 2078 141 56 incarnatus
601 2078 100 56 vnitus
672 2078 80 56 etc.
722 2078 60 56 et
752 2078 131 56 similiter
852 2078 121 56 spiritus
933 2078 40 56 sa

258 2116 104 52 ctus
323 2116 65 52 â‹
349 2116 129 52 Tertia
439 2116 117 52 ratio
517 2116 91 52 non
569 2116 168 52 concludit
698 2116 104 52 quia
763 2116 117 52 verum
841 2116 91 52 est
892 2116 78 52 ex
918 2116 65 52 quo

254 2167 140 56 persone
356 2167 127 56 diuine
445 2167 204 56 distinguntur
611 2167 153 56 realiter
725 2167 102 56 quod
789 2167 140 56 aliquid
878 2167 102 56 potest

251 2209 164 47 competere
377 2209 88 47 vni
428 2209 101 47 quod
491 2209 88 47 non
541 2209 139 47 alteri.
642 2209 76 47 et
680 2209 88 47 hoc
730 2209 101 47 siue
793 2209 113 47 illud
856 2209 126 47 conueni-

263 2249 77 47 at
302 2249 116 47 primo
379 2249 194 47 proprietati
534 2249 116 47 vnius
612 2249 142 47 persone
715 2249 77 47 et
754 2249 90 47 non
805 2249 142 47 alteri:
896 2249 77 47 siue

259 2296 127 54 primo
344 2296 184 54 conueniat
485 2296 113 54 toti
556 2296 156 54 persone
669 2296 184 54 costitute
810 2296 85 54 ex
839 2296 141 54 essentia

248 2341 80 55 et
288 2341 201 55 proprietate
448 2341 80 55 ad
488 2341 120 55 modum
569 2341 94 55 quo
622 2341 147 55 videmus
729 2341 107 55 quod
796 2341 147 55 aliquid
890 2341 80 55 con-

264 2383 106 55 uenit
335 2383 94 55 toti
394 2383 71 55 et
429 2383 82 55 non
476 2383 118 55 parti:
558 2383 106 55 sicut
629 2383 82 55 est
676 2383 176 55 econtrario:
817 2383 94 55 quia
864 2383 106 55 aliquid

255 2425 154 58 conuenit
371 2425 116 58 parti
448 2425 90 58 vel
500 2425 116 58 quasi
577 2425 129 58 parti:
667 2425 77 58 et
706 2425 90 58 non
757 2425 103 58 toti
822 2425 116 58 sicut
886 2425 90 58 patet

248 2479 74 50 in
285 2479 135 50 exemplo
383 2479 98 50 suo:
445 2479 148 50 scilicet
555 2479 98 50 quod
617 2479 148 50 essentia
728 2479 123 50 diuina
814 2479 86 50 est
863 2479 111 50 quasi
924 2479 62 50 par

256 2516 143 56 tialiter
363 2516 71 56 in
399 2516 131 56 omnibus
494 2516 143 56 personis
601 2516 71 56 in
636 2516 83 56 hoc
684 2516 95 56 quod
743 2516 83 56 est
791 2516 131 56 alterum
874 2516 107 56 princi-

263 2561 102 48 pium
327 2561 191 48 intrinsecum
479 2561 216 48 constitutiuum
657 2561 178 48 cuiuslibet
797 2561 153 48 persone:
912 2561 76 48 et
937 2561 51 48 vt

258 2602 91 70 sub
310 2602 91 70 vna
362 2602 144 70 persona
467 2602 91 70 non
519 2602 91 70 est
571 2602 78 70 in
610 2602 104 70 alia
676 2602 117 70 quasi
754 2602 209 70 partialiter:
911 2602 78 70 quia

1099 234 105 62 hoc
1159 234 194 62 repugnat:
1308 234 105 62 sed
1368 234 150 62 tameni
1473 234 194 62 proposito
1623 234 135 62 licet
1697 234 120 62 natura

1102 275 160 72 vniatur
1219 275 88 72 ad
1263 275 146 72 filium
1365 275 160 72 duplici
1482 275 146 72 vnione
1584 275 88 72 et
1627 275 102 72 non
1671 275 146 72 repugnat

1104 328 124 60 alicui
1190 328 124 60 alteri
1277 328 136 60 persone
1376 328 112 60 vniri
1451 328 87 60 nec
1500 328 124 60 habere
1587 328 112 60 illam
1649 328 161 60 denominatio

1101 380 87 50 nem
1150 380 99 50 quae
1212 380 99 50 sibi
1274 380 149 50 conuenit
1386 380 136 50 ratione
1485 380 149 50 essentie
1597 380 74 50 ad
1634 380 99 50 quam
1696 380 87 50 est
1733 380 87 50 prima

1101 417 101 45 vnio
1165 417 165 45 quaelibet
1291 417 139 45 persona
1393 417 165 45 diceretur
1520 417 114 45 vnita
1596 417 76 45 et
1634 417 177 45 incarnata.
1760 417 51 45 li

1101 462 91 50 cet
1153 462 91 50 non
1205 462 91 50 tot
1257 462 169 50 vnionibus
1388 462 104 50 quot
1453 462 130 50 filius
1544 462 143 50 dicitur
1649 462 130 50 vniri.
1740 462 65 50 â‹
1753 462 52 50 Et

1089 502 97 51 ideo
1149 502 97 51 dico
1210 502 133 51 quantum
1306 502 73 51 ad
1343 502 109 51 istum
1415 502 169 51 articulum.
1548 502 97 51 quod
1609 502 109 51 illud
1681 502 97 51 quod
1729 502 85 51 natu-

1093 551 86 44 rat
1142 551 110 44 istam
1215 551 135 44 vnionem
1313 551 86 44 est
1362 551 98 44 tota
1424 551 135 44 persona
1522 551 123 44 filii.
1608 551 86 44 sed
1657 551 110 44 ratio
1718 551 98 44 termi-

1089 592 117 51 nandi
1167 592 91 51 est
1219 592 104 51 ipsa
1285 592 183 51 proprietas
1428 592 196 51 costitutiua
1585 592 131 51 filii.
1676 592 78 51 et
1716 592 91 51 per
1755 592 65 51 hoc

1089 631 130 54 potest
1180 631 143 54 saluari
1284 631 104 54 vnio
1349 631 78 54 ad
1388 631 104 54 vnam
1453 631 156 54 personam
1569 631 78 54 et
1608 631 91 54 non
1660 631 78 54 ad
1699 631 117 54 alia.
1764 631 52 54 Et

1097 685 206 49 rationabiliter
1268 685 91 49 poni
1325 685 114 49 potest
1405 685 91 49 quod
1463 685 103 49 ratio
1531 685 160 49 terminandi
1657 685 80 49 sit
1703 685 91 49 tota
1748 685 69 49 per-

1088 721 101 59 sona
1152 721 126 59 filii.
1240 721 88 59 ita
1290 721 101 59 quod
1354 721 88 59 nec
1404 721 152 59 essentia
1518 721 88 59 nec
1568 721 177 59 proprietas
1694 721 114 59 persone

1096 762 117 57 filii:
1178 762 82 57 sed
1225 762 105 57 totum
1294 762 175 57 constitutum
1434 762 105 57 sicut
1504 762 93 57 tota
1563 762 128 57 persona
1656 762 105 57 filii
1726 762 82 57 est
1761 762 58 57 ter

1088 817 118 51 minus
1167 817 158 51 formalis
1285 817 210 51 generationis
1456 817 118 51 sicut
1535 817 79 51 in
1574 817 118 51 primo
1653 817 131 51 dictum
1732 817 79 51 est.

1086 856 79 47 Et
1125 856 105 47 ista
1191 856 92 47 via
1244 856 92 47 est
1296 856 118 47 magis
1375 856 223 47 rationabilis.
1559 856 105 47 quia
1625 856 118 47 sicut
1704 856 92 47 vna
1743 856 79 47 pro-

1098 897 144 53 orietas
1203 897 92 53 est
1255 897 79 53 in
1295 897 92 53 vna
1347 897 144 53 persona
1452 897 79 53 et
1491 897 92 53 non
1544 897 79 53 in
1583 897 118 53 alia.
1662 897 92 53 ita
1714 897 79 53 si
1740 897 79 53 illa

1088 944 181 54 proprietas
1230 944 155 54 terminet
1346 944 155 54 vnionem:
1462 944 142 54 persona
1566 944 103 54 illa
1630 944 116 54 cuius
1708 944 90 54 est
1746 944 65 54 il-

1087 989 72 56 la
1123 989 168 56 proprietas
1255 989 132 56 dicitur
1351 989 108 56 vnita
1423 989 72 56 et
1458 989 84 56 non
1506 989 108 56 alia.
1578 989 96 56 Quod
1638 989 108 56 autem
1698 989 108 56 proprie

1080 1031 92 53 tas
1132 1031 92 53 sit
1185 1031 118 53 ratio
1263 1031 184 53 terminandi
1408 1031 118 53 istam
1486 1031 144 53 vnionem
1591 1031 79 53 et
1630 1031 92 53 non
1670 1031 144 53 essentia.

1093 1072 162 63 orobatur.
1217 1072 99 63 quia
1279 1072 199 63 quandocunque
1441 1072 75 63 in
1478 1072 124 63 aliquo
1565 1072 162 63 supposito
1677 1072 124 63 perfecto

1089 1118 75 53 et
1127 1118 201 53 independenti
1291 1118 88 53 est
1341 1118 126 53 aliqua
1429 1118 113 53 ratio
1504 1118 176 53 terminandi
1643 1118 138 53 vnionem
1731 1118 75 53 quae

1075 1155 96 57 est
1130 1155 82 57 ad
1171 1155 123 57 illud
1253 1155 191 57 suppositum
1403 1155 82 57 et
1445 1155 96 57 non
1499 1155 82 57 ad
1540 1155 164 57 alterum:
1663 1155 82 57 si
1704 1155 123 57 illud

1080 1203 167 53 suppositum
1211 1203 84 53 sit
1259 1203 119 53 vnitum
1343 1203 72 53 et
1378 1203 84 53 non
1426 1203 131 53 alterum
1522 1203 95 53 illa
1581 1203 107 53 ratio
1641 1203 155 53 neccessario

1078 1250 155 55 terminabit
1200 1250 100 55 illam
1266 1250 133 55 vnionem.
1366 1250 100 55 sicut
1432 1250 88 55 enim
1487 1250 100 55 ratio
1554 1250 111 55 agendi
1631 1250 77 55 non
1675 1250 111 55 potest
1742 1250 66 55 esse

1079 1290 86 58 in
1122 1290 187 58 supposito
1265 1290 144 58 agente
1366 1290 158 58 actione
1481 1290 115 58 sibi
1553 1290 158 58 propria
1667 1290 115 58 nisi
1725 1290 86 58 sup-

1077 1332 135 55 positum
1175 1332 98 55 agat
1236 1332 86 55 per
1286 1332 111 55 illam
1359 1332 147 55 rationem
1470 1332 135 55 agendi:
1568 1332 86 55 ita
1617 1332 111 55 ratio
1679 1332 135 55 terminam-

1083 1381 81 57 di
1123 1381 148 57 vnionem
1230 1381 148 57 aliquam
1338 1381 94 57 non
1392 1381 134 57 potest
1486 1381 107 57 esse
1553 1381 81 57 in
1593 1381 175 57 supposito
1714 1381 94 57 termi

1080 1424 120 56 nante.
1164 1424 84 56 ita
1212 1424 96 56 quod
1271 1424 84 56 non
1319 1424 108 56 aliud
1391 1424 96 56 nisi
1451 1424 84 56 per
1498 1424 108 56 illam
1570 1424 143 56 rationem
1666 1424 143 56 suppositum

1080 1472 157 54 terminet:
1201 1472 85 54 sed
1249 1472 73 54 in
1286 1472 109 54 filio
1358 1472 97 54 quae
1419 1472 85 54 est
1467 1472 169 54 suppositum
1600 1472 157 54 perfectum
1721 1472 73 54 et
1745 1472 61 54 in-

1080 1509 159 52 dependens
1202 1509 86 52 est
1251 1509 110 52 ratio
1324 1509 171 52 terminandi
1459 1509 110 52 istam
1532 1509 134 52 vnionem
1630 1509 98 52 quae
1691 1509 86 52 sic
1728 1509 73 52 ter-

1082 1554 119 58 minatur
1169 1554 65 58 ad
1201 1554 108 58 filium
1276 1554 86 58 quod
1330 1554 76 58 non
1373 1554 65 58 ad
1406 1554 97 58 aliam
1471 1554 140 58 personam.
1578 1554 86 58 ergo
1632 1554 65 58 si
1665 1554 108 58 filius
1729 1554 76 58 termi

1081 1604 87 46 net
1130 1604 112 46 istam
1205 1604 137 46 vnionem
1305 1604 75 46 et
1343 1604 87 46 non
1393 1604 100 46 alia
1455 1604 137 46 persona
1555 1604 100 46 illa
1618 1604 112 46 ratio
1693 1604 75 46 in
1718 1604 87 46 filio

1087 1647 174 58 neccessario
1227 1647 174 58 terminabit.
1366 1647 81 58 sed
1413 1647 139 58 essentia
1517 1647 81 58 non
1564 1647 116 58 potest
1645 1647 151 58 terminare
1750 1647 58 58 si-

1074 1680 95 68 mul.
1133 1680 95 68 quia
1193 1680 154 68 equaliter
1311 1680 154 68 quaelibet
1429 1680 130 68 persona
1524 1680 107 68 esset
1595 1680 107 68 vnita
1666 1680 107 68 sicut
1725 1680 83 68 prius

1086 1726 130 54 dictum
1177 1726 104 54 est.
1242 1726 104 54 ergo
1307 1726 182 54 proprietas
1451 1726 117 54 simul
1529 1726 195 54 terminabit.
1685 1726 65 54 â‹
1711 1726 78 54 Si
1737 1726 65 54 di-

1074 1775 93 53 cas
1127 1775 107 53 quod
1194 1775 147 53 vtraque
1300 1775 173 53 terminat.
1433 1775 147 53 Contra:
1540 1775 186 53 pluralitas
1686 1775 93 53 non
1726 1775 67 53 est

1083 1813 118 61 poneda
1166 1813 95 61 sine
1225 1813 189 61 neccesitate:
1379 1813 83 61 sed
1426 1813 107 61 omnia
1497 1813 130 61 possunt
1592 1813 154 61 equaliter
1699 1813 107 61 saluari

1070 1868 90 52 per
1121 1868 115 52 solam
1198 1868 141 52 vnionem
1301 1868 77 52 ad
1339 1868 205 52 proprietatem
1506 1868 103 52 sine
1570 1868 103 52 illa
1634 1868 128 52 vnione
1711 1868 90 52 essen

1079 1903 80 60 tie
1124 1903 103 60 sicut
1193 1903 80 60 cum
1239 1903 103 60 illa.
1307 1903 91 60 ergo
1364 1903 160 60 superfluum
1490 1903 80 60 est
1536 1903 114 60 ponere
1616 1903 114 60 illam.
1696 1903 57 60 â‹
1707 1903 80 60 Circa

1076 1952 116 54 alium
1153 1952 167 54 articulum
1282 1952 154 54 quaerit.
1398 1952 116 54 Utrum
1475 1952 103 54 tres
1540 1952 142 54 persone
1643 1952 142 54 possint
1733 1952 64 54 as-

1080 1988 134 62 sumere
1173 1988 107 62 vnam
1240 1988 147 62 naturam
1347 1988 80 62 et
1387 1988 107 62 sibi
1454 1988 134 62 vnire.
1548 1988 147 62 dicitur
1655 1988 107 62 quod
1709 1988 80 62 vnio

1072 2034 86 55 nem
1121 2034 159 55 terminari
1243 2034 73 55 ad
1280 2034 98 55 tres
1341 2034 147 55 personas
1451 2034 122 55 potest
1536 2034 159 55 intelligi
1646 2034 147 55 dupliciter

1067 2074 92 66 Uno
1119 2074 105 66 modo
1185 2074 105 66 quod
1250 2074 157 66 essentia
1368 2074 144 66 simplex
1472 2074 78 66 in
1511 2074 131 66 tribus
1603 2074 92 66 sit
1655 2074 118 66 prnus
1721 2074 78 66 ter-

1077 2127 118 53 minus
1155 2127 157 53 vnionis.
1273 2127 105 53 Alio
1338 2127 105 53 modo
1404 2127 105 53 quod
1469 2127 144 53 relatio
1574 2127 144 53 persone
1678 2127 92 53 sit
1718 2127 78 53 pri-

1077 2170 92 44 mus
1129 2170 158 44 terminus
1248 2170 158 44 vnionis.
1366 2170 118 44 Primo
1445 2170 105 44 modo
1511 2170 145 44 possunt
1616 2170 105 44 tres
1669 2170 118 44 persone

1067 2202 174 60 assumere
1197 2202 145 60 eandem
1298 2202 145 60 natura
1399 2202 159 60 Secundo
1515 2202 116 60 modo
1587 2202 116 60 non.
1645 2202 145 60 probatur

1074 2254 89 59 qui
1125 2254 77 59 in
1164 2254 102 59 omni
1227 2254 191 59 dependentia
1381 2254 179 59 essentiali
1521 2254 102 59 vnum
1585 2254 89 59 non
1636 2254 153 59 dependet
1738 2254 51 59 nu

1066 2294 74 67 si
1103 2294 74 67 ad
1140 2294 99 67 vnum
1201 2294 99 67 quod
1263 2294 160 67 totaliter
1387 2294 148 67 terminat
1498 2294 99 67 eius
1559 2294 198 67 dependetiam.
1708 2294 86 67 patet

1065 2340 78 63 in
1104 2340 196 63 dependentia
1261 2340 117 63 cause
1339 2340 196 63 efficientur
1496 2340 78 63 ad
1535 2340 170 63 causatum.
1665 2340 104 63 quia
1718 2340 78 63 vnum

1064 2390 171 57 causatum
1192 2390 100 57 non
1249 2390 171 57 dependet
1378 2390 71 57 a
1406 2390 143 57 duabus
1506 2390 143 57 causis
1606 2390 186 57 totalibus
1735 2390 57 57 in

1068 2433 113 59 eodem
1144 2433 125 59 genere
1231 2433 138 59 causae.
1332 2433 100 59 quia
1394 2433 75 59 si
1432 2433 88 59 sic
1482 2433 138 59 aliquid
1582 2433 175 59 dependeret
1720 2433 75 59 ab
1745 2433 50 59 il

1065 2471 80 66 lo
1105 2471 80 66 vt
1144 2471 66 66 a
1171 2471 133 66 causa:
1264 2471 93 66 quo
1317 2471 93 66 non
1371 2471 146 66 exntete
1477 2471 199 66 nihilominus
1636 2471 133 66 posset
1716 2471 80 66 esse

1068 2519 162 57 effectus.
1192 2519 87 57 sed
1242 2519 75 57 in
1280 2519 162 57 proposito
1405 2519 87 57 vna
1455 2519 137 57 persona
1555 2519 200 57 sufficienter
1717 2519 75 57 et
1742 2519 50 57 to

1066 2568 151 55 taliter
1176 2568 164 55 terminat
1299 2568 110 55 eius
1368 2568 219 55 dependentiam
1546 2568 123 55 sicut
1628 2568 151 55 propria
1724 2568 68 55 per

1070 2601 184 66 sonalitas
1211 2601 85 66 in
1254 2601 156 66 propria
1367 2601 142 66 specie
1466 2601 212 66 terminaret.
1636 2601 113 66 ergo
1693 2601 99 66 nulla
