2294 3087
315 243 174 57 distinctio
451 243 112 57 inter
526 243 137 57 hominem
625 243 74 57 et
662 243 199 57 humanitatem:
824 243 74 57 et
861 243 74 57 in
898 243 137 57 secunda
985 243 62 57 non

314 287 84 60 ergo
366 287 84 60 homo
418 287 63 60 et
450 287 136 60 humanitas
555 287 168 60 distinguntur
691 287 136 60 realiter.
796 287 63 60 et
827 287 73 60 per
869 287 147 60 consequens
974 287 63 60 homo

305 347 127 42 addit
389 347 155 42 aliquam
502 347 99 42 rem
559 347 127 42 vltra
643 347 211 42 humanitatem
812 347 85 42 et
855 347 99 42 non
911 347 127 42 solum
982 347 56 42 ne

319 385 155 53 gationes:
438 385 107 53 cuius
510 385 155 53 oppositum
629 385 107 53 dicit
700 385 155 53 praedicta
820 385 167 53 responsio.
951 385 60 53 ⁋
963 385 71 53 Iste

318 427 134 60 negatio
415 427 85 60 non
464 427 121 60 potest
549 427 146 60 terinare
658 427 182 60 depedentiam
803 427 158 60 alicuius:
925 427 85 60 sed
961 427 61 60 per

309 470 127 46 sona
388 470 158 46 teriat
499 470 253 46 dependentiam
705 470 158 46 nature
815 470 95 46 ad
847 470 190 46 suppositum

312 511 99 56 ergo
373 511 136 56 persona
472 511 111 56 dicit
546 511 136 56 aliquid
645 511 136 56 praeter
744 511 185 56 negationem.
892 511 62 56 ⁋
917 511 86 56 Ite
954 511 86 56 natu-

307 560 76 54 ra
345 560 165 54 subsistit
473 560 76 54 in
511 560 165 54 supposito
638 560 114 54 nihil
714 560 114 54 autem
790 560 165 54 sublistit
917 560 76 54 in
943 560 76 54 seip

313 599 82 59 so:
360 599 82 59 nec
407 599 106 59 etiam
478 599 71 59 in
513 599 153 59 composito
631 599 71 59 ex
666 599 71 59 se
702 599 71 59 et
737 599 94 59 nunc
796 599 94 59 esse
855 599 94 59 ergo
913 599 71 59 in
937 599 94 59 negati

302 647 113 52 one.
372 647 71 52 ⁋
401 647 113 52 Item
471 647 198 52 suppositum
627 647 113 52 agit
697 647 99 52 non
754 647 155 52 natura:
867 647 99 52 sed
909 647 113 52 natura

307 689 99 53 est
364 689 128 53 illud
449 689 99 53 quo
506 689 114 53 agit
577 689 213 53 suppositum:
747 689 99 53 sed
804 689 128 53 nulla
889 689 142 53 negato
974 689 57 53 a-

302 735 100 56 git
359 735 100 56 nec
416 735 158 56 aliquid
531 735 200 56 compositum
688 735 86 56 ex
731 735 172 56 positiuo
860 735 86 56 et
889 735 143 56 negatiuo

308 776 78 58 agit
357 776 107 58 ratione
435 776 146 58 negationis.
552 776 78 58 ergo
600 776 78 58 etc.
649 776 49 58 ⁋
669 776 88 58 Istem
727 776 97 58 contra
795 776 68 58 hoc
834 776 78 58 quod
883 776 88 58 dicit
941 776 78 58 quod
980 776 49 58 per

295 823 109 50 sona
363 823 95 50 non
418 823 95 50 est
472 823 109 50 pars
540 823 95 50 nec
595 823 95 50 est
649 823 109 50 nata
717 823 122 50 facem
799 823 109 50 vnum
867 823 95 50 cum
908 823 122 50 aliquo:

302 867 77 51 qui
346 867 99 51 omnia
412 867 88 51 quae
467 867 88 51 sunt
522 867 66 51 in
555 867 121 51 divinis
643 867 121 51 faciunt
731 867 88 51 vnum
786 867 77 51 aut
830 867 88 51 ergo
885 867 77 51 per
918 867 110 51 accidens

305 909 72 46 aut
346 909 72 46 per
387 909 72 46 se.
428 909 72 46 non
469 909 72 46 per
510 909 123 46 accidens
603 909 103 46 certum
675 909 82 46 est:
726 909 82 46 ergo
777 909 72 46 per
818 909 72 46 se.
860 909 82 46 ergo
911 909 82 46 tres
952 909 72 46 perso

304 953 72 52 ne
340 953 132 52 faciunt
436 953 96 52 vnum
497 953 84 52 per
545 953 72 52 se
581 953 60 52 ⁋
605 953 108 52 Istem
677 953 96 52 tres
737 953 132 52 persone
833 953 181 52 constituunt
966 953 60 52 tri

298 998 135 62 nitatem:
399 998 90 62 ergo
455 998 146 62 quaelibet
568 998 146 62 concurrit
680 998 68 62 ad
714 998 146 62 faciendum
827 998 169 62 trinitatem.
950 998 68 62 ergo

302 1042 106 43 data
368 1042 93 43 via
421 1042 93 43 tua
474 1042 106 43 nata
540 1042 146 43 illarum
646 1042 93 43 est
699 1042 159 43 persona:
818 1042 93 43 sed
871 1042 119 43 illud
937 1042 93 43 taimu

295 1088 91 55 quod
351 1088 181 55 constituitur
498 1088 68 55 ex
532 1088 136 55 omnibus.
634 1088 57 55 ⁋
657 1088 91 55 Iste
713 1088 136 55 secundum
815 1088 79 55 tem
861 1088 158 55 paternitas
974 1088 45 55 et

307 1132 124 49 centia
393 1132 87 49 cum
443 1132 173 49 spiratione
579 1132 124 49 actiua
666 1132 186 49 constituunt
814 1132 149 49 personam
925 1132 74 49 et
950 1132 62 49 fa-

301 1178 111 52 ciunt
374 1178 86 52 per
424 1178 74 52 se
460 1178 111 52 vnum:
534 1178 86 52 sed
583 1178 172 52 paternitas
718 1178 74 52 et
755 1178 135 52 esentia
853 1178 98 52 sunt
902 1178 111 52 persona

299 1215 52 55 ⁋
319 1215 72 55 Ite
361 1215 134 55 contrahoc
464 1215 82 55 quod
515 1215 113 55 dicitur
598 1215 82 55 quod
649 1215 124 55 naturam.
742 1215 93 55 vniri
804 1215 62 55 ad
835 1215 124 55 personam
928 1215 72 55 non
958 1215 52 55 est

293 1261 100 54 nisi
356 1261 176 54 sustentari
494 1261 63 54 a
519 1261 138 54 persona
620 1261 113 54 verbi
695 1261 75 54 et
733 1261 163 54 personari
858 1261 88 54 non
909 1261 88 54 est
946 1261 63 54 ni-

297 1305 74 52 si
334 1305 173 52 sustentari
469 1305 74 52 ab
507 1305 123 52 aliqua
593 1305 148 52 persona:
704 1305 99 52 quia
766 1305 99 52 tunc
827 1305 160 52 quaelibet
939 1305 86 52 natu-

288 1351 79 44 ra
327 1351 211 44 irrationalis
498 1351 92 44 tam
551 1351 145 44 animata
656 1351 105 44 quam
722 1351 171 44 inanimata
854 1351 132 44 posset
933 1351 92 44 assu-

296 1395 81 57 mi
337 1395 81 57 ad
378 1395 162 57 vnitatem
500 1395 149 57 persone
608 1395 135 57 diuine
703 1395 81 57 et
743 1395 176 57 personari
879 1395 68 57 a
892 1395 122 57 persona

300 1439 135 46 diuina:
398 1439 98 46 quia
460 1439 160 46 quaelibet
583 1439 123 46 natura
669 1439 123 46 creata
755 1439 123 46 potest
841 1439 172 46 sustentari
964 1439 49 46 ab

294 1481 86 46 ea.
343 1481 86 46 sed
392 1481 86 46 hoc
441 1481 86 46 est
490 1481 135 46 falsum:
587 1481 98 46 quia
649 1481 86 46 cui
698 1481 147 46 repugnat
808 1481 98 46 quod
869 1481 86 46 sit
906 1481 122 46 persona:

286 1525 112 56 sibi
356 1525 168 56 repugnat
482 1525 196 56 personari:
636 1525 98 56 sed
693 1525 168 56 cuilibet
819 1525 140 56 nature
903 1525 112 56 irrati

293 1568 115 63 onali
370 1568 153 63 repugnat
484 1568 102 63 quod
548 1568 89 63 sit
599 1568 153 63 persona:
713 1568 102 63 ergo
777 1568 102 63 ipsi
841 1568 153 63 repugnat
943 1568 76 63 per-

282 1614 139 49 sonari:
383 1614 88 49 sed
434 1614 88 49 non
484 1614 151 49 repugnat
598 1614 101 49 ipsi
661 1614 189 49 sustentari.
812 1614 101 49 ergo
863 1614 151 49 personari.

282 1655 82 52 non
329 1655 82 52 est
376 1655 176 52 sustentari.
516 1655 59 52 ⁋
540 1655 82 52 Ite
587 1655 117 52 conhoc
669 1655 94 52 quod
727 1655 129 52 ponitur
821 1655 94 52 quod
879 1655 94 52 vnio
926 1655 82 52 dicit

282 1702 141 46 aliquid
385 1702 116 46 vltra
462 1702 141 46 extrema
565 1702 128 46 vnita:
654 1702 103 46 quia
719 1702 103 46 deus
783 1702 128 46 potest
873 1702 128 46 facere
950 1702 51 46 ex

282 1740 107 56 trema
353 1740 107 56 vnita
424 1740 95 56 sine
483 1740 130 56 vnione:
578 1740 95 56 ergo
637 1740 118 56 potest
720 1740 118 56 facere
803 1740 142 56 personam
898 1740 107 56 christi

290 1784 113 50 sine
361 1784 156 50 vnione:
474 1784 85 50 ex
517 1784 99 50 quo
573 1784 113 50 vnio
644 1784 156 50 differt
758 1784 170 50 realiter
885 1784 85 50 ab
914 1784 99 50 extre

287 1828 78 52 mis
332 1828 56 52 ⁋
354 1828 89 52 Item
410 1828 179 52 conclusiohoc
555 1828 89 52 quod
611 1828 123 52 ponitur
700 1828 89 52 vnio
756 1828 89 52 esse
812 1828 123 52 rectus:
901 1828 89 52 quia
946 1828 67 52 ista

298 1875 101 52 vnio
361 1875 88 52 fit
412 1875 76 52 ad
450 1875 88 52 hoc
500 1875 76 52 vt
538 1875 202 52 proprietates
702 1875 126 52 nature
790 1875 151 52 assumpte
891 1875 113 52 possunt

286 1914 167 55 communicari
420 1914 123 55 persone
509 1914 111 55 diine:
587 1914 78 55 sed
631 1914 100 55 illud
698 1914 111 55 potest
776 1914 111 55 facere
854 1914 100 55 magis
910 1914 100 55 aliquod

289 1964 162 44 absolutum
413 1964 87 44 cum
463 1964 87 44 sit
513 1964 137 44 maioris
613 1964 200 44 perfectionis
776 1964 100 44 quam
838 1964 137 44 aliquod
926 1964 87 44 respe

286 2007 141 47 ctiuum.
389 2007 64 47 ⁋
415 2007 90 47 Ite
466 2007 129 47 rectus
556 2007 90 47 non
608 2007 129 47 potest
697 2007 141 47 teriare
800 2007 141 47 aliquam
890 2007 116 47 mutatio

291 2048 95 46 nem:
350 2048 83 46 sed
398 2048 118 46 quando
480 2048 71 46 de
516 2048 83 46 non
563 2048 106 46 vnito
634 2048 83 46 fit
681 2048 118 46 vnitum
764 2048 83 46 fit
811 2048 130 46 mutatio
906 2048 95 46 quae
953 2048 59 46 so-

283 2091 87 48 lum
332 2091 149 48 teriatur
444 2091 74 48 ad
481 2091 149 48 vnionem.
592 2091 99 48 ergo
654 2091 99 48 vnio
716 2091 87 48 non
766 2091 87 48 est
815 2091 136 48 rectus.
914 2091 62 48 ⁋
927 2091 74 48 Item

296 2139 124 49 prbatur
386 2139 90 49 quod
442 2139 113 49 natura
521 2139 79 49 non
566 2139 113 49 potest
645 2139 113 49 vniri:
724 2139 90 49 quia
780 2139 147 49 quaelibet
893 2139 113 49 natura
961 2139 56 49 in-

286 2183 147 53 clinatur
396 2183 74 53 ad
433 2183 147 53 proprium
544 2183 184 53 suppositum.
691 2183 74 53 et
728 2183 74 53 si
764 2183 135 53 vniatur
863 2183 123 53 alteri
936 2183 74 53 sup-

285 2225 133 54 posito:
382 2225 97 54 tunc
442 2225 157 54 violenter
563 2225 85 54 ibi
612 2225 145 54 maneret:
721 2225 97 54 quia
781 2225 121 54 aliter
866 2225 85 54 non
902 2225 97 54 incli-

291 2272 106 54 natur
362 2272 71 54 ad
398 2272 142 54 proprium
504 2272 177 54 suppositum.
646 2272 83 54 hoc
693 2272 106 54 autem
764 2272 95 54 quod
824 2272 118 54 natura
895 2272 106 54 violen-

292 2313 95 58 ter
347 2313 149 58 maneret
455 2313 122 58 extra
536 2313 190 58 suppositum
685 2313 162 58 proprium
807 2313 135 58 semper
888 2313 122 58 videtur

286 2353 195 59 inconueniens.
446 2353 57 59 ⁋
469 2353 92 59 Item
527 2353 115 59 contra
607 2353 80 59 hoc
653 2353 92 59 quod
711 2353 126 59 ponitur
803 2353 138 59 personam
895 2353 103 59 teriare

294 2397 120 53 primo
374 2397 107 53 quia
441 2397 120 53 illud
521 2397 94 53 est
575 2397 120 53 prima
655 2397 120 53 ratio
735 2397 187 53 terminandi
869 2397 147 53 dependen-

291 2444 92 57 tiam
349 2444 92 57 quod
407 2444 81 57 est
453 2444 104 57 summe
522 2444 185 57 independens:
672 2444 92 57 ergo
730 2444 150 57 huiusmodi
845 2444 81 57 est
880 2444 127 57 essesntia

297 2485 87 56 ego
346 2485 100 56 etc.
409 2485 62 56 ⁋
434 2485 112 56 Istem
508 2485 112 56 illud
583 2485 100 56 quod
646 2485 112 56 primo
720 2485 150 56 terminat
833 2485 112 56 istam
895 2485 112 56 vnionem

293 2536 90 50 est
345 2536 167 50 infinitum
473 2536 128 50 primo:
563 2536 90 50 sed
614 2536 154 50 essentia
730 2536 90 50 est
781 2536 116 50 primo
858 2536 154 50 infinita
961 2536 51 50 et

282 2580 113 58 nihil
358 2580 126 58 aliud.
446 2580 101 58 ergo
509 2580 101 58 etc.
572 2580 113 58 Maior
647 2580 126 58 patet:
735 2580 101 58 quia
798 2580 75 58 si
836 2580 164 58 infinitas
949 2580 63 58 non

285 2617 83 66 sit
333 2617 107 66 ratio
404 2617 166 66 terminandi
534 2617 107 66 istam
605 2617 130 66 vnione.
699 2617 95 66 ergo
759 2617 95 66 haec
818 2617 118 66 potest
889 2617 130 66 competere

1127 248 119 59 finito.
1214 248 65 59 et
1246 248 76 59 per
1289 248 151 59 consequens
1408 248 119 59 aliquod
1494 248 119 59 finitum
1580 248 108 59 potest
1656 248 151 59 sustentare
1774 248 97 59 illud

1126 299 150 52 finitum.
1238 299 100 52 quod
1300 299 87 52 est
1350 299 137 52 falsum.
1450 299 62 52 ⁋
1475 299 100 52 Item
1537 299 100 52 quod
1600 299 100 52 sint
1662 299 87 52 due
1712 299 137 52 vniones
1812 299 75 52 ad

1124 344 169 52 essentiam
1254 344 104 52 modo
1320 344 183 52 praedicto.
1463 344 169 52 probatur.
1593 344 104 52 quia
1658 344 169 52 respectus
1776 344 65 52 est

1121 387 124 57 alius
1204 387 83 57 et
1245 387 124 57 alius
1328 387 83 57 si
1369 387 206 57 fundamentum
1534 387 96 57 sit
1589 387 124 57 aliud
1671 387 83 57 et
1713 387 124 57 aliud
1781 387 69 57 vel

1120 429 152 58 terminus.
1237 429 93 58 nunc
1295 429 105 58 autem
1365 429 140 58 terminus
1470 429 82 58 est
1517 429 105 58 alius
1587 429 70 58 et
1622 429 117 58 alius.
1704 429 93 58 quia
1750 429 82 58 esset

1114 473 76 59 tia
1157 473 76 59 est
1201 473 76 59 non
1244 473 97 59 eadem
1308 473 129 59 persone.
1406 473 86 59 ergo
1460 473 86 59 etc.
1513 473 54 59 ⁋
1535 473 97 59 Istem
1600 473 119 59 contrsi
1686 473 76 59 hoc
1729 473 86 59 quod
1772 473 76 59 dicit

1119 520 106 51 vnam
1185 520 173 51 creaturam
1318 520 120 51 posse
1398 520 186 51 sustentari
1544 520 80 51 in
1584 520 133 51 tribus
1664 520 173 51 suppositum.

1123 566 84 45 qui
1171 566 108 45 omnis
1243 566 121 45 natura
1328 566 96 45 quae
1388 566 121 45 potest
1472 566 169 45 subsistere
1605 566 72 45 in
1641 566 121 45 tribus
1713 566 121 45 supposi-

1116 610 90 45 tis
1168 610 90 45 est
1219 610 193 45 illimitata.
1374 610 103 45 quia
1438 610 142 45 propter
1541 610 90 45 hoc
1592 610 142 45 dicitur
1695 610 129 45 natura
1773 610 64 45 di-

1106 653 107 42 uina
1173 653 201 42 illimitata.
1333 653 107 42 quia
1400 653 174 42 subsistit
1534 653 80 42 in
1574 653 134 42 tribus
1654 653 174 42 suppositis.

1114 692 119 54 ergo
1188 692 89 54 si
1233 692 104 54 hec
1293 692 149 54 natura
1397 692 149 54 humana
1501 692 223 54 subsisteret
1679 692 89 54 in
1709 692 119 54 tribus

1123 735 172 54 suppositis
1258 735 111 54 esset
1332 735 184 54 neccessario
1479 735 184 54 illimitata.
1626 735 98 54 quod
1688 735 123 54 falsum
1762 735 61 54 est

1116 785 106 49 ergo
1182 785 106 49 etc.
1248 785 66 49 ⁋
1275 785 119 49 Istem
1354 785 79 49 si
1394 785 106 49 sic.
1460 785 93 49 aut
1513 785 106 49 illa
1579 785 132 49 natura
1659 785 172 49 assumeretur

1107 824 98 53 ad
1156 824 163 53 vnione
1270 824 163 53 nature
1384 824 228 53 assumentis
1563 824 114 53 aut
1628 824 196 53 assumpte
1759 824 81 53 aut

1103 876 81 50 ad
1143 876 148 50 vnionem
1251 876 162 50 persone:
1372 876 94 50 non
1426 876 148 50 nature.
1534 876 108 50 quia
1601 876 108 50 tunc
1668 876 135 50 natura
1749 876 81 50 huma

1113 913 69 57 na
1148 913 115 57 fieret
1229 913 115 57 natura
1310 913 127 57 diuina.
1402 913 92 57 quod
1460 913 81 57 est
1506 913 150 57 selultum.
1621 913 81 57 nec
1667 913 138 57 persone.
1760 913 69 57 quia

1102 961 112 51 tunc
1172 961 112 51 tres
1242 961 154 51 persone
1354 961 140 51 diuine
1452 961 154 51 fierent
1563 961 98 51 vna
1619 961 154 51 persona
1717 961 112 51 humana

1105 999 61 50 ⁋
1129 999 109 50 Istem
1202 999 97 50 quod
1262 999 145 50 essentia
1371 999 85 50 non
1420 999 121 50 potest
1505 999 158 50 terminare
1626 999 170 50 aliquomodo
1747 999 85 50 istam

1113 1047 136 58 vnione.
1211 1047 160 58 probatur.
1335 1047 99 58 quia
1396 1047 148 58 quicquid
1507 1047 86 58 non
1557 1047 111 58 habet
1631 1047 86 58 per
1680 1047 74 58 se
1705 1047 123 58 persona-

1101 1084 141 54 litatem
1204 1084 90 54 non
1255 1084 128 54 potest
1345 1084 103 54 dare
1409 1084 128 54 alteri
1499 1084 231 54 personalitate.
1692 1084 90 54 sed
1730 1084 90 54 essen

1111 1134 81 46 tia
1158 1134 81 46 non
1204 1134 81 46 est
1251 1134 139 46 persona.
1355 1134 93 46 ergo
1413 1134 93 46 etc.
1471 1134 58 46 ⁋
1494 1134 93 46 Item
1552 1134 116 46 contra
1634 1134 81 46 hoc
1680 1134 93 46 quod
1727 1134 104 46 ponitur

1104 1175 146 58 naturam
1210 1175 119 58 posse
1289 1175 172 58 dependere
1422 1175 79 58 ad
1461 1175 106 58 vnam
1527 1175 172 58 personam:
1660 1175 93 58 ita
1713 1175 106 58 quod
1766 1175 66 58 non

1103 1221 77 46 ad
1142 1221 128 46 aliam.
1231 1221 102 46 quia
1295 1221 115 46 omnis
1371 1221 192 46 dependentia
1525 1221 166 46 reducitur
1652 1221 77 46 ad
1691 1221 140 46 aliquod
1780 1221 51 46 ge

1102 1263 97 51 nus
1158 1263 153 51 causae.
1269 1263 83 51 si
1310 1263 111 51 ergo
1379 1263 139 51 natura
1477 1263 166 51 dependet
1601 1263 83 51 ad
1643 1263 111 51 vnam
1698 1263 139 51 personam

1105 1308 89 53 ita
1156 1308 102 53 quod
1220 1308 89 53 non
1271 1308 76 53 ad
1309 1308 127 53 aliam:
1398 1308 89 53 vna
1449 1308 140 53 persona
1550 1308 140 53 haberet
1652 1308 140 53 aliquam
1741 1308 89 53 causa

1102 1349 156 56 litatem
1215 1349 170 56 respectu
1342 1349 141 56 illius
1441 1349 141 56 nature
1540 1349 113 56 quam
1611 1349 99 56 non
1667 1349 127 56 habet
1738 1349 99 56 alia.

1097 1397 98 47 hoc
1153 1397 140 47 falsum
1251 1397 112 47 est.
1320 1397 112 47 quia
1390 1397 126 47 opera
1474 1397 195 47 trinitatis
1628 1397 112 47 sunt
1683 1397 154 47 indiuisa.

1102 1441 69 50 ⁋
1130 1441 111 50 Item
1199 1441 138 50 contra
1296 1441 97 50 hoc
1351 1441 83 50 de
1393 1441 138 50 causis
1489 1441 180 50 totalibus
1628 1441 97 50 est
1683 1441 124 50 illud
1752 1441 83 50 quod

1110 1478 110 62 primo
1183 1478 171 62 dicebatur.
1318 1478 98 62 quia
1379 1478 86 62 per
1428 1478 73 62 te
1465 1478 159 62 quaelibet
1587 1478 147 62 effectus
1685 1478 147 62 determinat

1103 1530 100 47 sibi
1166 1530 125 47 certam
1254 1530 125 47 causam
1341 1530 63 47 a
1366 1530 88 47 qua
1416 1530 125 47 potest
1504 1530 150 47 produci:
1616 1530 88 47 ita
1666 1530 100 47 quod
1729 1530 63 47 a
1741 1530 88 47 nulla

1114 1571 132 57 alia.
1202 1571 117 57 ergo
1275 1571 103 57 non
1334 1571 132 57 habet
1422 1571 117 57 duas
1495 1571 146 57 causas
1598 1571 176 57 totales.
1729 1571 88 57 et
1759 1571 73 57 per

1103 1620 174 44 consequens
1239 1620 99 44 ista
1301 1620 112 44 dicta
1376 1620 211 44 contradicunt.
1550 1620 62 44 ⁋
1575 1620 75 44 Ad
1612 1620 124 44 primum
1699 1620 137 44 istorum
1786 1620 50 44 di

1118 1655 96 61 citur
1182 1655 85 61 quod
1235 1655 117 61 persona
1320 1655 106 61 potest
1395 1655 106 61 accipi
1469 1655 117 61 quantum
1554 1655 64 61 ad
1586 1655 85 61 quid
1639 1655 117 61 nominis
1724 1655 74 61 vel
1756 1655 64 61 quid

1103 1705 111 44 rei.
1172 1705 124 44 primo
1255 1705 111 44 modo
1324 1705 97 44 est
1380 1705 194 44 aggregatum
1532 1705 83 44 ex
1573 1705 166 44 positiuo
1698 1705 83 44 et
1725 1705 97 44 nega-

1104 1743 110 58 tiuo.
1177 1743 73 58 et
1214 1743 86 58 sic
1263 1743 135 58 persona
1361 1743 86 58 non
1409 1743 86 58 est
1458 1743 86 58 per
1507 1743 73 58 se
1544 1743 73 58 in
1581 1743 135 58 genere.
1678 1743 98 58 quia
1727 1743 86 58 nulli

1098 1788 166 58 compositum
1228 1788 83 58 est
1276 1788 83 58 per
1323 1788 71 58 se
1359 1788 71 58 in
1394 1788 130 58 genere:
1489 1788 107 58 cuius
1560 1788 83 58 vna
1607 1788 95 58 pars
1666 1788 118 58 potest
1737 1788 95 58 habere

1098 1833 141 54 alteram
1201 1833 77 54 et
1239 1833 102 54 suum
1303 1833 179 54 oppositum.
1443 1833 77 54 et
1482 1833 192 54 nihilominus
1635 1833 102 54 esse
1699 1833 90 54 per
1750 1833 77 54 se
1776 1833 51 54 in

1103 1877 149 57 genere.
1212 1877 95 57 sed
1266 1877 122 57 eadem
1347 1877 135 57 natura
1441 1877 135 57 potest
1536 1877 108 57 nunc
1604 1877 108 57 esse
1671 1877 149 57 persona
1766 1877 54 57 et

1109 1924 112 48 post
1179 1924 98 48 non
1235 1924 112 48 esse
1305 1924 168 48 persona.
1431 1924 112 48 puta
1501 1924 84 48 si
1543 1924 182 48 dependeat
1683 1924 84 48 ad
1725 1924 126 48 aliud

1097 1967 184 54 suppositum
1241 1967 158 54 alterius
1359 1967 158 54 rationis
1478 1967 79 54 et
1517 1967 197 54 nihilominus
1675 1967 131 54 manere
1753 1967 66 54 per

1104 2004 72 52 se
1140 2004 72 52 in
1176 2004 133 52 genere.
1273 2004 97 52 ergo
1333 2004 109 52 illud
1406 2004 169 52 compositum
1538 2004 72 52 ex
1575 2004 145 52 positiuo
1683 2004 72 52 et
1707 2004 109 52 negatio

1096 2047 83 54 non
1143 2047 83 54 est
1191 2047 83 54 per
1238 2047 71 54 se
1273 2047 71 54 in
1309 2047 118 54 genere
1391 2047 59 54 ⁋
1415 2047 130 54 Secundo
1509 2047 94 54 modo
1568 2047 130 54 persona
1663 2047 83 54 est
1710 2047 83 54 per
1757 2047 71 54 se
1781 2047 47 54 in

1095 2099 148 50 genere.
1202 2099 108 50 quia
1270 2099 135 50 natura
1364 2099 108 50 illa
1431 2099 189 50 denominata
1580 2099 67 50 a
1606 2099 175 50 negatione
1728 2099 94 50 dupli

1091 2144 94 49 eis
1144 2144 201 49 dependentie
1305 2144 81 49 de
1346 2144 94 49 qua
1399 2144 121 49 etiam
1480 2144 201 49 praedicatur
1641 2144 94 49 hoc
1695 2144 107 49 nome
1748 2144 81 49 per-

1100 2182 87 54 sona
1154 2182 120 54 secundo
1241 2182 87 54 modo
1296 2182 76 54 per
1339 2182 76 54 se.
1383 2182 87 54 quia
1437 2182 130 54 connotat
1535 2182 152 54 negationem
1654 2182 87 54 quae
1709 2182 76 54 non
1752 2182 76 54 est
1785 2182 43 54 de

1096 2230 145 52 essentia
1204 2230 121 52 illius
1289 2230 133 52 nature.
1385 2230 96 52 illa
1445 2230 121 52 inquam
1530 2230 121 52 natura
1614 2230 84 52 est
1662 2230 96 52 quid
1723 2230 84 52 rei
1759 2230 60 52 per

1090 2266 65 59 se
1123 2266 65 59 in
1155 2266 108 59 genere
1231 2266 65 59 et
1263 2266 76 59 est
1306 2266 97 59 prima
1371 2266 151 59 substantia
1490 2266 86 59 etc.
1544 2266 54 59 ⁋
1566 2266 65 59 Ad
1598 2266 97 59 aliud
1663 2266 86 59 dico
1717 2266 86 59 quod
1760 2266 54 59 in-

1093 2310 166 59 telligendo
1223 2310 83 59 per
1271 2310 95 59 ista
1330 2310 95 59 homo
1389 2310 71 59 et
1425 2310 154 59 humanitas
1543 2310 130 59 aliquid
1638 2310 95 59 quod
1697 2310 83 59 est
1732 2310 83 59 aliud

1106 2360 105 48 quod
1171 2360 79 48 et
1211 2360 118 48 aliud
1289 2360 92 48 quo
1342 2360 79 48 et
1381 2360 105 48 quod
1446 2360 92 48 sit
1499 2360 183 48 distinctio
1643 2360 79 48 in
1682 2360 131 48 natura
1761 2360 65 48 rei

1106 2403 84 56 iter
1159 2403 84 56 quod
1212 2403 63 56 et
1244 2403 74 56 quo
1286 2403 95 56 sicut
1349 2403 84 56 alii
1402 2403 169 56 intelligunt:
1539 2403 63 56 si
1571 2403 74 56 hec
1613 2403 74 56 non
1656 2403 74 56 est
1687 2403 127 56 vniversali

1101 2449 104 45 vera
1166 2449 104 45 homo
1231 2449 91 45 est
1283 2449 104 45 homo
1348 2449 182 45 humanitate
1491 2449 143 45 tanquam
1595 2449 130 45 aliquo
1673 2449 143 45 distincto

1098 2493 147 47 realiter
1208 2493 73 47 ab
1244 2493 98 47 illo
1306 2493 86 47 pro
1354 2493 86 47 quo
1403 2493 159 47 subiectum
1526 2493 159 47 supponit.
1648 2493 86 47 sed
1697 2493 86 47 sic
1733 2493 86 47 habet

1101 2538 112 51 tantum
1179 2538 89 51 vnam
1235 2538 156 51 singularem
1358 2538 112 51 veram.
1436 2538 89 51 puta
1492 2538 67 51 in
1525 2538 123 51 persona
1615 2538 134 51 christi.
1715 2538 89 51 quia
1760 2538 56 51 ibi

1094 2579 102 56 luod
1158 2579 102 56 homo
1222 2579 154 56 supponit
1337 2579 90 56 pro
1389 2579 166 56 supposito
1517 2579 115 56 filii
1593 2579 90 56 dei
1632 2579 179 56 sustentantis

1092 2628 171 59 naturam
1217 2628 171 59 bumanam
1341 2628 93 59 et
1388 2628 202 59 humanitas
1543 2628 109 59 pro
1605 2628 155 59 natura
1699 2628 124 59 humana
