2272 3093
273 243 80 66 Et
313 243 133 66 quando
406 243 120 66 dicis
486 243 107 66 quod
552 243 107 66 sibi
619 243 160 66 repugnat
739 243 107 66 esse
805 243 146 66 persona
898 243 107 66 creata

273 307 90 50 vel
325 307 167 50 increata:
453 307 103 50 dico
517 307 103 50 quod
581 307 90 50 ita
633 307 167 50 repugnatt
761 307 128 50 nature
851 307 128 50 humane
928 307 77 50 esse

274 350 125 47 persona
365 350 136 47 increata
467 350 102 47 sicut
535 350 102 47 lapis
603 350 80 47 vel
649 350 125 47 asinus:
740 350 91 47 quia
796 350 102 47 sicut
865 350 80 47 hoc
910 350 80 47 est
944 350 57 47 in-

275 391 176 52 possibilis
414 391 113 52 lapis
489 391 88 52 est
539 391 138 52 persona
640 391 126 52 divina
728 391 113 52 etiam
803 391 75 52 si
841 391 113 52 esset
904 391 100 52 assum-

269 436 88 47 pta
320 436 63 47 a
345 436 139 47 persona
446 436 139 47 divina:
547 436 88 47 ita
597 436 101 47 haec
660 436 88 47 est
711 436 202 47 impossibilis
875 436 126 47 natura
951 436 50 47 hu

269 479 102 55 mana
333 479 153 55 assumpta
447 479 76 55 de
485 479 114 55 facto
562 479 89 55 est
613 479 140 55 persona
714 479 140 55 divina.
816 479 89 55 sed
867 479 114 55 solum
930 479 64 55 hoc

276 527 93 51 est
329 527 107 51 vera
396 527 133 51 natura
489 527 133 51 humana
582 527 253 51 sustentificatur
795 527 67 51 a
822 527 147 51 persona
915 527 67 51 di-

268 565 100 53 uina:
335 565 89 53 quia
390 565 145 53 subsistit
502 565 67 53 in
535 565 123 53 persona
624 565 123 53 divina:
713 565 67 53 et
747 565 100 53 eodem
814 565 89 53 modo
869 565 111 53 potest
936 565 56 53 hoc

272 616 99 45 esse
334 616 99 45 vera
396 616 112 45 lapis
470 616 236 45 sustentificatur
669 616 62 45 a
693 616 136 45 persona
793 616 124 45 diuina
879 616 74 45 si
904 616 87 45 esset

269 650 175 51 assumptus
403 650 121 51 sicut
484 650 107 51 nunc
551 650 94 51 est
604 650 134 51 natura
698 650 148 51 humana.
806 650 81 51 et
846 650 81 51 in
887 650 94 51 hoc
927 650 67 51 est

276 699 162 43 iferentia
400 699 100 43 quia
462 699 125 43 natura
550 699 125 43 humana
637 699 87 43 est
687 699 174 43 personalis
811 699 187 43 personalitate

271 741 119 54 creata
354 741 95 54 quia
414 741 71 54 si
449 741 190 54 dimitteretur
603 741 119 54 statim
686 741 107 54 esset
758 741 131 54 persona
852 741 119 54 creata
924 741 59 54 per

268 783 169 49 sonalitate
401 783 133 49 propria
497 783 96 49 modo
557 783 169 49 praedicto:
690 783 84 49 sed
738 783 84 49 sic
786 783 84 49 non
834 783 84 49 est
883 783 72 49 de
907 783 72 49 natu

264 830 71 44 ra
300 830 177 44 irrationali
441 830 165 44 quicunque:
570 830 94 44 quia
629 830 71 44 si
664 830 106 44 lapis
735 830 177 44 assumeretur
876 830 59 44 a
888 830 94 44 perso-

263 874 78 52 na
302 874 78 52 et
341 874 104 52 post
406 874 208 52 dimitteretur
575 874 91 52 non
628 874 91 52 eet
680 874 182 52 personatus
810 874 169 52 personalita

256 916 71 44 te
292 916 129 44 creata:
386 916 82 44 hoc
433 916 82 44 est
480 916 82 44 non
527 916 106 44 esset
598 916 129 44 persona
692 916 129 44 creata.
786 916 94 44 bene
845 916 106 44 tamen
904 916 82 44 esset

265 959 161 47 suppositum
391 959 138 47 creatum.
495 959 69 47 et
529 959 127 47 quantum
621 959 69 47 ad
656 959 81 47 hoc
702 959 81 47 est
748 959 150 47 dferentia
863 959 104 47 inter
920 959 69 47 vnum

265 1003 82 46 et
306 1003 137 46 aliud.
402 1003 68 46 â‹
429 1003 82 46 Ad
470 1003 123 46 aliud
552 1003 109 46 dico
620 1003 109 46 quod
689 1003 164 46 quicquid
812 1003 137 46 fundat
893 1003 96 46 vnio-

265 1047 87 44 nem
314 1047 112 44 inter
389 1047 124 44 verbum
476 1047 75 44 et
513 1047 137 44 naturam
612 1047 124 44 huanam
699 1047 124 44 potest
786 1047 137 44 dimitti
886 1047 75 44 et
910 1047 75 44 ipsa

267 1091 106 53 vnio
333 1091 119 53 etiam
413 1091 133 53 potest
505 1091 159 53 corrumpi
625 1091 80 53 et
665 1091 133 53 deponi
758 1091 146 53 manente
850 1091 133 53 fundamen

257 1133 65 46 to
290 1133 86 46 eius
344 1133 129 46 quicquid
441 1133 76 46 sit
484 1133 108 46 illud:
559 1133 76 46 sed
602 1133 86 46 tunc
656 1133 108 46 natura
732 1133 76 46 non
775 1133 76 46 est
818 1133 108 46 vnita:
894 1133 86 46 quia
937 1133 43 46 si

252 1181 89 50 cut
303 1181 191 50 impossibile
456 1181 89 50 est
507 1181 76 50 et
545 1181 203 50 contradictio
710 1181 102 50 quod
774 1181 127 50 maneat
863 1181 102 50 vnio
913 1181 64 50 na-

261 1223 119 43 ture:
340 1223 79 43 ad
380 1223 132 43 verbum
473 1223 79 43 et
512 1223 106 43 quod
579 1223 132 43 natura
671 1223 93 43 non
724 1223 146 43 vniatur
830 1223 132 43 verbo:
910 1223 66 43 ita

261 1263 174 52 impossibile
401 1263 81 52 est
447 1263 93 52 quod
505 1263 116 52 natura
587 1263 128 52 vniatur
680 1263 116 52 verbo:
761 1263 70 52 et
796 1263 105 52 tamen
865 1263 93 52 quod
912 1263 58 52 non

259 1309 138 53 maneat
356 1309 124 53 vnio.
439 1309 69 53 â‹
466 1309 83 53 Ad
508 1309 124 53 aliud
590 1309 110 53 dico
660 1309 110 53 quod
729 1309 97 53 per
784 1309 97 53 nil
825 1309 152 53 absolutum

254 1354 127 51 potest
343 1354 190 51 communicari
495 1354 178 51 proprietas
635 1354 114 51 vnius
711 1354 127 51 nature
800 1354 127 51 alteri
876 1354 101 51 nature

248 1400 103 49 nisi
313 1400 155 49 sequatur
429 1400 103 49 vnio
493 1400 142 49 illarum
597 1400 168 49 adiuicem.
726 1400 116 49 sicut
803 1400 103 49 enim
855 1400 116 49 videmus

249 1438 109 54 quod
318 1438 232 54 quantumcumque
509 1438 109 54 fiat
577 1438 218 54 approximatio
754 1438 177 54 aliquorum
877 1438 109 54 adinui

258 1483 75 57 ce
295 1483 100 57 puta
357 1483 112 57 anime
432 1483 75 57 ad
469 1483 137 57 corpus:
569 1483 100 57 nisi
631 1483 112 57 anima
705 1483 87 57 sit
755 1483 112 57 vnita
830 1483 137 57 corpori
917 1483 62 57 non

250 1524 117 56 propter
335 1524 74 56 hoc
378 1524 170 56 proprietates
515 1524 95 56 anime
579 1524 148 56 conueniunt
696 1524 117 56 corpori
781 1524 64 56 et
812 1524 74 56 non
855 1524 117 56 dicitur
929 1524 53 56 cor

264 1573 89 46 pus
315 1573 192 46 intelligere
469 1573 141 46 sentire
571 1573 102 46 etc.
635 1573 128 46 posito
724 1573 115 46 etiam
801 1573 102 46 quod
865 1573 89 46 duo
903 1573 77 46 cor-

257 1611 102 52 pora
321 1611 140 52 animata
423 1611 128 52 essent
512 1611 77 52 in
551 1611 115 52 eodem
627 1611 115 52 loco:
704 1611 89 52 non
755 1611 115 52 tamen
818 1611 179 52 proprietates

269 1658 102 52 vnius
337 1658 102 52 anime
405 1658 91 52 quae
461 1658 79 52 est
507 1658 68 52 in
541 1658 79 52 vno
586 1658 125 52 corpore
677 1658 170 52 conuenirent
813 1658 113 52 alteri
881 1658 102 52 corpori

259 1697 89 50 nisi
315 1697 89 50 sibi
371 1697 134 50 vniatur:
471 1697 101 50 licet
538 1697 89 50 illa
594 1697 101 50 anima
661 1697 123 50 quantum
750 1697 67 50 ad
784 1697 201 50 propinquatatem
940 1697 45 50 et

248 1745 182 54 distantiam
391 1745 169 54 equaliter
521 1745 169 54 respiciat
651 1745 104 54 vnum
716 1745 130 54 corpus
807 1745 78 54 et
846 1745 130 54 aliud.
924 1745 65 54 hoc

249 1786 131 52 excepto
344 1786 95 52 quod
404 1786 119 52 animat
487 1786 95 52 vnum
547 1786 119 52 corpus
630 1786 72 52 et
666 1786 95 52 sibi
726 1786 119 52 vnitur
809 1786 72 52 et
845 1786 83 52 non
881 1786 95 52 alteri

258 1831 85 46 ita
306 1831 73 46 in
343 1831 158 46 proposito
464 1831 170 46 quodcumque
597 1831 158 46 absolutum
718 1831 97 46 deus
779 1831 145 46 causaret
888 1831 73 46 in
912 1831 61 46 na-

251 1878 103 48 tura
316 1878 129 48 humana
406 1878 103 48 siue
470 1878 77 48 in
509 1878 142 48 corpore
612 1878 103 48 siue
677 1878 77 48 in
715 1878 116 48 anima
793 1878 103 48 nisi
857 1878 90 48 sit
896 1878 77 48 vnio

255 1922 126 47 nature
343 1922 75 47 ad
381 1922 176 47 suppositum
519 1922 138 47 numquam
620 1922 138 47 possunt
720 1922 201 47 proprietates
871 1922 100 47 suppo-

249 1966 101 50 siti
312 1966 126 50 divini
401 1966 101 50 sibi
464 1966 189 50 communicari
615 1966 88 50 nec
666 1966 202 50 proprietates
830 1966 126 50 nature
905 1966 76 50 sup-

258 2006 135 53 posito.
356 2006 61 53 â‹
380 2006 73 53 Ad
417 2006 110 53 aliud
490 2006 98 53 dico
552 2006 98 53 quod
613 2006 122 53 quando
698 2006 122 53 rectus
784 2006 184 53 distiguitur
919 2006 61 53 re-

250 2053 121 51 aliter
334 2053 60 51 a
359 2053 181 51 fundamento:
503 2053 97 51 tunc
564 2053 121 51 potest
648 2053 145 51 terinare
757 2053 181 51 mutationem.
890 2053 84 51 patet

258 2093 76 50 de
296 2093 89 50 vbi
347 2093 152 50 secundum
461 2093 114 50 alios
537 2093 101 50 quod
600 2093 152 50 terminat
715 2093 114 50 motum
791 2093 139 50 localem
892 2093 76 50 et
917 2093 51 50 ni

258 2136 151 54 absolutum
375 2136 128 54 nonuum.
468 2136 105 54 patet
538 2136 105 54 etiam
608 2136 70 54 de
642 2136 128 54 materia
736 2136 70 54 et
770 2136 116 54 forma.
840 2136 140 54 substantia

259 2173 71 56 et
295 2173 165 56 accidente:
424 2173 71 56 si
459 2173 118 56 essent
542 2173 106 56 primo
612 2173 141 56 separata
718 2173 71 56 et
753 2173 94 56 post
812 2173 106 56 vnita
883 2173 82 56 per
918 2173 47 56 pe

253 2226 122 51 tentiam
342 2226 134 51 diuinam:
442 2226 89 51 quia
498 2226 89 51 tunc
553 2226 134 51 haberent
653 2226 100 51 solum
720 2226 145 51 rectantum
831 2226 122 51 vnionis
909 2226 67 51 quem

254 2266 113 53 prius
330 2266 88 53 non
380 2266 163 53 habebant.
506 2266 100 53 quia
568 2266 113 53 omnia
644 2266 151 53 absoluta
757 2266 126 53 manent
832 2266 138 53 equaliter

260 2312 84 55 nunc
313 2312 95 55 sicut
376 2312 105 55 prius.
450 2312 63 55 et
481 2312 74 55 per
523 2312 147 55 consequens
639 2312 84 55 illa
692 2312 105 55 mutato
765 2312 137 55 terinatur
870 2312 95 55 solum
923 2312 42 55 ad

254 2352 166 56 respectum
382 2352 141 56 vnionis
485 2352 115 56 sicut
561 2352 90 56 est
613 2352 77 56 in
651 2352 179 56 proposito.
792 2352 64 56 â‹
817 2352 77 56 Ad
856 2352 115 56 aliud
920 2352 51 56 di

260 2404 65 50 co
293 2404 86 50 quod
346 2404 97 50 licet
411 2404 129 50 essentia
508 2404 75 50 sit
551 2404 97 50 primo
615 2404 97 50 summe
680 2404 172 50 independens:
819 2404 97 50 tamen
884 2404 75 50 non
916 2404 54 50 est

258 2440 109 56 prima
330 2440 109 56 ratio
403 2440 145 56 teriandi
511 2440 97 56 quia
572 2440 205 56 independentia
741 2440 84 56 non
789 2440 84 56 est
837 2440 109 56 prima
898 2440 72 56 reti

245 2491 148 49 teriandi
356 2491 111 49 istam
430 2491 148 49 vnionem:
541 2491 99 49 quia
603 2491 111 49 credo
677 2491 99 49 quod
739 2491 111 49 illud
813 2491 99 49 quod
875 2491 87 49 est
912 2491 62 49 sim

260 2533 151 51 plicitur
373 2533 163 51 dependens
499 2533 126 51 potest
587 2533 151 51 terinare
700 2533 201 51 dependentiam
850 2533 126 51 alterius

258 2580 130 47 nature
349 2580 104 47 sine
414 2580 143 47 vnione:
518 2580 104 47 quia
583 2580 117 47 credo
662 2580 104 47 quod
727 2580 104 47 deus
792 2580 130 47 potest
870 2580 104 47 facere

251 2618 109 74 quod
319 2618 95 74 vna
374 2618 136 74 natura
469 2618 136 74 creata
564 2618 177 74 dependeat
700 2618 82 74 ad
741 2618 122 74 aliam
823 2618 150 74 tamquam
932 2618 82 74 ad

1093 240 132 83 naturam
1189 240 192 83 sustentantem
1345 240 96 83 siue
1405 240 252 83 sustentificantem.
1620 240 96 83 puta
1680 240 96 83 quod
1728 240 72 83 anim

1095 310 133 51 potest
1188 310 172 51 terminare
1320 310 146 51 vnionem
1426 310 159 51 corporis
1546 310 93 51 vel
1599 310 133 51 lapis:
1692 310 106 51 quia
1745 310 66 51 non

1097 352 75 51 est
1140 352 107 51 aliqua
1215 352 183 51 contradictio.
1366 352 64 51 et
1398 352 97 51 tamen
1463 352 97 51 omnis
1527 352 129 51 creatura
1624 352 161 51 simpliciter
1742 352 75 51 depen

1087 397 91 52 det
1139 397 117 52 sicut
1217 397 104 52 vnum
1281 397 130 52 corpus
1372 397 78 52 ab
1411 397 117 52 alio.
1489 397 117 52 etiam
1567 397 117 52 licet
1644 397 156 52 essentia
1748 397 65 52 sit

1085 436 127 52 prius
1169 436 211 52 independens
1338 436 112 52 alia
1408 436 211 52 prioritate:
1577 436 112 52 puta
1647 436 169 52 originis
1760 436 42 52 a

1089 487 98 49 deo:
1150 487 86 49 ita
1199 487 74 49 in
1236 487 172 49 proposito.
1371 487 123 49 potest
1457 487 98 49 enim
1518 487 172 49 proprietas
1653 487 86 49 vel
1702 487 98 49 tota
1751 487 61 49 per

1084 524 98 52 sona
1145 524 110 52 primo
1218 524 159 52 terminare
1340 524 110 52 istam
1414 524 208 52 dependentiam:
1585 524 73 52 et
1622 524 110 52 licet
1683 524 122 52 vtrumque

1082 571 156 44 depedet
1195 571 128 44 sicut
1280 571 227 44 correlatiuum
1465 571 99 44 suo
1521 571 184 44 relatiuo:
1663 571 128 44 licet
1734 571 71 44 sit

1075 614 128 56 prius
1160 614 228 56 independens:
1346 614 114 56 puta
1417 614 200 56 prioritate
1574 614 185 56 originis.
1716 614 71 56 â‹
1745 614 86 56 Ad

1083 658 109 47 aliud
1155 658 97 47 dico
1216 658 97 47 quod
1276 658 85 47 non
1325 658 85 47 est
1373 658 205 47 inconueniens:
1542 658 97 47 quod
1603 658 133 47 aliquod
1687 658 109 47 finitum

1087 699 147 52 terminet
1197 699 135 52 vnionem
1295 699 73 52 et
1331 699 196 52 dependentiam
1490 699 110 52 sicut
1564 699 122 52 dictum
1649 699 86 52 est
1698 699 73 52 in
1723 699 73 52 pri-

1081 746 136 53 cedenti
1179 746 161 53 solutione
1303 746 62 53 â‹
1328 746 74 53 Ad
1365 746 111 53 aliud
1439 746 99 53 dico
1501 746 99 53 quod
1562 746 124 53 quando
1649 746 86 53 est
1686 746 111 53 aliquis

1080 789 175 40 respectus
1214 789 94 40 qui
1268 789 148 40 proprie
1375 789 188 40 terminatur
1523 789 81 40 ad
1563 789 148 40 aliquem
1658 789 134 40 terminum

1084 830 82 49 ita
1131 830 93 49 quod
1189 830 105 49 illud
1259 830 93 49 quod
1318 830 140 49 terminat
1423 830 82 49 sit
1469 830 128 49 proprie
1563 830 93 49 eius
1621 830 152 49 terminus.
1726 830 70 49 tunc

1075 876 89 48 ad
1120 876 298 48 multiplicationem
1373 876 194 48 termiorum
1522 876 179 48 sequitur
1641 876 164 48 multipli-

1077 919 117 46 catio
1155 919 195 46 respectuum.
1311 919 91 46 Sed
1363 919 130 46 quando
1455 919 143 46 aliquid
1559 919 143 46 dicitur
1650 919 143 46 terminare

1065 960 83 53 qui
1113 960 83 53 est
1160 960 95 53 idem
1220 960 143 53 realiter
1327 960 83 53 cum
1374 960 95 53 illo
1434 960 95 53 quod
1493 960 107 53 primo
1564 960 71 53 et
1600 960 131 53 proprie
1683 960 119 53 terminat

1074 1011 84 55 et
1116 1011 98 55 sic
1172 1011 195 55 secundario
1325 1011 209 55 denominatur
1492 1011 70 55 a
1520 1011 167 55 respectu
1632 1011 167 55 terminante

1070 1050 114 50 tunc
1141 1050 85 50 ad
1184 1050 285 50 multiplicationem
1426 1050 142 50 talium
1525 1050 199 50 terminorum
1682 1050 100 50 non
1725 1050 71 50 se-

1071 1097 128 51 quitur
1161 1097 217 51 multiplicatio
1340 1097 179 51 respectuum
1480 1097 115 51 sicut
1557 1097 77 51 in
1595 1097 179 51 proposito.
1723 1097 77 51 quia

1075 1139 114 54 vnio
1146 1139 143 54 nature
1246 1139 143 54 humane
1346 1139 129 54 primo
1432 1139 200 54 terminatur
1589 1139 86 54 ad
1632 1139 129 54 totam
1703 1139 86 54 per-

1073 1176 103 50 sonam
1141 1176 103 50 filii
1210 1176 80 50 vel
1256 1176 69 50 ad
1290 1176 91 50 eius
1347 1176 194 50 proprietatem.
1507 1176 69 50 et
1541 1176 91 50 ideo
1599 1176 103 50 primo
1667 1176 69 50 et
1690 1176 103 50 proprie

1064 1223 200 47 denominatur
1224 1223 147 47 persona
1330 1223 120 47 filii
1410 1223 173 47 terminans
1543 1223 120 47 istam
1623 1223 160 47 vnionem:
1730 1223 53 47 se

1064 1268 127 50 eadem
1148 1268 113 50 vnio
1219 1268 141 50 numero
1318 1268 85 50 et
1360 1268 99 50 non
1416 1268 127 50 alia:
1501 1268 127 50 sicut
1586 1268 127 50 ponit
1670 1268 113 50 alia
1727 1268 70 50 opi

1063 1310 96 53 nio
1118 1310 123 53 prius
1200 1310 178 53 improbata
1337 1310 178 53 terminari
1473 1310 137 53 potest
1569 1310 82 53 ad
1610 1310 178 53 essentiam
1733 1310 68 53 di-

1075 1352 108 51 uinam
1147 1352 72 51 et
1183 1352 120 51 potest
1266 1352 132 51 concedi
1362 1352 96 51 quod
1422 1352 120 51 natura
1506 1352 120 51 vnitur
1590 1352 144 51 essentie
1685 1352 96 51 diuine

1066 1404 80 47 qui
1111 1404 80 47 est
1157 1404 91 47 idem
1214 1404 137 47 realiter
1316 1404 80 47 cum
1362 1404 137 47 persona.
1464 1404 68 47 et
1499 1404 125 47 propter
1590 1404 103 47 istam
1647 1404 148 47 identitatem

1073 1442 129 48 potest
1163 1442 180 48 denominari
1305 1442 167 48 terminans
1433 1442 116 48 istam
1510 1442 154 48 vnionem.
1626 1442 116 48 licet
1690 1442 103 48 impro-

1072 1482 94 53 prie
1131 1482 106 53 sicut
1202 1482 165 53 distinctio
1331 1482 118 53 realis
1413 1482 118 53 patris
1496 1482 71 53 et
1531 1482 106 53 filii
1602 1482 141 53 sufficit
1708 1482 71 53 ad
1731 1482 59 53 hoc

1071 1528 95 53 quod
1130 1528 106 53 pater
1201 1528 83 53 non
1248 1528 177 53 denominetur
1390 1528 154 53 terminans
1508 1528 106 53 istam
1579 1528 142 53 vnionem.
1685 1528 95 53 ideo
1733 1528 47 53 ne

1068 1572 162 56 sequitur.
1192 1572 175 56 conclusio.
1330 1572 62 56 â‹
1355 1572 75 56 Ad
1392 1572 112 56 aliud
1467 1572 100 56 dico
1530 1572 100 56 quod
1592 1572 125 56 natura
1667 1572 125 56 assumpta

1063 1614 96 45 non
1118 1614 123 45 manet
1200 1614 96 45 ibi
1255 1614 192 45 violenter:
1406 1614 110 45 quia
1474 1614 96 45 non
1529 1614 192 45 inclinatur
1679 1614 82 45 ad
1707 1614 82 45 oppo

1066 1660 111 53 situm:
1143 1660 88 53 quod
1199 1660 100 53 tamen
1265 1660 155 53 requiritur
1387 1660 66 53 ad
1420 1660 77 53 hoc
1464 1660 88 53 quod
1519 1660 199 53 violentaretur.
1685 1660 66 53 Et
1708 1660 88 53 quando

1065 1700 108 60 dicit
1137 1700 96 60 quod
1197 1700 168 60 inclinatur
1329 1700 72 60 ad
1365 1700 144 60 propriam
1474 1700 228 60 personalitatem.
1666 1700 96 60 dico
1714 1700 72 60 quod

1069 1747 127 46 omnes
1153 1747 141 46 tales:
1252 1747 141 46 natura
1351 1747 141 46 creata
1449 1747 197 46 inclinatur
1604 1747 84 46 ad
1632 1747 155 46 suppositu

1062 1790 164 48 proprium:
1188 1790 164 48 subsistit
1314 1790 76 48 in
1352 1790 139 48 propria
1453 1790 227 48 personalitate:
1642 1790 76 48 et
1667 1790 126 48 sustenti

1069 1835 138 45 ficatur
1169 1835 100 45 sunt
1231 1835 113 45 false
1306 1835 75 45 de
1344 1835 125 45 vitute
1431 1835 175 45 serumonis.
1569 1835 100 45 quia
1631 1835 138 45 nunquam
1719 1835 63 45 na-

1064 1876 104 52 tura
1129 1876 156 52 positiua
1246 1876 182 52 inclinatur
1389 1876 78 52 ad
1428 1876 143 52 aliquid
1533 1876 143 52 proprie
1637 1876 104 52 nisi
1702 1876 91 52 sit
1741 1876 52 52 po

1063 1923 154 49 sitiuum
1175 1923 98 49 nec
1231 1923 182 49 subsistit
1371 1923 112 49 nisi
1442 1923 84 49 in
1484 1923 168 49 positiuo
1610 1923 98 49 nec
1652 1923 126 49 susten-

1067 1966 176 47 tificatur
1203 1966 108 47 nisi
1270 1966 81 47 in
1311 1966 176 47 positiuo.
1446 1966 216 47 Personalitas
1622 1966 122 47 autem
1689 1966 95 47 vltra

1061 2008 151 48 naturam
1171 2008 124 48 addit
1253 2008 124 48 solam
1336 2008 192 48 negationem
1487 2008 220 48 dependentie.
1665 2008 110 48 ideo
1720 2008 55 48 na

1058 2055 101 55 tura
1121 2055 88 55 non
1172 2055 101 55 plus
1234 2055 176 55 inclinatur
1373 2055 75 55 ad
1410 2055 151 55 propriam
1524 2055 226 55 personalitatem
1700 2055 75 55 quae

1056 2091 212 62 affirmatio
1223 2091 212 62 inclinatur
1390 2091 91 62 ad
1435 2091 212 62 negatione.
1602 2091 76 62 â‹
1632 2091 91 62 Ad
1678 2091 137 62 aliud

1058 2142 106 52 dico
1124 2142 106 52 quod
1190 2142 198 52 illimitatio
1348 2142 92 52 non
1401 2142 119 52 facit
1480 2142 106 52 plus
1546 2142 106 52 quod
1612 2142 79 52 in
1652 2142 92 52 vna
1692 2142 92 52 natu-

1066 2184 69 52 ra
1100 2184 115 52 numero
1180 2184 126 52 possunt
1272 2184 92 52 esse
1330 2184 92 52 tres
1387 2184 126 52 persone
1479 2184 92 52 quam
1536 2184 161 52 limitatio.
1663 2184 92 52 quia
1709 2184 80 52 sicut

1067 2227 124 59 potest
1153 2227 161 59 sustineri
1277 2227 99 59 quod
1339 2227 74 59 in
1377 2227 124 59 natura
1464 2227 124 59 diuina
1550 2227 174 59 illimitata
1674 2227 112 59 possunt

1068 2272 101 53 esse
1132 2272 101 53 tres
1195 2272 152 53 persone.
1309 2272 89 53 ita
1360 2272 101 53 bene
1423 2272 127 53 potest
1511 2272 165 53 sustineri
1638 2272 101 53 quod
1701 2272 76 53 in
1727 2272 63 53 na-

1063 2316 118 47 tura
1137 2316 148 47 humana
1240 2316 103 47 vna
1300 2316 148 47 numero
1403 2316 177 47 limitata
1536 2316 118 47 sunt
1610 2316 118 47 tres
1669 2316 118 47 perso-

1066 2360 80 46 ne:
1111 2360 80 46 nec
1157 2360 115 46 potest
1238 2360 138 46 reperiri
1341 2360 115 46 aliqua
1422 2360 103 46 ratio
1491 2360 92 46 plus
1548 2360 126 46 probans
1640 2360 92 46 vnam
1686 2360 92 46 parten

1069 2406 88 54 quam
1124 2406 110 54 aliam.
1201 2406 88 54 quia
1256 2406 99 54 tamen
1322 2406 88 54 vnum
1377 2406 143 54 teneretur
1486 2406 66 54 ex
1519 2406 88 54 fide
1574 2406 66 54 et
1607 2406 99 54 aliud
1673 2406 88 54 non.
1717 2406 66 54 ideo

1062 2450 135 55 propter
1160 2450 110 55 fidem
1233 2450 86 55 non
1282 2450 135 55 propter
1380 2450 110 55 aliam
1453 2450 147 55 rationem
1563 2450 110 55 teneo
1636 2450 122 55 primum
1710 2450 61 55 non

1063 2493 164 58 secundum
1186 2493 68 58 â‹
1214 2493 82 58 Ad
1255 2493 123 58 aliud
1336 2493 109 58 dico
1405 2493 109 58 quod
1473 2493 137 58 natura
1569 2493 137 58 humana
1664 2493 96 58 sic
1705 2493 82 58 assu

1052 2535 117 55 mitur
1130 2535 78 55 ad
1169 2535 155 55 vnitatem
1285 2535 142 55 persone
1389 2535 129 55 diuine
1479 2535 104 55 quod
1544 2535 91 55 non
1596 2535 91 55 fit
1648 2535 142 55 persona
1738 2535 52 55 di

1071 2581 111 45 uina.
1144 2581 74 45 et
1181 2581 111 45 sicut
1255 2581 123 45 potest
1341 2581 221 45 sustentificari
1526 2581 74 45 ab
1563 2581 86 45 vna
1612 2581 135 45 persona
1698 2581 86 45 diui-

1062 2626 90 54 na:
1113 2626 90 54 ita
1165 2626 64 54 a
1190 2626 141 54 tribus:
1293 2626 90 54 non
1344 2626 103 54 quod
1408 2626 103 54 tres
1472 2626 141 54 persone
1575 2626 115 54 fiant
1652 2626 90 54 vna
1690 2626 103 54 natura
