<?xml version="1.0" encoding="UTF-8"?>
<alto xmlns:xsi="http://www.w3.org/2001/XMLSchema-instance"
      xmlns="http://www.loc.gov/standards/alto/ns-v2#"
      xmlns:page="http://schema.primaresearch.org/PAGE/gts/pagecontent/2013-07-15"
      xsi:schemaLocation="http://www.loc.gov/standards/alto/ns-v2# http://www.loc.gov/standards/alto/alto.xsd">
   <Description>
      <MeasurementUnit>pixel</MeasurementUnit>
      <OCRProcessing ID="IdOcr">
         <ocrProcessingStep>
            <processingDateTime>2020-09-05T08:11:42.927-04:00</processingDateTime>
            <processingSoftware>
               <softwareCreator>READ COOP</softwareCreator>
               <softwareName>Transkribus</softwareName>
            </processingSoftware>
         </ocrProcessingStep>
      </OCRProcessing>
   </Description>
   <Tags/>
   <Layout>
      <Page ID="Page1" PHYSICAL_IMG_NR="1" HEIGHT="3051" WIDTH="2274">
         <TopMargin HEIGHT="0" WIDTH="2274" VPOS="0" HPOS="0"/>
         <LeftMargin HEIGHT="3051" WIDTH="0" VPOS="0" HPOS="0"/>
         <RightMargin HEIGHT="3051" WIDTH="0" VPOS="0" HPOS="2274"/>
         <BottomMargin HEIGHT="0" WIDTH="2274" VPOS="3051" HPOS="0"/>
         <PrintSpace HEIGHT="3051" WIDTH="2274" VPOS="0" HPOS="0">
            <TextBlock ID="r2" HEIGHT="2476" WIDTH="750" VPOS="156" HPOS="414">
               <Shape>
                  <Polygon POINTS="414,156 414,2632 1164,2632 1164,156"/>
               </Shape>
               <TextLine ID="r2l2"
                         BASELINE="284"
                         HEIGHT="76"
                         WIDTH="707"
                         VPOS="208"
                         HPOS="408">
                  <String HEIGHT="76" WIDTH="90" VPOS="208" HPOS="395" CONTENT="sed"/>
                  <SP HEIGHT="76" WIDTH="13" VPOS="208" HPOS="485"/>
                  <String HEIGHT="76"
                          WIDTH="103"
                          VPOS="208"
                          HPOS="447"
                          CONTENT="quod"/>
                  <SP HEIGHT="76" WIDTH="13" VPOS="208" HPOS="549"/>
                  <String HEIGHT="76"
                          WIDTH="103"
                          VPOS="208"
                          HPOS="511"
                          CONTENT="tres"/>
                  <SP HEIGHT="76" WIDTH="13" VPOS="208" HPOS="614"/>
                  <String HEIGHT="76"
                          WIDTH="141"
                          VPOS="208"
                          HPOS="575"
                          CONTENT="persone"/>
                  <SP HEIGHT="76" WIDTH="13" VPOS="208" HPOS="717"/>
                  <String HEIGHT="76"
                          WIDTH="231"
                          VPOS="208"
                          HPOS="678"
                          CONTENT="sustentificent"/>
                  <SP HEIGHT="76" WIDTH="13" VPOS="208" HPOS="909"/>
                  <String HEIGHT="76"
                          WIDTH="103"
                          VPOS="208"
                          HPOS="871"
                          CONTENT="vnam"/>
                  <SP HEIGHT="76" WIDTH="13" VPOS="208" HPOS="974"/>
                  <String HEIGHT="76"
                          WIDTH="154"
                          VPOS="208"
                          HPOS="935"
                          CONTENT="naturam."/>
                  <SP HEIGHT="76" WIDTH="13" VPOS="208" HPOS="1089"/>
                  <String HEIGHT="76" WIDTH="64" VPOS="208" HPOS="1051" CONTENT="⁋"/>
                  <SP HEIGHT="76" WIDTH="13" VPOS="208" HPOS="1115"/>
                  <String HEIGHT="76" WIDTH="51" VPOS="208" HPOS="1064" CONTENT="Ad"/>
               </TextLine>
               <TextLine ID="r2l3"
                         BASELINE="328"
                         HEIGHT="56"
                         WIDTH="695"
                         VPOS="272"
                         HPOS="417">
                  <String HEIGHT="56"
                          WIDTH="112"
                          VPOS="272"
                          HPOS="405"
                          CONTENT="aliud"/>
                  <SP HEIGHT="56" WIDTH="12" VPOS="272" HPOS="516"/>
                  <String HEIGHT="56" WIDTH="99" VPOS="272" HPOS="479" CONTENT="dico"/>
                  <SP HEIGHT="56" WIDTH="12" VPOS="272" HPOS="578"/>
                  <String HEIGHT="56" WIDTH="99" VPOS="272" HPOS="541" CONTENT="quod"/>
                  <SP HEIGHT="56" WIDTH="12" VPOS="272" HPOS="640"/>
                  <String HEIGHT="56" WIDTH="74" VPOS="272" HPOS="603" CONTENT="si"/>
                  <SP HEIGHT="56" WIDTH="12" VPOS="272" HPOS="678"/>
                  <String HEIGHT="56"
                          WIDTH="161"
                          VPOS="272"
                          HPOS="640"
                          CONTENT="possibile"/>
                  <SP HEIGHT="56" WIDTH="12" VPOS="272" HPOS="802"/>
                  <String HEIGHT="56"
                          WIDTH="112"
                          VPOS="272"
                          HPOS="765"
                          CONTENT="esset"/>
                  <SP HEIGHT="56" WIDTH="12" VPOS="272" HPOS="876"/>
                  <String HEIGHT="56" WIDTH="99" VPOS="272" HPOS="839" CONTENT="quod"/>
                  <SP HEIGHT="56" WIDTH="12" VPOS="272" HPOS="938"/>
                  <String HEIGHT="56" WIDTH="99" VPOS="272" HPOS="901" CONTENT="tota"/>
                  <SP HEIGHT="56" WIDTH="12" VPOS="272" HPOS="1000"/>
                  <String HEIGHT="56"
                          WIDTH="137"
                          VPOS="272"
                          HPOS="963"
                          CONTENT="esentia"/>
                  <SP HEIGHT="56" WIDTH="12" VPOS="272" HPOS="1100"/>
                  <String HEIGHT="56"
                          WIDTH="62"
                          VPOS="272"
                          HPOS="1050"
                          CONTENT="di"
                          SUBS_TYPE="HypPart1"
                          SUBS_CONTENT="diuina"/>
                  <HYP CONTENT="-"/>
               </TextLine>
               <TextLine ID="r2l4"
                         BASELINE="370"
                         HEIGHT="57"
                         WIDTH="703"
                         VPOS="313"
                         HPOS="417">
                  <String HEIGHT="57"
                          WIDTH="110"
                          VPOS="313"
                          HPOS="403"
                          CONTENT="uina"
                          SUBS_TYPE="HypPart2"
                          SUBS_CONTENT="diuina"/>
                  <SP HEIGHT="57" WIDTH="14" VPOS="313" HPOS="513"/>
                  <String HEIGHT="57" WIDTH="83" VPOS="313" HPOS="472" CONTENT="et"/>
                  <SP HEIGHT="57" WIDTH="14" VPOS="313" HPOS="555"/>
                  <String HEIGHT="57"
                          WIDTH="124"
                          VPOS="313"
                          HPOS="513"
                          CONTENT="nulla"/>
                  <SP HEIGHT="57" WIDTH="14" VPOS="313" HPOS="638"/>
                  <String HEIGHT="57"
                          WIDTH="152"
                          VPOS="313"
                          HPOS="596"
                          CONTENT="persona"/>
                  <SP HEIGHT="57" WIDTH="14" VPOS="313" HPOS="748"/>
                  <String HEIGHT="57"
                          WIDTH="165"
                          VPOS="313"
                          HPOS="706"
                          CONTENT="teriaret"/>
                  <SP HEIGHT="57" WIDTH="14" VPOS="313" HPOS="872"/>
                  <String HEIGHT="57"
                          WIDTH="152"
                          VPOS="313"
                          HPOS="831"
                          CONTENT="vnionem"/>
                  <SP HEIGHT="57" WIDTH="14" VPOS="313" HPOS="982"/>
                  <String HEIGHT="57"
                          WIDTH="152"
                          VPOS="313"
                          HPOS="941"
                          CONTENT="nature:"/>
                  <SP HEIGHT="57" WIDTH="14" VPOS="313" HPOS="1092"/>
                  <String HEIGHT="57"
                          WIDTH="83"
                          VPOS="313"
                          HPOS="1037"
                          CONTENT="tunc"/>
               </TextLine>
               <TextLine ID="r2l5"
                         BASELINE="414"
                         HEIGHT="57"
                         WIDTH="706"
                         VPOS="357"
                         HPOS="414">
                  <String HEIGHT="57"
                          WIDTH="105"
                          VPOS="357"
                          HPOS="401"
                          CONTENT="ista"/>
                  <SP HEIGHT="57" WIDTH="13" VPOS="357" HPOS="506"/>
                  <String HEIGHT="57"
                          WIDTH="131"
                          VPOS="357"
                          HPOS="466"
                          CONTENT="natnra"/>
                  <SP HEIGHT="57" WIDTH="13" VPOS="357" HPOS="597"/>
                  <String HEIGHT="57"
                          WIDTH="157"
                          VPOS="357"
                          HPOS="558"
                          CONTENT="assumpta"/>
                  <SP HEIGHT="57" WIDTH="13" VPOS="357" HPOS="715"/>
                  <String HEIGHT="57" WIDTH="92" VPOS="357" HPOS="675" CONTENT="non"/>
                  <SP HEIGHT="57" WIDTH="13" VPOS="357" HPOS="767"/>
                  <String HEIGHT="57"
                          WIDTH="118"
                          VPOS="357"
                          HPOS="728"
                          CONTENT="esset"/>
                  <SP HEIGHT="57" WIDTH="13" VPOS="357" HPOS="845"/>
                  <String HEIGHT="57"
                          WIDTH="170"
                          VPOS="357"
                          HPOS="806"
                          CONTENT="personata"/>
                  <SP HEIGHT="57" WIDTH="13" VPOS="357" HPOS="976"/>
                  <String HEIGHT="57"
                          WIDTH="144"
                          VPOS="357"
                          HPOS="937"
                          CONTENT="propria"/>
                  <SP HEIGHT="57" WIDTH="13" VPOS="357" HPOS="1081"/>
                  <String HEIGHT="57"
                          WIDTH="92"
                          VPOS="357"
                          HPOS="1028"
                          CONTENT="perso"/>
               </TextLine>
               <TextLine ID="r2l6"
                         BASELINE="461"
                         HEIGHT="57"
                         WIDTH="719"
                         VPOS="404"
                         HPOS="408">
                  <String HEIGHT="57"
                          WIDTH="154"
                          VPOS="404"
                          HPOS="395"
                          CONTENT="nalitate"/>
                  <SP HEIGHT="57" WIDTH="13" VPOS="404" HPOS="549"/>
                  <String HEIGHT="57" WIDTH="90" VPOS="404" HPOS="511" CONTENT="nec"/>
                  <SP HEIGHT="57" WIDTH="13" VPOS="404" HPOS="601"/>
                  <String HEIGHT="57"
                          WIDTH="116"
                          VPOS="404"
                          HPOS="562"
                          CONTENT="alia."/>
                  <SP HEIGHT="57" WIDTH="13" VPOS="404" HPOS="678"/>
                  <String HEIGHT="57"
                          WIDTH="128"
                          VPOS="404"
                          HPOS="639"
                          CONTENT="Primum"/>
                  <SP HEIGHT="57" WIDTH="13" VPOS="404" HPOS="768"/>
                  <String HEIGHT="57"
                          WIDTH="116"
                          VPOS="404"
                          HPOS="729"
                          CONTENT="patet"/>
                  <SP HEIGHT="57" WIDTH="13" VPOS="404" HPOS="845"/>
                  <String HEIGHT="57" WIDTH="77" VPOS="404" HPOS="806" CONTENT="de"/>
                  <SP HEIGHT="57" WIDTH="13" VPOS="404" HPOS="883"/>
                  <String HEIGHT="57" WIDTH="90" VPOS="404" HPOS="845" CONTENT="se."/>
                  <SP HEIGHT="57" WIDTH="13" VPOS="404" HPOS="934"/>
                  <String HEIGHT="57"
                          WIDTH="154"
                          VPOS="404"
                          HPOS="896"
                          CONTENT="secundum"/>
                  <SP HEIGHT="57" WIDTH="13" VPOS="404" HPOS="1050"/>
                  <String HEIGHT="57"
                          WIDTH="116"
                          VPOS="404"
                          HPOS="1011"
                          CONTENT="patet"/>
                  <SP HEIGHT="57" WIDTH="13" VPOS="404" HPOS="1127"/>
                  <String HEIGHT="57" WIDTH="51" VPOS="404" HPOS="1076" CONTENT="de"/>
               </TextLine>
               <TextLine ID="r2l7"
                         BASELINE="509"
                         HEIGHT="66"
                         WIDTH="710"
                         VPOS="443"
                         HPOS="414">
                  <String HEIGHT="66"
                          WIDTH="129"
                          VPOS="443"
                          HPOS="401"
                          CONTENT="eentia"/>
                  <SP HEIGHT="66" WIDTH="13" VPOS="443" HPOS="530"/>
                  <String HEIGHT="66" WIDTH="77" VPOS="443" HPOS="491" CONTENT="si"/>
                  <SP HEIGHT="66" WIDTH="13" VPOS="443" HPOS="569"/>
                  <String HEIGHT="66"
                          WIDTH="103"
                          VPOS="443"
                          HPOS="530"
                          CONTENT="sola"/>
                  <SP HEIGHT="66" WIDTH="13" VPOS="443" HPOS="633"/>
                  <String HEIGHT="66"
                          WIDTH="142"
                          VPOS="443"
                          HPOS="595"
                          CONTENT="terinet"/>
                  <SP HEIGHT="66" WIDTH="13" VPOS="443" HPOS="737"/>
                  <String HEIGHT="66"
                          WIDTH="116"
                          VPOS="443"
                          HPOS="698"
                          CONTENT="istam"/>
                  <SP HEIGHT="66" WIDTH="13" VPOS="443" HPOS="814"/>
                  <String HEIGHT="66"
                          WIDTH="142"
                          VPOS="443"
                          HPOS="775"
                          CONTENT="vnionem"/>
                  <SP HEIGHT="66" WIDTH="13" VPOS="443" HPOS="917"/>
                  <String HEIGHT="66" WIDTH="90" VPOS="443" HPOS="879" CONTENT="non"/>
                  <SP HEIGHT="66" WIDTH="13" VPOS="443" HPOS="969"/>
                  <String HEIGHT="66"
                          WIDTH="129"
                          VPOS="443"
                          HPOS="930"
                          CONTENT="potest"/>
                  <SP HEIGHT="66" WIDTH="13" VPOS="443" HPOS="1059"/>
                  <String HEIGHT="66"
                          WIDTH="116"
                          VPOS="443"
                          HPOS="1008"
                          CONTENT="teriare"/>
               </TextLine>
               <TextLine ID="r2l8"
                         BASELINE="544"
                         HEIGHT="55"
                         WIDTH="699"
                         VPOS="489"
                         HPOS="418">
                  <String HEIGHT="55" WIDTH="69" VPOS="489" HPOS="408" CONTENT="eam"/>
                  <SP HEIGHT="55" WIDTH="10" VPOS="489" HPOS="477"/>
                  <String HEIGHT="55"
                          WIDTH="108"
                          VPOS="489"
                          HPOS="448"
                          CONTENT="tanquam"/>
                  <SP HEIGHT="55" WIDTH="10" VPOS="489" HPOS="556"/>
                  <String HEIGHT="55"
                          WIDTH="118"
                          VPOS="489"
                          HPOS="526"
                          CONTENT="persona:"/>
                  <SP HEIGHT="55" WIDTH="10" VPOS="489" HPOS="644"/>
                  <String HEIGHT="55" WIDTH="79" VPOS="489" HPOS="615" CONTENT="quia"/>
                  <SP HEIGHT="55" WIDTH="10" VPOS="489" HPOS="694"/>
                  <String HEIGHT="55" WIDTH="69" VPOS="489" HPOS="664" CONTENT="non"/>
                  <SP HEIGHT="55" WIDTH="10" VPOS="489" HPOS="733"/>
                  <String HEIGHT="55" WIDTH="69" VPOS="489" HPOS="704" CONTENT="est"/>
                  <SP HEIGHT="55" WIDTH="10" VPOS="489" HPOS="772"/>
                  <String HEIGHT="55"
                          WIDTH="118"
                          VPOS="489"
                          HPOS="743"
                          CONTENT="persona."/>
                  <SP HEIGHT="55" WIDTH="10" VPOS="489" HPOS="861"/>
                  <String HEIGHT="55" WIDTH="59" VPOS="489" HPOS="831" CONTENT="et"/>
                  <SP HEIGHT="55" WIDTH="10" VPOS="489" HPOS="891"/>
                  <String HEIGHT="55" WIDTH="69" VPOS="489" HPOS="861" CONTENT="per"/>
                  <SP HEIGHT="55" WIDTH="10" VPOS="489" HPOS="930"/>
                  <String HEIGHT="55"
                          WIDTH="138"
                          VPOS="489"
                          HPOS="900"
                          CONTENT="consequens"/>
                  <SP HEIGHT="55" WIDTH="10" VPOS="489" HPOS="1038"/>
                  <String HEIGHT="55" WIDTH="69" VPOS="489" HPOS="1009" CONTENT="nec"/>
                  <SP HEIGHT="55" WIDTH="10" VPOS="489" HPOS="1078"/>
                  <String HEIGHT="55"
                          WIDTH="79"
                          VPOS="489"
                          HPOS="1038"
                          CONTENT="potest"/>
               </TextLine>
               <TextLine ID="r2l9"
                         BASELINE="586"
                         HEIGHT="52"
                         WIDTH="706"
                         VPOS="534"
                         HPOS="408">
                  <String HEIGHT="52"
                          WIDTH="107"
                          VPOS="534"
                          HPOS="395"
                          CONTENT="dare"/>
                  <SP HEIGHT="52" WIDTH="13" VPOS="534" HPOS="501"/>
                  <String HEIGHT="52"
                          WIDTH="133"
                          VPOS="534"
                          HPOS="461"
                          CONTENT="nature"/>
                  <SP HEIGHT="52" WIDTH="13" VPOS="534" HPOS="594"/>
                  <String HEIGHT="52"
                          WIDTH="253"
                          VPOS="534"
                          HPOS="555"
                          CONTENT="personalitatem:"/>
                  <SP HEIGHT="52" WIDTH="13" VPOS="534" HPOS="808"/>
                  <String HEIGHT="52" WIDTH="93" VPOS="534" HPOS="768" CONTENT="nec"/>
                  <SP HEIGHT="52" WIDTH="13" VPOS="534" HPOS="861"/>
                  <String HEIGHT="52" WIDTH="93" VPOS="534" HPOS="821" CONTENT="eam"/>
                  <SP HEIGHT="52" WIDTH="13" VPOS="534" HPOS="914"/>
                  <String HEIGHT="52"
                          WIDTH="186"
                          VPOS="534"
                          HPOS="874"
                          CONTENT="sustentare"/>
                  <SP HEIGHT="52" WIDTH="13" VPOS="534" HPOS="1061"/>
                  <String HEIGHT="52"
                          WIDTH="107"
                          VPOS="534"
                          HPOS="1007"
                          CONTENT="tamqua"/>
               </TextLine>
               <TextLine ID="r2l10"
                         BASELINE="640"
                         HEIGHT="64"
                         WIDTH="705"
                         VPOS="576"
                         HPOS="416">
                  <String HEIGHT="64"
                          WIDTH="141"
                          VPOS="576"
                          HPOS="404"
                          CONTENT="persona."/>
                  <SP HEIGHT="64" WIDTH="12" VPOS="576" HPOS="545"/>
                  <String HEIGHT="64" WIDTH="94" VPOS="576" HPOS="510" CONTENT="quia"/>
                  <SP HEIGHT="64" WIDTH="12" VPOS="576" HPOS="604"/>
                  <String HEIGHT="64"
                          WIDTH="106"
                          VPOS="576"
                          HPOS="569"
                          CONTENT="tamen"/>
                  <SP HEIGHT="64" WIDTH="12" VPOS="576" HPOS="675"/>
                  <String HEIGHT="64"
                          WIDTH="176"
                          VPOS="576"
                          HPOS="639"
                          CONTENT="impossibile"/>
                  <SP HEIGHT="64" WIDTH="12" VPOS="576" HPOS="816"/>
                  <String HEIGHT="64" WIDTH="82" VPOS="576" HPOS="780" CONTENT="est"/>
                  <SP HEIGHT="64" WIDTH="12" VPOS="576" HPOS="863"/>
                  <String HEIGHT="64" WIDTH="94" VPOS="576" HPOS="827" CONTENT="quod"/>
                  <SP HEIGHT="64" WIDTH="12" VPOS="576" HPOS="921"/>
                  <String HEIGHT="64"
                          WIDTH="141"
                          VPOS="576"
                          HPOS="886"
                          CONTENT="essentia"/>
                  <SP HEIGHT="64" WIDTH="12" VPOS="576" HPOS="1027"/>
                  <String HEIGHT="64"
                          WIDTH="129"
                          VPOS="576"
                          HPOS="992"
                          CONTENT="assumat"/>
                  <SP HEIGHT="64" WIDTH="12" VPOS="576" HPOS="1121"/>
                  <String HEIGHT="64" WIDTH="47" VPOS="576" HPOS="1074" CONTENT="na"/>
               </TextLine>
               <TextLine ID="r2l11"
                         BASELINE="676"
                         HEIGHT="50"
                         WIDTH="711"
                         VPOS="626"
                         HPOS="415">
                  <String HEIGHT="50"
                          WIDTH="94"
                          VPOS="626"
                          HPOS="405"
                          CONTENT="turam"/>
                  <SP HEIGHT="50" WIDTH="10" VPOS="626" HPOS="499"/>
                  <String HEIGHT="50" WIDTH="84" VPOS="626" HPOS="467" CONTENT="nisi"/>
                  <SP HEIGHT="50" WIDTH="10" VPOS="626" HPOS="551"/>
                  <String HEIGHT="50"
                          WIDTH="94"
                          VPOS="626"
                          HPOS="520"
                          CONTENT="omnes"/>
                  <SP HEIGHT="50" WIDTH="10" VPOS="626" HPOS="614"/>
                  <String HEIGHT="50"
                          WIDTH="115"
                          VPOS="626"
                          HPOS="582"
                          CONTENT="persone"/>
                  <SP HEIGHT="50" WIDTH="10" VPOS="626" HPOS="697"/>
                  <String HEIGHT="50"
                          WIDTH="125"
                          VPOS="626"
                          HPOS="666"
                          CONTENT="assumant"/>
                  <SP HEIGHT="50" WIDTH="10" VPOS="626" HPOS="791"/>
                  <String HEIGHT="50" WIDTH="84" VPOS="626" HPOS="760" CONTENT="eam."/>
                  <SP HEIGHT="50" WIDTH="10" VPOS="626" HPOS="844"/>
                  <String HEIGHT="50" WIDTH="63" VPOS="626" HPOS="812" CONTENT="et"/>
                  <SP HEIGHT="50" WIDTH="10" VPOS="626" HPOS="875"/>
                  <String HEIGHT="50" WIDTH="73" VPOS="626" HPOS="844" CONTENT="per"/>
                  <SP HEIGHT="50" WIDTH="10" VPOS="626" HPOS="917"/>
                  <String HEIGHT="50"
                          WIDTH="146"
                          VPOS="626"
                          HPOS="886"
                          CONTENT="consequens"/>
                  <SP HEIGHT="50" WIDTH="10" VPOS="626" HPOS="1032"/>
                  <String HEIGHT="50"
                          WIDTH="94"
                          VPOS="626"
                          HPOS="1001"
                          CONTENT="licet"/>
                  <SP HEIGHT="50" WIDTH="10" VPOS="626" HPOS="1095"/>
                  <String HEIGHT="50"
                          WIDTH="73"
                          VPOS="626"
                          HPOS="1053"
                          CONTENT="essen"/>
               </TextLine>
               <TextLine ID="r2l12"
                         BASELINE="721"
                         HEIGHT="58"
                         WIDTH="717"
                         VPOS="663"
                         HPOS="411">
                  <String HEIGHT="58" WIDTH="85" VPOS="663" HPOS="399" CONTENT="tia"/>
                  <SP HEIGHT="58" WIDTH="12" VPOS="663" HPOS="484"/>
                  <String HEIGHT="58"
                          WIDTH="109"
                          VPOS="663"
                          HPOS="447"
                          CONTENT="primo"/>
                  <SP HEIGHT="58" WIDTH="12" VPOS="663" HPOS="557"/>
                  <String HEIGHT="58"
                          WIDTH="134"
                          VPOS="663"
                          HPOS="520"
                          CONTENT="terinet"/>
                  <SP HEIGHT="58" WIDTH="12" VPOS="663" HPOS="654"/>
                  <String HEIGHT="58"
                          WIDTH="134"
                          VPOS="663"
                          HPOS="618"
                          CONTENT="vnionem"/>
                  <SP HEIGHT="58" WIDTH="12" VPOS="663" HPOS="751"/>
                  <String HEIGHT="58"
                          WIDTH="122"
                          VPOS="663"
                          HPOS="715"
                          CONTENT="istam:"/>
                  <SP HEIGHT="58" WIDTH="12" VPOS="663" HPOS="836"/>
                  <String HEIGHT="58"
                          WIDTH="109"
                          VPOS="663"
                          HPOS="800"
                          CONTENT="tamen"/>
                  <SP HEIGHT="58" WIDTH="12" VPOS="663" HPOS="909"/>
                  <String HEIGHT="58"
                          WIDTH="109"
                          VPOS="663"
                          HPOS="873"
                          CONTENT="omnes"/>
                  <SP HEIGHT="58" WIDTH="12" VPOS="663" HPOS="982"/>
                  <String HEIGHT="58"
                          WIDTH="134"
                          VPOS="663"
                          HPOS="946"
                          CONTENT="persone"/>
                  <SP HEIGHT="58" WIDTH="12" VPOS="663" HPOS="1079"/>
                  <String HEIGHT="58"
                          WIDTH="97"
                          VPOS="663"
                          HPOS="1031"
                          CONTENT="teria"
                          SUBS_TYPE="HypPart1"
                          SUBS_CONTENT="teriabuntur"/>
                  <HYP CONTENT="-"/>
               </TextLine>
               <TextLine ID="r2l13"
                         BASELINE="765"
                         HEIGHT="59"
                         WIDTH="703"
                         VPOS="706"
                         HPOS="418">
                  <String HEIGHT="59"
                          WIDTH="121"
                          VPOS="706"
                          HPOS="406"
                          CONTENT="buntur"
                          SUBS_TYPE="HypPart2"
                          SUBS_CONTENT="teriabuntur"/>
                  <SP HEIGHT="59" WIDTH="12" VPOS="706" HPOS="527"/>
                  <String HEIGHT="59"
                          WIDTH="182"
                          VPOS="706"
                          HPOS="491"
                          CONTENT="secundario."/>
                  <SP HEIGHT="59" WIDTH="12" VPOS="706" HPOS="673"/>
                  <String HEIGHT="59" WIDTH="97" VPOS="706" HPOS="636" CONTENT="ideo"/>
                  <SP HEIGHT="59" WIDTH="12" VPOS="706" HPOS="733"/>
                  <String HEIGHT="59"
                          WIDTH="182"
                          VPOS="706"
                          HPOS="697"
                          CONTENT="impossibile"/>
                  <SP HEIGHT="59" WIDTH="12" VPOS="706" HPOS="879"/>
                  <String HEIGHT="59" WIDTH="85" VPOS="706" HPOS="842" CONTENT="est"/>
                  <SP HEIGHT="59" WIDTH="12" VPOS="706" HPOS="927"/>
                  <String HEIGHT="59"
                          WIDTH="133"
                          VPOS="706"
                          HPOS="891"
                          CONTENT="naturam"/>
                  <SP HEIGHT="59" WIDTH="12" VPOS="706" HPOS="1024"/>
                  <String HEIGHT="59"
                          WIDTH="109"
                          VPOS="706"
                          HPOS="988"
                          CONTENT="vniri"/>
                  <SP HEIGHT="59" WIDTH="12" VPOS="706" HPOS="1097"/>
                  <String HEIGHT="59"
                          WIDTH="73"
                          VPOS="706"
                          HPOS="1048"
                          CONTENT="nis"
                          SUBS_TYPE="HypPart1"
                          SUBS_CONTENT="nissustentificetur"/>
                  <HYP CONTENT="-"/>
               </TextLine>
               <TextLine ID="r2l14"
                         BASELINE="815"
                         HEIGHT="61"
                         WIDTH="704"
                         VPOS="754"
                         HPOS="423">
                  <String HEIGHT="61"
                          WIDTH="231"
                          VPOS="754"
                          HPOS="411"
                          CONTENT="sustentificetur"
                          SUBS_TYPE="HypPart2"
                          SUBS_CONTENT="nissustentificetur"/>
                  <SP HEIGHT="61" WIDTH="12" VPOS="754" HPOS="641"/>
                  <String HEIGHT="61" WIDTH="85" VPOS="754" HPOS="605" CONTENT="per"/>
                  <SP HEIGHT="61" WIDTH="12" VPOS="754" HPOS="690"/>
                  <String HEIGHT="61"
                          WIDTH="134"
                          VPOS="754"
                          HPOS="654"
                          CONTENT="aliquam"/>
                  <SP HEIGHT="61" WIDTH="12" VPOS="754" HPOS="787"/>
                  <String HEIGHT="61"
                          WIDTH="158"
                          VPOS="754"
                          HPOS="751"
                          CONTENT="personam."/>
                  <SP HEIGHT="61" WIDTH="12" VPOS="754" HPOS="909"/>
                  <String HEIGHT="61" WIDTH="61" VPOS="754" HPOS="872" CONTENT="⁋"/>
                  <SP HEIGHT="61" WIDTH="12" VPOS="754" HPOS="933"/>
                  <String HEIGHT="61" WIDTH="73" VPOS="754" HPOS="896" CONTENT="Ad"/>
                  <SP HEIGHT="61" WIDTH="12" VPOS="754" HPOS="969"/>
                  <String HEIGHT="61"
                          WIDTH="109"
                          VPOS="754"
                          HPOS="933"
                          CONTENT="aliud"/>
                  <SP HEIGHT="61" WIDTH="12" VPOS="754" HPOS="1042"/>
                  <String HEIGHT="61"
                          WIDTH="97"
                          VPOS="754"
                          HPOS="1006"
                          CONTENT="dico"/>
                  <SP HEIGHT="61" WIDTH="12" VPOS="754" HPOS="1103"/>
                  <String HEIGHT="61"
                          WIDTH="73"
                          VPOS="754"
                          HPOS="1054"
                          CONTENT="quod"/>
               </TextLine>
               <TextLine ID="r2l15"
                         BASELINE="848"
                         HEIGHT="57"
                         WIDTH="701"
                         VPOS="791"
                         HPOS="425">
                  <String HEIGHT="57"
                          WIDTH="192"
                          VPOS="791"
                          HPOS="411"
                          CONTENT="accipiendo"/>
                  <SP HEIGHT="57" WIDTH="14" VPOS="791" HPOS="604"/>
                  <String HEIGHT="57"
                          WIDTH="220"
                          VPOS="791"
                          HPOS="562"
                          CONTENT="dependentiam"/>
                  <SP HEIGHT="57" WIDTH="14" VPOS="791" HPOS="782"/>
                  <String HEIGHT="57"
                          WIDTH="151"
                          VPOS="791"
                          HPOS="741"
                          CONTENT="proprie"/>
                  <SP HEIGHT="57" WIDTH="14" VPOS="791" HPOS="892"/>
                  <String HEIGHT="57"
                          WIDTH="124"
                          VPOS="791"
                          HPOS="851"
                          CONTENT="prout"/>
                  <SP HEIGHT="57" WIDTH="14" VPOS="791" HPOS="975"/>
                  <String HEIGHT="57"
                          WIDTH="165"
                          VPOS="791"
                          HPOS="934"
                          CONTENT="importat"/>
                  <SP HEIGHT="57" WIDTH="14" VPOS="791" HPOS="1099"/>
                  <String HEIGHT="57"
                          WIDTH="82"
                          VPOS="791"
                          HPOS="1044"
                          CONTENT="casa"/>
               </TextLine>
               <TextLine ID="r2l16"
                         BASELINE="894"
                         HEIGHT="57"
                         WIDTH="694"
                         VPOS="837"
                         HPOS="432">
                  <String HEIGHT="57"
                          WIDTH="167"
                          VPOS="837"
                          HPOS="418"
                          CONTENT="litatem:"/>
                  <SP HEIGHT="57" WIDTH="14" VPOS="837" HPOS="585"/>
                  <String HEIGHT="57" WIDTH="97" VPOS="837" HPOS="543" CONTENT="sic"/>
                  <SP HEIGHT="57" WIDTH="14" VPOS="837" HPOS="640"/>
                  <String HEIGHT="57"
                          WIDTH="139"
                          VPOS="837"
                          HPOS="599"
                          CONTENT="natura"/>
                  <SP HEIGHT="57" WIDTH="14" VPOS="837" HPOS="737"/>
                  <String HEIGHT="57"
                          WIDTH="167"
                          VPOS="837"
                          HPOS="696"
                          CONTENT="assumpta"/>
                  <SP HEIGHT="57" WIDTH="14" VPOS="837" HPOS="862"/>
                  <String HEIGHT="57" WIDTH="97" VPOS="837" HPOS="821" CONTENT="non"/>
                  <SP HEIGHT="57" WIDTH="14" VPOS="837" HPOS="918"/>
                  <String HEIGHT="57"
                          WIDTH="111"
                          VPOS="837"
                          HPOS="876"
                          CONTENT="plus"/>
                  <SP HEIGHT="57" WIDTH="14" VPOS="837" HPOS="987"/>
                  <String HEIGHT="57"
                          WIDTH="167"
                          VPOS="837"
                          HPOS="946"
                          CONTENT="dependet"/>
                  <SP HEIGHT="57" WIDTH="14" VPOS="837" HPOS="1112"/>
                  <String HEIGHT="57" WIDTH="83" VPOS="837" HPOS="1070" CONTENT="ad"/>
                  <SP HEIGHT="57" WIDTH="14" VPOS="837" HPOS="1154"/>
                  <String HEIGHT="57" WIDTH="28" VPOS="837" HPOS="1098" CONTENT=""/>
               </TextLine>
               <TextLine ID="r2l17"
                         BASELINE="937"
                         HEIGHT="59"
                         WIDTH="709"
                         VPOS="878"
                         HPOS="430">
                  <String HEIGHT="59"
                          WIDTH="120"
                          VPOS="878"
                          HPOS="418"
                          CONTENT="filium"/>
                  <SP HEIGHT="59" WIDTH="12" VPOS="878" HPOS="538"/>
                  <String HEIGHT="59" WIDTH="96" VPOS="878" HPOS="502" CONTENT="quam"/>
                  <SP HEIGHT="59" WIDTH="12" VPOS="878" HPOS="598"/>
                  <String HEIGHT="59" WIDTH="72" VPOS="878" HPOS="562" CONTENT="ad"/>
                  <SP HEIGHT="59" WIDTH="12" VPOS="878" HPOS="634"/>
                  <String HEIGHT="59"
                          WIDTH="132"
                          VPOS="878"
                          HPOS="598"
                          CONTENT="patrem."/>
                  <SP HEIGHT="59" WIDTH="12" VPOS="878" HPOS="730"/>
                  <String HEIGHT="59" WIDTH="96" VPOS="878" HPOS="694" CONTENT="ideo"/>
                  <SP HEIGHT="59" WIDTH="12" VPOS="878" HPOS="791"/>
                  <String HEIGHT="59" WIDTH="96" VPOS="878" HPOS="754" CONTENT="ista"/>
                  <SP HEIGHT="59" WIDTH="12" VPOS="878" HPOS="851"/>
                  <String HEIGHT="59"
                          WIDTH="120"
                          VPOS="878"
                          HPOS="815"
                          CONTENT="natura"/>
                  <SP HEIGHT="59" WIDTH="12" VPOS="878" HPOS="935"/>
                  <String HEIGHT="59"
                          WIDTH="108"
                          VPOS="878"
                          HPOS="899"
                          CONTENT="magis"/>
                  <SP HEIGHT="59" WIDTH="12" VPOS="878" HPOS="1007"/>
                  <String HEIGHT="59"
                          WIDTH="132"
                          VPOS="878"
                          HPOS="971"
                          CONTENT="dicitur"/>
                  <SP HEIGHT="59" WIDTH="12" VPOS="878" HPOS="1103"/>
                  <String HEIGHT="59"
                          WIDTH="84"
                          VPOS="878"
                          HPOS="1055"
                          CONTENT="vniri"/>
               </TextLine>
               <TextLine ID="r2l18"
                         BASELINE="984"
                         HEIGHT="61"
                         WIDTH="707"
                         VPOS="923"
                         HPOS="425">
                  <String HEIGHT="61"
                          WIDTH="118"
                          VPOS="923"
                          HPOS="412"
                          CONTENT="filio"/>
                  <SP HEIGHT="61" WIDTH="13" VPOS="923" HPOS="530"/>
                  <String HEIGHT="61"
                          WIDTH="105"
                          VPOS="923"
                          HPOS="490"
                          CONTENT="quam"/>
                  <SP HEIGHT="61" WIDTH="13" VPOS="923" HPOS="595"/>
                  <String HEIGHT="61"
                          WIDTH="170"
                          VPOS="923"
                          HPOS="556"
                          CONTENT="dependere"/>
                  <SP HEIGHT="61" WIDTH="13" VPOS="923" HPOS="726"/>
                  <String HEIGHT="61" WIDTH="79" VPOS="923" HPOS="687" CONTENT="ad"/>
                  <SP HEIGHT="61" WIDTH="13" VPOS="923" HPOS="765"/>
                  <String HEIGHT="61"
                          WIDTH="144"
                          VPOS="923"
                          HPOS="726"
                          CONTENT="filium."/>
                  <SP HEIGHT="61" WIDTH="13" VPOS="923" HPOS="870"/>
                  <String HEIGHT="61"
                          WIDTH="105"
                          VPOS="923"
                          HPOS="831"
                          CONTENT="vnde"/>
                  <SP HEIGHT="61" WIDTH="13" VPOS="923" HPOS="936"/>
                  <String HEIGHT="61" WIDTH="79" VPOS="923" HPOS="896" CONTENT="si"/>
                  <SP HEIGHT="61" WIDTH="13" VPOS="923" HPOS="975"/>
                  <String HEIGHT="61"
                          WIDTH="131"
                          VPOS="923"
                          HPOS="936"
                          CONTENT="natura"/>
                  <SP HEIGHT="61" WIDTH="13" VPOS="923" HPOS="1067"/>
                  <String HEIGHT="61"
                          WIDTH="118"
                          VPOS="923"
                          HPOS="1014"
                          CONTENT="depona"
                          SUBS_TYPE="HypPart1"
                          SUBS_CONTENT="deponatur"/>
                  <HYP CONTENT="-"/>
               </TextLine>
               <TextLine ID="r2l19"
                         BASELINE="1023"
                         HEIGHT="57"
                         WIDTH="697"
                         VPOS="966"
                         HPOS="433">
                  <String HEIGHT="57"
                          WIDTH="84"
                          VPOS="966"
                          HPOS="421"
                          CONTENT="tur"
                          SUBS_TYPE="HypPart2"
                          SUBS_CONTENT="deponatur"/>
                  <SP HEIGHT="57" WIDTH="12" VPOS="966" HPOS="505"/>
                  <String HEIGHT="57"
                          WIDTH="108"
                          VPOS="966"
                          HPOS="469"
                          CONTENT="adhuc"/>
                  <SP HEIGHT="57" WIDTH="12" VPOS="966" HPOS="577"/>
                  <String HEIGHT="57"
                          WIDTH="144"
                          VPOS="966"
                          HPOS="541"
                          CONTENT="dependet"/>
                  <SP HEIGHT="57" WIDTH="12" VPOS="966" HPOS="685"/>
                  <String HEIGHT="57"
                          WIDTH="132"
                          VPOS="966"
                          HPOS="649"
                          CONTENT="proprie"/>
                  <SP HEIGHT="57" WIDTH="12" VPOS="966" HPOS="782"/>
                  <String HEIGHT="57" WIDTH="72" VPOS="966" HPOS="745" CONTENT="ad"/>
                  <SP HEIGHT="57" WIDTH="12" VPOS="966" HPOS="818"/>
                  <String HEIGHT="57"
                          WIDTH="132"
                          VPOS="966"
                          HPOS="782"
                          CONTENT="filium:"/>
                  <SP HEIGHT="57" WIDTH="12" VPOS="966" HPOS="914"/>
                  <String HEIGHT="57"
                          WIDTH="108"
                          VPOS="966"
                          HPOS="878"
                          CONTENT="sicut"/>
                  <SP HEIGHT="57" WIDTH="12" VPOS="966" HPOS="986"/>
                  <String HEIGHT="57"
                          WIDTH="120"
                          VPOS="966"
                          HPOS="950"
                          CONTENT="quando"/>
                  <SP HEIGHT="57" WIDTH="12" VPOS="966" HPOS="1070"/>
                  <String HEIGHT="57" WIDTH="84" VPOS="966" HPOS="1034" CONTENT="est"/>
                  <SP HEIGHT="57" WIDTH="12" VPOS="966" HPOS="1118"/>
                  <String HEIGHT="57"
                          WIDTH="60"
                          VPOS="966"
                          HPOS="1070"
                          CONTENT="as"
                          SUBS_TYPE="HypPart1"
                          SUBS_CONTENT="assumpta."/>
                  <HYP CONTENT="-"/>
               </TextLine>
               <TextLine ID="r2l20"
                         BASELINE="1077"
                         HEIGHT="59"
                         WIDTH="700"
                         VPOS="1018"
                         HPOS="436">
                  <String HEIGHT="59"
                          WIDTH="151"
                          VPOS="1018"
                          HPOS="422"
                          CONTENT="sumpta."
                          SUBS_TYPE="HypPart2"
                          SUBS_CONTENT="assumpta."/>
                  <SP HEIGHT="59" WIDTH="14" VPOS="1018" HPOS="573"/>
                  <String HEIGHT="59" WIDTH="69" VPOS="1018" HPOS="532" CONTENT="⁋"/>
                  <SP HEIGHT="59" WIDTH="14" VPOS="1018" HPOS="601"/>
                  <String HEIGHT="59" WIDTH="82" VPOS="1018" HPOS="560" CONTENT="Ad"/>
                  <SP HEIGHT="59" WIDTH="14" VPOS="1018" HPOS="642"/>
                  <String HEIGHT="59"
                          WIDTH="137"
                          VPOS="1018"
                          HPOS="601"
                          CONTENT="primum"/>
                  <SP HEIGHT="59" WIDTH="14" VPOS="1018" HPOS="738"/>
                  <String HEIGHT="59"
                          WIDTH="247"
                          VPOS="1018"
                          HPOS="697"
                          CONTENT="principaledico"/>
                  <SP HEIGHT="59" WIDTH="14" VPOS="1018" HPOS="944"/>
                  <String HEIGHT="59"
                          WIDTH="110"
                          VPOS="1018"
                          HPOS="903"
                          CONTENT="quod"/>
                  <SP HEIGHT="59" WIDTH="14" VPOS="1018" HPOS="1012"/>
                  <String HEIGHT="59"
                          WIDTH="165"
                          VPOS="1018"
                          HPOS="971"
                          CONTENT="loquendo"/>
                  <SP HEIGHT="59" WIDTH="14" VPOS="1018" HPOS="1136"/>
                  <String HEIGHT="59" WIDTH="55" VPOS="1018" HPOS="1081" CONTENT="de"/>
               </TextLine>
               <TextLine ID="r2l21"
                         BASELINE="1117"
                         HEIGHT="61"
                         WIDTH="716"
                         VPOS="1056"
                         HPOS="426">
                  <String HEIGHT="61"
                          WIDTH="133"
                          VPOS="1056"
                          HPOS="413"
                          CONTENT="homine"/>
                  <SP HEIGHT="61" WIDTH="13" VPOS="1056" HPOS="545"/>
                  <String HEIGHT="61" WIDTH="93" VPOS="1056" HPOS="506" CONTENT="non"/>
                  <SP HEIGHT="61" WIDTH="13" VPOS="1056" HPOS="598"/>
                  <String HEIGHT="61"
                          WIDTH="159"
                          VPOS="1056"
                          HPOS="559"
                          CONTENT="assumpto"/>
                  <SP HEIGHT="61" WIDTH="13" VPOS="1056" HPOS="718"/>
                  <String HEIGHT="61"
                          WIDTH="106"
                          VPOS="1056"
                          HPOS="678"
                          CONTENT="homo"/>
                  <SP HEIGHT="61" WIDTH="13" VPOS="1056" HPOS="784"/>
                  <String HEIGHT="61" WIDTH="80" VPOS="1056" HPOS="744" CONTENT="et"/>
                  <SP HEIGHT="61" WIDTH="13" VPOS="1056" HPOS="824"/>
                  <String HEIGHT="61"
                          WIDTH="172"
                          VPOS="1056"
                          HPOS="784"
                          CONTENT="humanitas"/>
                  <SP HEIGHT="61" WIDTH="13" VPOS="1056" HPOS="956"/>
                  <String HEIGHT="61" WIDTH="93" VPOS="1056" HPOS="917" CONTENT="non"/>
                  <SP HEIGHT="61" WIDTH="13" VPOS="1056" HPOS="1009"/>
                  <String HEIGHT="61"
                          WIDTH="186"
                          VPOS="1056"
                          HPOS="956"
                          CONTENT="distinguntur"/>
               </TextLine>
               <TextLine ID="r2l22"
                         BASELINE="1168"
                         HEIGHT="72"
                         WIDTH="707"
                         VPOS="1096"
                         HPOS="434">
                  <String HEIGHT="72"
                          WIDTH="130"
                          VPOS="1096"
                          HPOS="422"
                          CONTENT="quantum"/>
                  <SP HEIGHT="72" WIDTH="12" VPOS="1096" HPOS="552"/>
                  <String HEIGHT="72" WIDTH="71" VPOS="1096" HPOS="516" CONTENT="ad"/>
                  <SP HEIGHT="72" WIDTH="12" VPOS="1096" HPOS="587"/>
                  <String HEIGHT="72"
                          WIDTH="165"
                          VPOS="1096"
                          HPOS="552"
                          CONTENT="principale"/>
                  <SP HEIGHT="72" WIDTH="12" VPOS="1096" HPOS="717"/>
                  <String HEIGHT="72"
                          WIDTH="200"
                          VPOS="1096"
                          HPOS="681"
                          CONTENT="significatum."/>
                  <SP HEIGHT="72" WIDTH="12" VPOS="1096" HPOS="882"/>
                  <String HEIGHT="72" WIDTH="71" VPOS="1096" HPOS="846" CONTENT="si"/>
                  <SP HEIGHT="72" WIDTH="12" VPOS="1096" HPOS="917"/>
                  <String HEIGHT="72"
                          WIDTH="106"
                          VPOS="1096"
                          HPOS="882"
                          CONTENT="tamen"/>
                  <SP HEIGHT="72" WIDTH="12" VPOS="1096" HPOS="988"/>
                  <String HEIGHT="72"
                          WIDTH="141"
                          VPOS="1096"
                          HPOS="952"
                          CONTENT="vtrumque"/>
                  <SP HEIGHT="72" WIDTH="12" VPOS="1096" HPOS="1094"/>
                  <String HEIGHT="72"
                          WIDTH="94"
                          VPOS="1096"
                          HPOS="1047"
                          CONTENT="habeat"/>
               </TextLine>
               <TextLine ID="r2l23"
                         BASELINE="1202"
                         HEIGHT="50"
                         WIDTH="709"
                         VPOS="1152"
                         HPOS="427">
                  <String HEIGHT="50"
                          WIDTH="208"
                          VPOS="1152"
                          HPOS="415"
                          CONTENT="suppositionem"/>
                  <SP HEIGHT="50" WIDTH="12" VPOS="1152" HPOS="623"/>
                  <String HEIGHT="50"
                          WIDTH="171"
                          VPOS="1152"
                          HPOS="586"
                          CONTENT="personalem"/>
                  <SP HEIGHT="50" WIDTH="12" VPOS="1152" HPOS="757"/>
                  <String HEIGHT="50"
                          WIDTH="98"
                          VPOS="1152"
                          HPOS="720"
                          CONTENT="quia"/>
                  <SP HEIGHT="50" WIDTH="12" VPOS="1152" HPOS="818"/>
                  <String HEIGHT="50"
                          WIDTH="98"
                          VPOS="1152"
                          HPOS="782"
                          CONTENT="tunc"/>
                  <SP HEIGHT="50" WIDTH="12" VPOS="1152" HPOS="879"/>
                  <String HEIGHT="50" WIDTH="86" VPOS="1152" HPOS="843" CONTENT="tam"/>
                  <SP HEIGHT="50" WIDTH="12" VPOS="1152" HPOS="928"/>
                  <String HEIGHT="50"
                          WIDTH="98"
                          VPOS="1152"
                          HPOS="892"
                          CONTENT="homo"/>
                  <SP HEIGHT="50" WIDTH="12" VPOS="1152" HPOS="989"/>
                  <String HEIGHT="50"
                          WIDTH="98"
                          VPOS="1152"
                          HPOS="953"
                          CONTENT="quam"/>
                  <SP HEIGHT="50" WIDTH="12" VPOS="1152" HPOS="1050"/>
                  <String HEIGHT="50"
                          WIDTH="134"
                          VPOS="1152"
                          HPOS="1002"
                          CONTENT="humanitas"/>
               </TextLine>
               <TextLine ID="r2l24"
                         BASELINE="1242"
                         HEIGHT="57"
                         WIDTH="709"
                         VPOS="1185"
                         HPOS="427">
                  <String HEIGHT="57"
                          WIDTH="152"
                          VPOS="1185"
                          HPOS="414"
                          CONTENT="supponit"/>
                  <SP HEIGHT="57" WIDTH="13" VPOS="1185" HPOS="566"/>
                  <String HEIGHT="57" WIDTH="89" VPOS="1185" HPOS="528" CONTENT="pro"/>
                  <SP HEIGHT="57" WIDTH="13" VPOS="1185" HPOS="617"/>
                  <String HEIGHT="57"
                          WIDTH="127"
                          VPOS="1185"
                          HPOS="579"
                          CONTENT="natura"/>
                  <SP HEIGHT="57" WIDTH="13" VPOS="1185" HPOS="706"/>
                  <String HEIGHT="57"
                          WIDTH="127"
                          VPOS="1185"
                          HPOS="668"
                          CONTENT="divina"/>
                  <SP HEIGHT="57" WIDTH="13" VPOS="1185" HPOS="794"/>
                  <String HEIGHT="57" WIDTH="89" VPOS="1185" HPOS="756" CONTENT="non"/>
                  <SP HEIGHT="57" WIDTH="13" VPOS="1185" HPOS="845"/>
                  <String HEIGHT="57"
                          WIDTH="177"
                          VPOS="1185"
                          HPOS="807"
                          CONTENT="dependente"/>
                  <SP HEIGHT="57" WIDTH="13" VPOS="1185" HPOS="984"/>
                  <String HEIGHT="57"
                          WIDTH="101"
                          VPOS="1185"
                          HPOS="946"
                          CONTENT="quae"/>
                  <SP HEIGHT="57" WIDTH="13" VPOS="1185" HPOS="1047"/>
                  <String HEIGHT="57"
                          WIDTH="114"
                          VPOS="1185"
                          HPOS="1009"
                          CONTENT="eadem"/>
                  <SP HEIGHT="57" WIDTH="13" VPOS="1185" HPOS="1123"/>
                  <String HEIGHT="57"
                          WIDTH="63"
                          VPOS="1185"
                          HPOS="1073"
                          CONTENT="est"/>
               </TextLine>
               <TextLine ID="r2l25"
                         BASELINE="1285"
                         HEIGHT="46"
                         WIDTH="712"
                         VPOS="1239"
                         HPOS="427">
                  <String HEIGHT="46"
                          WIDTH="119"
                          VPOS="1239"
                          HPOS="414"
                          CONTENT="sicut"/>
                  <SP HEIGHT="46" WIDTH="13" VPOS="1239" HPOS="532"/>
                  <String HEIGHT="46"
                          WIDTH="171"
                          VPOS="1239"
                          HPOS="493"
                          CONTENT="supposito"/>
                  <SP HEIGHT="46" WIDTH="13" VPOS="1239" HPOS="664"/>
                  <String HEIGHT="46"
                          WIDTH="105"
                          VPOS="1239"
                          HPOS="625"
                          CONTENT="quod"/>
                  <SP HEIGHT="46" WIDTH="13" VPOS="1239" HPOS="730"/>
                  <String HEIGHT="46"
                          WIDTH="105"
                          VPOS="1239"
                          HPOS="691"
                          CONTENT="homo"/>
                  <SP HEIGHT="46" WIDTH="13" VPOS="1239" HPOS="796"/>
                  <String HEIGHT="46" WIDTH="92" VPOS="1239" HPOS="757" CONTENT="sit"/>
                  <SP HEIGHT="46" WIDTH="13" VPOS="1239" HPOS="849"/>
                  <String HEIGHT="46"
                          WIDTH="119"
                          VPOS="1239"
                          HPOS="809"
                          CONTENT="albus"/>
                  <SP HEIGHT="46" WIDTH="13" VPOS="1239" HPOS="928"/>
                  <String HEIGHT="46"
                          WIDTH="105"
                          VPOS="1239"
                          HPOS="888"
                          CONTENT="tunc"/>
                  <SP HEIGHT="46" WIDTH="13" VPOS="1239" HPOS="994"/>
                  <String HEIGHT="46"
                          WIDTH="105"
                          VPOS="1239"
                          HPOS="954"
                          CONTENT="homo"/>
                  <SP HEIGHT="46" WIDTH="13" VPOS="1239" HPOS="1060"/>
                  <String HEIGHT="46" WIDTH="79" VPOS="1239" HPOS="1020" CONTENT="et"/>
                  <SP HEIGHT="46" WIDTH="13" VPOS="1239" HPOS="1099"/>
                  <String HEIGHT="46"
                          WIDTH="92"
                          VPOS="1239"
                          HPOS="1047"
                          CONTENT="album"/>
               </TextLine>
               <TextLine ID="r2l26"
                         BASELINE="1330"
                         HEIGHT="51"
                         WIDTH="711"
                         VPOS="1279"
                         HPOS="433">
                  <String HEIGHT="51" WIDTH="86" VPOS="1279" HPOS="421" CONTENT="non"/>
                  <SP HEIGHT="51" WIDTH="12" VPOS="1279" HPOS="507"/>
                  <String HEIGHT="51"
                          WIDTH="196"
                          VPOS="1279"
                          HPOS="470"
                          CONTENT="distinguntur"/>
                  <SP HEIGHT="51" WIDTH="12" VPOS="1279" HPOS="666"/>
                  <String HEIGHT="51" WIDTH="74" VPOS="1279" HPOS="629" CONTENT="si"/>
                  <SP HEIGHT="51" WIDTH="12" VPOS="1279" HPOS="703"/>
                  <String HEIGHT="51"
                          WIDTH="147"
                          VPOS="1279"
                          HPOS="666"
                          CONTENT="vtrumque"/>
                  <SP HEIGHT="51" WIDTH="12" VPOS="1279" HPOS="813"/>
                  <String HEIGHT="51"
                          WIDTH="123"
                          VPOS="1279"
                          HPOS="776"
                          CONTENT="habeat"/>
                  <SP HEIGHT="51" WIDTH="12" VPOS="1279" HPOS="899"/>
                  <String HEIGHT="51"
                          WIDTH="208"
                          VPOS="1279"
                          HPOS="862"
                          CONTENT="suppositionem"/>
                  <SP HEIGHT="51" WIDTH="12" VPOS="1279" HPOS="1070"/>
                  <String HEIGHT="51"
                          WIDTH="123"
                          VPOS="1279"
                          HPOS="1021"
                          CONTENT="persona"
                          SUBS_TYPE="HypPart1"
                          SUBS_CONTENT="personalem:"/>
                  <HYP CONTENT="-"/>
               </TextLine>
               <TextLine ID="r2l27"
                         BASELINE="1376"
                         HEIGHT="52"
                         WIDTH="712"
                         VPOS="1324"
                         HPOS="433">
                  <String HEIGHT="52"
                          WIDTH="110"
                          VPOS="1324"
                          HPOS="419"
                          CONTENT="lem:"
                          SUBS_TYPE="HypPart2"
                          SUBS_CONTENT="personalem:"/>
                  <SP HEIGHT="52" WIDTH="14" VPOS="1324" HPOS="529"/>
                  <String HEIGHT="52"
                          WIDTH="110"
                          VPOS="1324"
                          HPOS="488"
                          CONTENT="quia"/>
                  <SP HEIGHT="52" WIDTH="14" VPOS="1324" HPOS="597"/>
                  <String HEIGHT="52"
                          WIDTH="164"
                          VPOS="1324"
                          HPOS="556"
                          CONTENT="vtrumque"/>
                  <SP HEIGHT="52" WIDTH="14" VPOS="1324" HPOS="721"/>
                  <String HEIGHT="52"
                          WIDTH="164"
                          VPOS="1324"
                          HPOS="679"
                          CONTENT="supponit"/>
                  <SP HEIGHT="52" WIDTH="14" VPOS="1324" HPOS="844"/>
                  <String HEIGHT="52" WIDTH="96" VPOS="1324" HPOS="803" CONTENT="pro"/>
                  <SP HEIGHT="52" WIDTH="14" VPOS="1324" HPOS="899"/>
                  <String HEIGHT="52"
                          WIDTH="137"
                          VPOS="1324"
                          HPOS="857"
                          CONTENT="natura"/>
                  <SP HEIGHT="52" WIDTH="14" VPOS="1324" HPOS="994"/>
                  <String HEIGHT="52"
                          WIDTH="164"
                          VPOS="1324"
                          HPOS="953"
                          CONTENT="subiecta"/>
                  <SP HEIGHT="52" WIDTH="14" VPOS="1324" HPOS="1118"/>
                  <String HEIGHT="52"
                          WIDTH="82"
                          VPOS="1324"
                          HPOS="1063"
                          CONTENT="albe"/>
               </TextLine>
               <TextLine ID="r2l28"
                         BASELINE="1418"
                         HEIGHT="60"
                         WIDTH="707"
                         VPOS="1358"
                         HPOS="441">
                  <String HEIGHT="60"
                          WIDTH="118"
                          VPOS="1358"
                          HPOS="428"
                          CONTENT="dini."/>
                  <SP HEIGHT="60" WIDTH="13" VPOS="1358" HPOS="546"/>
                  <String HEIGHT="60" WIDTH="92" VPOS="1358" HPOS="506" CONTENT="sed"/>
                  <SP HEIGHT="60" WIDTH="13" VPOS="1358" HPOS="598"/>
                  <String HEIGHT="60"
                          WIDTH="157"
                          VPOS="1358"
                          HPOS="559"
                          CONTENT="loquendo"/>
                  <SP HEIGHT="60" WIDTH="13" VPOS="1358" HPOS="716"/>
                  <String HEIGHT="60" WIDTH="79" VPOS="1358" HPOS="677" CONTENT="de"/>
                  <SP HEIGHT="60" WIDTH="13" VPOS="1358" HPOS="755"/>
                  <String HEIGHT="60"
                          WIDTH="183"
                          VPOS="1358"
                          HPOS="716"
                          CONTENT="humanitate"/>
                  <SP HEIGHT="60" WIDTH="13" VPOS="1358" HPOS="899"/>
                  <String HEIGHT="60"
                          WIDTH="157"
                          VPOS="1358"
                          HPOS="860"
                          CONTENT="assumpta"/>
                  <SP HEIGHT="60" WIDTH="13" VPOS="1358" HPOS="1017"/>
                  <String HEIGHT="60"
                          WIDTH="105"
                          VPOS="1358"
                          HPOS="978"
                          CONTENT="tunc"/>
                  <SP HEIGHT="60" WIDTH="13" VPOS="1358" HPOS="1083"/>
                  <String HEIGHT="60"
                          WIDTH="105"
                          VPOS="1358"
                          HPOS="1043"
                          CONTENT="homo"/>
                  <SP HEIGHT="60" WIDTH="13" VPOS="1358" HPOS="1148"/>
                  <String HEIGHT="60" WIDTH="52" VPOS="1358" HPOS="1096" CONTENT="et"/>
               </TextLine>
               <TextLine ID="r2l29"
                         BASELINE="1460"
                         HEIGHT="53"
                         WIDTH="718"
                         VPOS="1407"
                         HPOS="436">
                  <String HEIGHT="53"
                          WIDTH="101"
                          VPOS="1407"
                          HPOS="423"
                          CONTENT="illa"/>
                  <SP HEIGHT="53" WIDTH="13" VPOS="1407" HPOS="524"/>
                  <String HEIGHT="53"
                          WIDTH="164"
                          VPOS="1407"
                          HPOS="486"
                          CONTENT="humanitas"/>
                  <SP HEIGHT="53" WIDTH="13" VPOS="1407" HPOS="650"/>
                  <String HEIGHT="53"
                          WIDTH="113"
                          VPOS="1407"
                          HPOS="612"
                          CONTENT="prout"/>
                  <SP HEIGHT="53" WIDTH="13" VPOS="1407" HPOS="726"/>
                  <String HEIGHT="53"
                          WIDTH="151"
                          VPOS="1407"
                          HPOS="688"
                          CONTENT="vtrumque"/>
                  <SP HEIGHT="53" WIDTH="13" VPOS="1407" HPOS="839"/>
                  <String HEIGHT="53"
                          WIDTH="113"
                          VPOS="1407"
                          HPOS="801"
                          CONTENT="habet"/>
                  <SP HEIGHT="53" WIDTH="13" VPOS="1407" HPOS="915"/>
                  <String HEIGHT="53"
                          WIDTH="214"
                          VPOS="1407"
                          HPOS="877"
                          CONTENT="suppositionem"/>
                  <SP HEIGHT="53" WIDTH="13" VPOS="1407" HPOS="1091"/>
                  <String HEIGHT="53"
                          WIDTH="113"
                          VPOS="1407"
                          HPOS="1041"
                          CONTENT="persona"/>
               </TextLine>
               <TextLine ID="r2l30"
                         BASELINE="1506"
                         HEIGHT="61"
                         WIDTH="710"
                         VPOS="1445"
                         HPOS="432">
                  <String HEIGHT="61" WIDTH="84" VPOS="1445" HPOS="420" CONTENT="lem"/>
                  <SP HEIGHT="61" WIDTH="12" VPOS="1445" HPOS="504"/>
                  <String HEIGHT="61"
                          WIDTH="205"
                          VPOS="1445"
                          HPOS="468"
                          CONTENT="distinguntur:"/>
                  <SP HEIGHT="61" WIDTH="12" VPOS="1445" HPOS="673"/>
                  <String HEIGHT="61"
                          WIDTH="96"
                          VPOS="1445"
                          HPOS="637"
                          CONTENT="quia"/>
                  <SP HEIGHT="61" WIDTH="12" VPOS="1445" HPOS="733"/>
                  <String HEIGHT="61"
                          WIDTH="144"
                          VPOS="1445"
                          HPOS="697"
                          CONTENT="supponit"/>
                  <SP HEIGHT="61" WIDTH="12" VPOS="1445" HPOS="841"/>
                  <String HEIGHT="61" WIDTH="72" VPOS="1445" HPOS="805" CONTENT="lo"/>
                  <SP HEIGHT="61" WIDTH="12" VPOS="1445" HPOS="877"/>
                  <String HEIGHT="61"
                          WIDTH="96"
                          VPOS="1445"
                          HPOS="841"
                          CONTENT="homo"/>
                  <SP HEIGHT="61" WIDTH="12" VPOS="1445" HPOS="937"/>
                  <String HEIGHT="61" WIDTH="84" VPOS="1445" HPOS="901" CONTENT="pro"/>
                  <SP HEIGHT="61" WIDTH="12" VPOS="1445" HPOS="986"/>
                  <String HEIGHT="61"
                          WIDTH="156"
                          VPOS="1445"
                          HPOS="949"
                          CONTENT="supposito"/>
                  <SP HEIGHT="61" WIDTH="12" VPOS="1445" HPOS="1106"/>
                  <String HEIGHT="61"
                          WIDTH="84"
                          VPOS="1445"
                          HPOS="1058"
                          CONTENT="diino"/>
               </TextLine>
               <TextLine ID="r2l31"
                         BASELINE="1542"
                         HEIGHT="53"
                         WIDTH="701"
                         VPOS="1489"
                         HPOS="438">
                  <String HEIGHT="53" WIDTH="91" VPOS="1489" HPOS="423" CONTENT="et"/>
                  <SP HEIGHT="53" WIDTH="15" VPOS="1489" HPOS="514"/>
                  <String HEIGHT="53" WIDTH="91" VPOS="1489" HPOS="468" CONTENT="lo"/>
                  <SP HEIGHT="53" WIDTH="15" VPOS="1489" HPOS="560"/>
                  <String HEIGHT="53"
                          WIDTH="183"
                          VPOS="1489"
                          HPOS="514"
                          CONTENT="huanitas"/>
                  <SP HEIGHT="53" WIDTH="15" VPOS="1489" HPOS="697"/>
                  <String HEIGHT="53"
                          WIDTH="107"
                          VPOS="1489"
                          HPOS="651"
                          CONTENT="pro"/>
                  <SP HEIGHT="53" WIDTH="15" VPOS="1489" HPOS="758"/>
                  <String HEIGHT="53"
                          WIDTH="152"
                          VPOS="1489"
                          HPOS="712"
                          CONTENT="natura"/>
                  <SP HEIGHT="53" WIDTH="15" VPOS="1489" HPOS="865"/>
                  <String HEIGHT="53"
                          WIDTH="168"
                          VPOS="1489"
                          HPOS="819"
                          CONTENT="humana."/>
                  <SP HEIGHT="53" WIDTH="15" VPOS="1489" HPOS="987"/>
                  <String HEIGHT="53"
                          WIDTH="122"
                          VPOS="1489"
                          HPOS="941"
                          CONTENT="Tunc"/>
                  <SP HEIGHT="53" WIDTH="15" VPOS="1489" HPOS="1063"/>
                  <String HEIGHT="53"
                          WIDTH="137"
                          VPOS="1489"
                          HPOS="1002"
                          CONTENT="dicendo"/>
               </TextLine>
               <TextLine ID="r2l32"
                         BASELINE="1600"
                         HEIGHT="67"
                         WIDTH="691"
                         VPOS="1533"
                         HPOS="447">
                  <String HEIGHT="67"
                          WIDTH="95"
                          VPOS="1533"
                          HPOS="435"
                          CONTENT="quod"/>
                  <SP HEIGHT="67" WIDTH="12" VPOS="1533" HPOS="530"/>
                  <String HEIGHT="67"
                          WIDTH="143"
                          VPOS="1533"
                          HPOS="495"
                          CONTENT="loquendo"/>
                  <SP HEIGHT="67" WIDTH="12" VPOS="1533" HPOS="638"/>
                  <String HEIGHT="67" WIDTH="71" VPOS="1533" HPOS="602" CONTENT="de"/>
                  <SP HEIGHT="67" WIDTH="12" VPOS="1533" HPOS="673"/>
                  <String HEIGHT="67"
                          WIDTH="155"
                          VPOS="1533"
                          HPOS="638"
                          CONTENT="huanitate"/>
                  <SP HEIGHT="67" WIDTH="12" VPOS="1533" HPOS="793"/>
                  <String HEIGHT="67" WIDTH="83" VPOS="1533" HPOS="757" CONTENT="non"/>
                  <SP HEIGHT="67" WIDTH="12" VPOS="1533" HPOS="840"/>
                  <String HEIGHT="67"
                          WIDTH="143"
                          VPOS="1533"
                          HPOS="804"
                          CONTENT="assumpta"/>
                  <SP HEIGHT="67" WIDTH="12" VPOS="1533" HPOS="947"/>
                  <String HEIGHT="67" WIDTH="71" VPOS="1533" HPOS="912" CONTENT="et"/>
                  <SP HEIGHT="67" WIDTH="12" VPOS="1533" HPOS="983"/>
                  <String HEIGHT="67"
                          WIDTH="119"
                          VPOS="1533"
                          HPOS="947"
                          CONTENT="homine"/>
                  <SP HEIGHT="67" WIDTH="12" VPOS="1533" HPOS="1067"/>
                  <String HEIGHT="67"
                          WIDTH="95"
                          VPOS="1533"
                          HPOS="1031"
                          CONTENT="quod"/>
                  <SP HEIGHT="67" WIDTH="12" VPOS="1533" HPOS="1126"/>
                  <String HEIGHT="67"
                          WIDTH="60"
                          VPOS="1533"
                          HPOS="1078"
                          CONTENT="hoc"/>
               </TextLine>
               <TextLine ID="r2l33"
                         BASELINE="1636"
                         HEIGHT="58"
                         WIDTH="710"
                         VPOS="1578"
                         HPOS="438">
                  <String HEIGHT="58" WIDTH="75" VPOS="1578" HPOS="427" CONTENT="est"/>
                  <SP HEIGHT="58" WIDTH="11" VPOS="1578" HPOS="503"/>
                  <String HEIGHT="58"
                          WIDTH="97"
                          VPOS="1578"
                          HPOS="470"
                          CONTENT="vera."/>
                  <SP HEIGHT="58" WIDTH="11" VPOS="1578" HPOS="567"/>
                  <String HEIGHT="58"
                          WIDTH="86"
                          VPOS="1578"
                          HPOS="535"
                          CONTENT="iste"/>
                  <SP HEIGHT="58" WIDTH="11" VPOS="1578" HPOS="621"/>
                  <String HEIGHT="58"
                          WIDTH="86"
                          VPOS="1578"
                          HPOS="589"
                          CONTENT="homo"/>
                  <SP HEIGHT="58" WIDTH="11" VPOS="1578" HPOS="675"/>
                  <String HEIGHT="58"
                          WIDTH="108"
                          VPOS="1578"
                          HPOS="642"
                          CONTENT="potest"/>
                  <SP HEIGHT="58" WIDTH="11" VPOS="1578" HPOS="750"/>
                  <String HEIGHT="58"
                          WIDTH="86"
                          VPOS="1578"
                          HPOS="718"
                          CONTENT="esse"/>
                  <SP HEIGHT="58" WIDTH="11" VPOS="1578" HPOS="804"/>
                  <String HEIGHT="58"
                          WIDTH="151"
                          VPOS="1578"
                          HPOS="771"
                          CONTENT="assumptus:"/>
                  <SP HEIGHT="58" WIDTH="11" VPOS="1578" HPOS="922"/>
                  <String HEIGHT="58" WIDTH="65" VPOS="1578" HPOS="890" CONTENT="et"/>
                  <SP HEIGHT="58" WIDTH="11" VPOS="1578" HPOS="954"/>
                  <String HEIGHT="58"
                          WIDTH="97"
                          VPOS="1578"
                          HPOS="922"
                          CONTENT="tamen"/>
                  <SP HEIGHT="58" WIDTH="11" VPOS="1578" HPOS="1019"/>
                  <String HEIGHT="58"
                          WIDTH="86"
                          VPOS="1578"
                          HPOS="987"
                          CONTENT="haec"/>
                  <SP HEIGHT="58" WIDTH="11" VPOS="1578" HPOS="1073"/>
                  <String HEIGHT="58"
                          WIDTH="75"
                          VPOS="1578"
                          HPOS="1040"
                          CONTENT="est"/>
                  <SP HEIGHT="58" WIDTH="11" VPOS="1578" HPOS="1116"/>
                  <String HEIGHT="58"
                          WIDTH="75"
                          VPOS="1578"
                          HPOS="1073"
                          CONTENT="impos"/>
               </TextLine>
               <TextLine ID="r2l34"
                         BASELINE="1682"
                         HEIGHT="61"
                         WIDTH="713"
                         VPOS="1621"
                         HPOS="438">
                  <String HEIGHT="61"
                          WIDTH="119"
                          VPOS="1621"
                          HPOS="427"
                          CONTENT="sibilis"/>
                  <SP HEIGHT="61" WIDTH="11" VPOS="1621" HPOS="546"/>
                  <String HEIGHT="61"
                          WIDTH="86"
                          VPOS="1621"
                          HPOS="514"
                          CONTENT="iste"/>
                  <SP HEIGHT="61" WIDTH="11" VPOS="1621" HPOS="600"/>
                  <String HEIGHT="61"
                          WIDTH="86"
                          VPOS="1621"
                          HPOS="568"
                          CONTENT="homo"/>
                  <SP HEIGHT="61" WIDTH="11" VPOS="1621" HPOS="654"/>
                  <String HEIGHT="61" WIDTH="76" VPOS="1621" HPOS="622" CONTENT="est"/>
                  <SP HEIGHT="61" WIDTH="11" VPOS="1621" HPOS="697"/>
                  <String HEIGHT="61"
                          WIDTH="151"
                          VPOS="1621"
                          HPOS="665"
                          CONTENT="assumptus:"/>
                  <SP HEIGHT="61" WIDTH="11" VPOS="1621" HPOS="816"/>
                  <String HEIGHT="61" WIDTH="76" VPOS="1621" HPOS="784" CONTENT="sed"/>
                  <SP HEIGHT="61" WIDTH="11" VPOS="1621" HPOS="859"/>
                  <String HEIGHT="61" WIDTH="76" VPOS="1621" HPOS="827" CONTENT="hoc"/>
                  <SP HEIGHT="61" WIDTH="11" VPOS="1621" HPOS="903"/>
                  <String HEIGHT="61"
                          WIDTH="140"
                          VPOS="1621"
                          HPOS="870"
                          CONTENT="humanitas"/>
                  <SP HEIGHT="61" WIDTH="11" VPOS="1621" HPOS="1011"/>
                  <String HEIGHT="61"
                          WIDTH="108"
                          VPOS="1621"
                          HPOS="978"
                          CONTENT="potest"/>
                  <SP HEIGHT="61" WIDTH="11" VPOS="1621" HPOS="1086"/>
                  <String HEIGHT="61"
                          WIDTH="86"
                          VPOS="1621"
                          HPOS="1054"
                          CONTENT="esse"/>
                  <SP HEIGHT="61" WIDTH="11" VPOS="1621" HPOS="1140"/>
                  <String HEIGHT="61"
                          WIDTH="54"
                          VPOS="1621"
                          HPOS="1097"
                          CONTENT="as"
                          SUBS_TYPE="HypPart1"
                          SUBS_CONTENT="assumpta"/>
                  <HYP CONTENT="-"/>
               </TextLine>
               <TextLine ID="r2l35"
                         BASELINE="1721"
                         HEIGHT="53"
                         WIDTH="706"
                         VPOS="1668"
                         HPOS="435">
                  <String HEIGHT="53"
                          WIDTH="124"
                          VPOS="1668"
                          HPOS="423"
                          CONTENT="sumpta"
                          SUBS_TYPE="HypPart2"
                          SUBS_CONTENT="assumpta"/>
                  <SP HEIGHT="53" WIDTH="12" VPOS="1668" HPOS="546"/>
                  <String HEIGHT="53" WIDTH="87" VPOS="1668" HPOS="509" CONTENT="est"/>
                  <SP HEIGHT="53" WIDTH="12" VPOS="1668" HPOS="596"/>
                  <String HEIGHT="53"
                          WIDTH="111"
                          VPOS="1668"
                          HPOS="559"
                          CONTENT="vera:"/>
                  <SP HEIGHT="53" WIDTH="12" VPOS="1668" HPOS="670"/>
                  <String HEIGHT="53" WIDTH="74" VPOS="1668" HPOS="633" CONTENT="et"/>
                  <SP HEIGHT="53" WIDTH="12" VPOS="1668" HPOS="707"/>
                  <String HEIGHT="53" WIDTH="87" VPOS="1668" HPOS="670" CONTENT="hoc"/>
                  <SP HEIGHT="53" WIDTH="12" VPOS="1668" HPOS="757"/>
                  <String HEIGHT="53"
                          WIDTH="161"
                          VPOS="1668"
                          HPOS="720"
                          CONTENT="similiter"/>
                  <SP HEIGHT="53" WIDTH="12" VPOS="1668" HPOS="881"/>
                  <String HEIGHT="53"
                          WIDTH="161"
                          VPOS="1668"
                          HPOS="844"
                          CONTENT="humanitas"/>
                  <SP HEIGHT="53" WIDTH="12" VPOS="1668" HPOS="1005"/>
                  <String HEIGHT="53" WIDTH="87" VPOS="1668" HPOS="968" CONTENT="est"/>
                  <SP HEIGHT="53" WIDTH="12" VPOS="1668" HPOS="1054"/>
                  <String HEIGHT="53"
                          WIDTH="136"
                          VPOS="1668"
                          HPOS="1005"
                          CONTENT="assumpta"
                          SUBS_TYPE="HypPart1"
                          SUBS_CONTENT="assumptatota"/>
                  <HYP CONTENT="-"/>
               </TextLine>
               <TextLine ID="r2l36"
                         BASELINE="1766"
                         HEIGHT="59"
                         WIDTH="695"
                         VPOS="1707"
                         HPOS="448">
                  <String HEIGHT="59"
                          WIDTH="86"
                          VPOS="1707"
                          HPOS="437"
                          CONTENT="tota"
                          SUBS_TYPE="HypPart2"
                          SUBS_CONTENT="assumptatota"/>
                  <SP HEIGHT="59" WIDTH="11" VPOS="1707" HPOS="523"/>
                  <String HEIGHT="59"
                          WIDTH="96"
                          VPOS="1707"
                          HPOS="491"
                          CONTENT="causa"/>
                  <SP HEIGHT="59" WIDTH="11" VPOS="1707" HPOS="587"/>
                  <String HEIGHT="59"
                          WIDTH="118"
                          VPOS="1707"
                          HPOS="555"
                          CONTENT="istorum"/>
                  <SP HEIGHT="59" WIDTH="11" VPOS="1707" HPOS="673"/>
                  <String HEIGHT="59"
                          WIDTH="86"
                          VPOS="1707"
                          HPOS="640"
                          CONTENT="est:"/>
                  <SP HEIGHT="59" WIDTH="11" VPOS="1707" HPOS="726"/>
                  <String HEIGHT="59"
                          WIDTH="86"
                          VPOS="1707"
                          HPOS="694"
                          CONTENT="quia"/>
                  <SP HEIGHT="59" WIDTH="11" VPOS="1707" HPOS="779"/>
                  <String HEIGHT="59"
                          WIDTH="118"
                          VPOS="1707"
                          HPOS="747"
                          CONTENT="aliquid"/>
                  <SP HEIGHT="59" WIDTH="11" VPOS="1707" HPOS="865"/>
                  <String HEIGHT="59"
                          WIDTH="150"
                          VPOS="1707"
                          HPOS="833"
                          CONTENT="connotatur"/>
                  <SP HEIGHT="59" WIDTH="11" VPOS="1707" HPOS="983"/>
                  <String HEIGHT="59" WIDTH="64" VPOS="1707" HPOS="951" CONTENT="et"/>
                  <SP HEIGHT="59" WIDTH="11" VPOS="1707" HPOS="1015"/>
                  <String HEIGHT="59"
                          WIDTH="150"
                          VPOS="1707"
                          HPOS="983"
                          CONTENT="implicatur"/>
                  <SP HEIGHT="59" WIDTH="11" VPOS="1707" HPOS="1132"/>
                  <String HEIGHT="59"
                          WIDTH="53"
                          VPOS="1707"
                          HPOS="1090"
                          CONTENT="per"/>
               </TextLine>
               <TextLine ID="r2l37"
                         BASELINE="1805"
                         HEIGHT="53"
                         WIDTH="714"
                         VPOS="1752"
                         HPOS="444">
                  <String HEIGHT="53"
                          WIDTH="95"
                          VPOS="1752"
                          HPOS="432"
                          CONTENT="vnam"/>
                  <SP HEIGHT="53" WIDTH="12" VPOS="1752" HPOS="527"/>
                  <String HEIGHT="53"
                          WIDTH="202"
                          VPOS="1752"
                          HPOS="492"
                          CONTENT="propositionem"/>
                  <SP HEIGHT="53" WIDTH="12" VPOS="1752" HPOS="694"/>
                  <String HEIGHT="53"
                          WIDTH="95"
                          VPOS="1752"
                          HPOS="658"
                          CONTENT="quod"/>
                  <SP HEIGHT="53" WIDTH="12" VPOS="1752" HPOS="753"/>
                  <String HEIGHT="53" WIDTH="83" VPOS="1752" HPOS="718" CONTENT="non"/>
                  <SP HEIGHT="53" WIDTH="12" VPOS="1752" HPOS="801"/>
                  <String HEIGHT="53" WIDTH="83" VPOS="1752" HPOS="765" CONTENT="per"/>
                  <SP HEIGHT="53" WIDTH="12" VPOS="1752" HPOS="849"/>
                  <String HEIGHT="53"
                          WIDTH="119"
                          VPOS="1752"
                          HPOS="813"
                          CONTENT="aliam."/>
                  <SP HEIGHT="53" WIDTH="12" VPOS="1752" HPOS="932"/>
                  <String HEIGHT="53" WIDTH="83" VPOS="1752" HPOS="896" CONTENT="nam"/>
                  <SP HEIGHT="53" WIDTH="12" VPOS="1752" HPOS="980"/>
                  <String HEIGHT="53"
                          WIDTH="119"
                          VPOS="1752"
                          HPOS="944"
                          CONTENT="quando"/>
                  <SP HEIGHT="53" WIDTH="12" VPOS="1752" HPOS="1063"/>
                  <String HEIGHT="53"
                          WIDTH="131"
                          VPOS="1752"
                          HPOS="1027"
                          CONTENT="dicimus"/>
                  <SP HEIGHT="53" WIDTH="12" VPOS="1752" HPOS="1158"/>
                  <String HEIGHT="53" WIDTH="48" VPOS="1752" HPOS="1110" CONTENT="ho"/>
               </TextLine>
               <TextLine ID="r2l38"
                         BASELINE="1855"
                         HEIGHT="63"
                         WIDTH="712"
                         VPOS="1792"
                         HPOS="449">
                  <String HEIGHT="63"
                          WIDTH="107"
                          VPOS="1792"
                          HPOS="437"
                          CONTENT="otest"/>
                  <SP HEIGHT="63" WIDTH="12" VPOS="1792" HPOS="544"/>
                  <String HEIGHT="63"
                          WIDTH="95"
                          VPOS="1792"
                          HPOS="508"
                          CONTENT="esse"/>
                  <SP HEIGHT="63" WIDTH="12" VPOS="1792" HPOS="603"/>
                  <String HEIGHT="63"
                          WIDTH="166"
                          VPOS="1792"
                          HPOS="568"
                          CONTENT="assumptus:"/>
                  <SP HEIGHT="63" WIDTH="12" VPOS="1792" HPOS="734"/>
                  <String HEIGHT="63" WIDTH="71" VPOS="1792" HPOS="698" CONTENT="lp"/>
                  <SP HEIGHT="63" WIDTH="12" VPOS="1792" HPOS="769"/>
                  <String HEIGHT="63"
                          WIDTH="95"
                          VPOS="1792"
                          HPOS="734"
                          CONTENT="homo"/>
                  <SP HEIGHT="63" WIDTH="12" VPOS="1792" HPOS="829"/>
                  <String HEIGHT="63" WIDTH="71" VPOS="1792" HPOS="793" CONTENT="vt"/>
                  <SP HEIGHT="63" WIDTH="12" VPOS="1792" HPOS="864"/>
                  <String HEIGHT="63"
                          WIDTH="107"
                          VPOS="1792"
                          HPOS="829"
                          CONTENT="habet"/>
                  <SP HEIGHT="63" WIDTH="12" VPOS="1792" HPOS="936"/>
                  <String HEIGHT="63"
                          WIDTH="214"
                          VPOS="1792"
                          HPOS="900"
                          CONTENT="distributionem"/>
                  <SP HEIGHT="63" WIDTH="12" VPOS="1792" HPOS="1114"/>
                  <String HEIGHT="63"
                          WIDTH="95"
                          VPOS="1792"
                          HPOS="1066"
                          CONTENT="perso"
                          SUBS_TYPE="HypPart1"
                          SUBS_CONTENT="personalem"/>
                  <HYP CONTENT="-"/>
               </TextLine>
               <TextLine ID="r2l39"
                         BASELINE="1891"
                         HEIGHT="50"
                         WIDTH="712"
                         VPOS="1841"
                         HPOS="444">
                  <String HEIGHT="50"
                          WIDTH="136"
                          VPOS="1841"
                          HPOS="429"
                          CONTENT="nalem"
                          SUBS_TYPE="HypPart2"
                          SUBS_CONTENT="personalem"/>
                  <SP HEIGHT="50" WIDTH="15" VPOS="1841" HPOS="565"/>
                  <String HEIGHT="50"
                          WIDTH="182"
                          VPOS="1841"
                          HPOS="520"
                          CONTENT="supponit"/>
                  <SP HEIGHT="50" WIDTH="15" VPOS="1841" HPOS="702"/>
                  <String HEIGHT="50"
                          WIDTH="106"
                          VPOS="1841"
                          HPOS="656"
                          CONTENT="pro"/>
                  <SP HEIGHT="50" WIDTH="15" VPOS="1841" HPOS="762"/>
                  <String HEIGHT="50"
                          WIDTH="151"
                          VPOS="1841"
                          HPOS="717"
                          CONTENT="natura"/>
                  <SP HEIGHT="50" WIDTH="15" VPOS="1841" HPOS="868"/>
                  <String HEIGHT="50"
                          WIDTH="151"
                          VPOS="1841"
                          HPOS="823"
                          CONTENT="humana"/>
                  <SP HEIGHT="50" WIDTH="15" VPOS="1841" HPOS="974"/>
                  <String HEIGHT="50"
                          WIDTH="106"
                          VPOS="1841"
                          HPOS="929"
                          CONTENT="non"/>
                  <SP HEIGHT="50" WIDTH="15" VPOS="1841" HPOS="1035"/>
                  <String HEIGHT="50"
                          WIDTH="182"
                          VPOS="1841"
                          HPOS="974"
                          CONTENT="dependente"/>
               </TextLine>
               <TextLine ID="r2l40"
                         BASELINE="1940"
                         HEIGHT="58"
                         WIDTH="707"
                         VPOS="1882"
                         HPOS="440">
                  <String HEIGHT="58" WIDTH="67" VPOS="1882" HPOS="429" CONTENT="ab"/>
                  <SP HEIGHT="58" WIDTH="11" VPOS="1882" HPOS="496"/>
                  <String HEIGHT="58"
                          WIDTH="112"
                          VPOS="1882"
                          HPOS="462"
                          CONTENT="aliquo"/>
                  <SP HEIGHT="58" WIDTH="11" VPOS="1882" HPOS="575"/>
                  <String HEIGHT="58"
                          WIDTH="146"
                          VPOS="1882"
                          HPOS="541"
                          CONTENT="supposito"/>
                  <SP HEIGHT="58" WIDTH="11" VPOS="1882" HPOS="687"/>
                  <String HEIGHT="58" WIDTH="67" VPOS="1882" HPOS="653" CONTENT="et"/>
                  <SP HEIGHT="58" WIDTH="11" VPOS="1882" HPOS="721"/>
                  <String HEIGHT="58"
                          WIDTH="123"
                          VPOS="1882"
                          HPOS="687"
                          CONTENT="virtute"/>
                  <SP HEIGHT="58" WIDTH="11" VPOS="1882" HPOS="810"/>
                  <String HEIGHT="58"
                          WIDTH="112"
                          VPOS="1882"
                          HPOS="777"
                          CONTENT="istius"/>
                  <SP HEIGHT="58" WIDTH="11" VPOS="1882" HPOS="889"/>
                  <String HEIGHT="58"
                          WIDTH="191"
                          VPOS="1882"
                          HPOS="855"
                          CONTENT="propositionis"/>
                  <SP HEIGHT="58" WIDTH="11" VPOS="1882" HPOS="1046"/>
                  <String HEIGHT="58"
                          WIDTH="90"
                          VPOS="1882"
                          HPOS="1012"
                          CONTENT="homo"/>
                  <SP HEIGHT="58" WIDTH="11" VPOS="1882" HPOS="1102"/>
                  <String HEIGHT="58"
                          WIDTH="90"
                          VPOS="1882"
                          HPOS="1057"
                          CONTENT="potest"/>
               </TextLine>
               <TextLine ID="r2l41"
                         BASELINE="1983"
                         HEIGHT="59"
                         WIDTH="706"
                         VPOS="1924"
                         HPOS="445">
                  <String HEIGHT="59"
                          WIDTH="103"
                          VPOS="1924"
                          HPOS="432"
                          CONTENT="esse"/>
                  <SP HEIGHT="59" WIDTH="13" VPOS="1924" HPOS="535"/>
                  <String HEIGHT="59"
                          WIDTH="167"
                          VPOS="1924"
                          HPOS="496"
                          CONTENT="assumptus"/>
                  <SP HEIGHT="59" WIDTH="13" VPOS="1924" HPOS="663"/>
                  <String HEIGHT="59"
                          WIDTH="205"
                          VPOS="1924"
                          HPOS="625"
                          CONTENT="intelligitur"/>
                  <SP HEIGHT="59" WIDTH="13" VPOS="1924" HPOS="830"/>
                  <String HEIGHT="59"
                          WIDTH="103"
                          VPOS="1924"
                          HPOS="792"
                          CONTENT="quod"/>
                  <SP HEIGHT="59" WIDTH="13" VPOS="1924" HPOS="894"/>
                  <String HEIGHT="59"
                          WIDTH="128"
                          VPOS="1924"
                          HPOS="856"
                          CONTENT="natura"/>
                  <SP HEIGHT="59" WIDTH="13" VPOS="1924" HPOS="984"/>
                  <String HEIGHT="59"
                          WIDTH="128"
                          VPOS="1924"
                          HPOS="946"
                          CONTENT="humana"/>
                  <SP HEIGHT="59" WIDTH="13" VPOS="1924" HPOS="1074"/>
                  <String HEIGHT="59"
                          WIDTH="103"
                          VPOS="1924"
                          HPOS="1035"
                          CONTENT="quae"/>
                  <SP HEIGHT="59" WIDTH="13" VPOS="1924" HPOS="1138"/>
                  <String HEIGHT="59"
                          WIDTH="64"
                          VPOS="1924"
                          HPOS="1087"
                          CONTENT="non"/>
               </TextLine>
               <TextLine ID="r2l42"
                         BASELINE="2021"
                         HEIGHT="45"
                         WIDTH="709"
                         VPOS="1976"
                         HPOS="448">
                  <String HEIGHT="45"
                          WIDTH="161"
                          VPOS="1976"
                          HPOS="435"
                          CONTENT="dependet"/>
                  <SP HEIGHT="45" WIDTH="13" VPOS="1976" HPOS="595"/>
                  <String HEIGHT="45" WIDTH="80" VPOS="1976" HPOS="555" CONTENT="ab"/>
                  <SP HEIGHT="45" WIDTH="13" VPOS="1976" HPOS="635"/>
                  <String HEIGHT="45"
                          WIDTH="134"
                          VPOS="1976"
                          HPOS="595"
                          CONTENT="aliquo"/>
                  <SP HEIGHT="45" WIDTH="13" VPOS="1976" HPOS="729"/>
                  <String HEIGHT="45"
                          WIDTH="134"
                          VPOS="1976"
                          HPOS="689"
                          CONTENT="potest"/>
                  <SP HEIGHT="45" WIDTH="13" VPOS="1976" HPOS="823"/>
                  <String HEIGHT="45"
                          WIDTH="134"
                          VPOS="1976"
                          HPOS="782"
                          CONTENT="inniti"/>
                  <SP HEIGHT="45" WIDTH="13" VPOS="1976" HPOS="916"/>
                  <String HEIGHT="45" WIDTH="80" VPOS="1976" HPOS="876" CONTENT="et"/>
                  <SP HEIGHT="45" WIDTH="13" VPOS="1976" HPOS="956"/>
                  <String HEIGHT="45"
                          WIDTH="174"
                          VPOS="1976"
                          HPOS="916"
                          CONTENT="dependere"/>
                  <SP HEIGHT="45" WIDTH="13" VPOS="1976" HPOS="1090"/>
                  <String HEIGHT="45" WIDTH="80" VPOS="1976" HPOS="1050" CONTENT="ad"/>
                  <SP HEIGHT="45" WIDTH="13" VPOS="1976" HPOS="1130"/>
                  <String HEIGHT="45"
                          WIDTH="80"
                          VPOS="1976"
                          HPOS="1077"
                          CONTENT="sup"
                          SUBS_TYPE="HypPart1"
                          SUBS_CONTENT="suppositum"/>
                  <HYP CONTENT="-"/>
               </TextLine>
               <TextLine ID="r2l43"
                         BASELINE="2071"
                         HEIGHT="61"
                         WIDTH="706"
                         VPOS="2010"
                         HPOS="450">
                  <String HEIGHT="61"
                          WIDTH="125"
                          VPOS="2010"
                          HPOS="439"
                          CONTENT="positum"
                          SUBS_TYPE="HypPart2"
                          SUBS_CONTENT="suppositum"/>
                  <SP HEIGHT="61" WIDTH="11" VPOS="2010" HPOS="564"/>
                  <String HEIGHT="61"
                          WIDTH="137"
                          VPOS="2010"
                          HPOS="530"
                          CONTENT="diuinum:"/>
                  <SP HEIGHT="61" WIDTH="11" VPOS="2010" HPOS="666"/>
                  <String HEIGHT="61" WIDTH="68" VPOS="2010" HPOS="632" CONTENT="et"/>
                  <SP HEIGHT="61" WIDTH="11" VPOS="2010" HPOS="701"/>
                  <String HEIGHT="61" WIDTH="80" VPOS="2010" HPOS="666" CONTENT="hoc"/>
                  <SP HEIGHT="61" WIDTH="11" VPOS="2010" HPOS="746"/>
                  <String HEIGHT="61"
                          WIDTH="102"
                          VPOS="2010"
                          HPOS="712"
                          CONTENT="verum"/>
                  <SP HEIGHT="61" WIDTH="11" VPOS="2010" HPOS="814"/>
                  <String HEIGHT="61"
                          WIDTH="91"
                          VPOS="2010"
                          HPOS="780"
                          CONTENT="est."/>
                  <SP HEIGHT="61" WIDTH="11" VPOS="2010" HPOS="871"/>
                  <String HEIGHT="61" WIDTH="80" VPOS="2010" HPOS="837" CONTENT="sed"/>
                  <SP HEIGHT="61" WIDTH="11" VPOS="2010" HPOS="917"/>
                  <String HEIGHT="61"
                          WIDTH="114"
                          VPOS="2010"
                          HPOS="883"
                          CONTENT="quando"/>
                  <SP HEIGHT="61" WIDTH="11" VPOS="2010" HPOS="997"/>
                  <String HEIGHT="61"
                          WIDTH="125"
                          VPOS="2010"
                          HPOS="962"
                          CONTENT="dicimus"/>
                  <SP HEIGHT="61" WIDTH="11" VPOS="2010" HPOS="1088"/>
                  <String HEIGHT="61"
                          WIDTH="91"
                          VPOS="2010"
                          HPOS="1054"
                          CONTENT="homo"/>
                  <SP HEIGHT="61" WIDTH="11" VPOS="2010" HPOS="1145"/>
                  <String HEIGHT="61"
                          WIDTH="57"
                          VPOS="2010"
                          HPOS="1099"
                          CONTENT="est"/>
               </TextLine>
               <TextLine ID="r2l44"
                         BASELINE="2114"
                         HEIGHT="55"
                         WIDTH="704"
                         VPOS="2059"
                         HPOS="447">
                  <String HEIGHT="55"
                          WIDTH="139"
                          VPOS="2059"
                          HPOS="436"
                          CONTENT="assumptus"/>
                  <SP HEIGHT="55" WIDTH="11" VPOS="2059" HPOS="575"/>
                  <String HEIGHT="55" WIDTH="64" VPOS="2059" HPOS="543" CONTENT="lu"/>
                  <SP HEIGHT="55" WIDTH="11" VPOS="2059" HPOS="607"/>
                  <String HEIGHT="55"
                          WIDTH="85"
                          VPOS="2059"
                          HPOS="575"
                          CONTENT="homo"/>
                  <SP HEIGHT="55" WIDTH="11" VPOS="2059" HPOS="660"/>
                  <String HEIGHT="55" WIDTH="64" VPOS="2059" HPOS="628" CONTENT="vt"/>
                  <SP HEIGHT="55" WIDTH="11" VPOS="2059" HPOS="692"/>
                  <String HEIGHT="55"
                          WIDTH="96"
                          VPOS="2059"
                          HPOS="660"
                          CONTENT="prius"/>
                  <SP HEIGHT="55" WIDTH="11" VPOS="2059" HPOS="756"/>
                  <String HEIGHT="55"
                          WIDTH="128"
                          VPOS="2059"
                          HPOS="724"
                          CONTENT="secundum"/>
                  <SP HEIGHT="55" WIDTH="11" VPOS="2059" HPOS="852"/>
                  <String HEIGHT="55"
                          WIDTH="85"
                          VPOS="2059"
                          HPOS="820"
                          CONTENT="quod"/>
                  <SP HEIGHT="55" WIDTH="11" VPOS="2059" HPOS="906"/>
                  <String HEIGHT="55"
                          WIDTH="96"
                          VPOS="2059"
                          HPOS="874"
                          CONTENT="habet"/>
                  <SP HEIGHT="55" WIDTH="11" VPOS="2059" HPOS="970"/>
                  <String HEIGHT="55"
                          WIDTH="181"
                          VPOS="2059"
                          HPOS="938"
                          CONTENT="suppositionem"/>
                  <SP HEIGHT="55" WIDTH="11" VPOS="2059" HPOS="1119"/>
                  <String HEIGHT="55"
                          WIDTH="75"
                          VPOS="2059"
                          HPOS="1076"
                          CONTENT="perso"/>
               </TextLine>
               <TextLine ID="r2l45"
                         BASELINE="2153"
                         HEIGHT="45"
                         WIDTH="712"
                         VPOS="2108"
                         HPOS="445">
                  <String HEIGHT="45"
                          WIDTH="136"
                          VPOS="2108"
                          HPOS="430"
                          CONTENT="nalem"/>
                  <SP HEIGHT="45" WIDTH="15" VPOS="2108" HPOS="566"/>
                  <String HEIGHT="45"
                          WIDTH="182"
                          VPOS="2108"
                          HPOS="521"
                          CONTENT="supponit"/>
                  <SP HEIGHT="45" WIDTH="15" VPOS="2108" HPOS="703"/>
                  <String HEIGHT="45"
                          WIDTH="106"
                          VPOS="2108"
                          HPOS="657"
                          CONTENT="pro"/>
                  <SP HEIGHT="45" WIDTH="15" VPOS="2108" HPOS="763"/>
                  <String HEIGHT="45"
                          WIDTH="151"
                          VPOS="2108"
                          HPOS="718"
                          CONTENT="natura"/>
                  <SP HEIGHT="45" WIDTH="15" VPOS="2108" HPOS="869"/>
                  <String HEIGHT="45"
                          WIDTH="151"
                          VPOS="2108"
                          HPOS="824"
                          CONTENT="humana"/>
                  <SP HEIGHT="45" WIDTH="15" VPOS="2108" HPOS="975"/>
                  <String HEIGHT="45"
                          WIDTH="106"
                          VPOS="2108"
                          HPOS="930"
                          CONTENT="non"/>
                  <SP HEIGHT="45" WIDTH="15" VPOS="2108" HPOS="1036"/>
                  <String HEIGHT="45"
                          WIDTH="182"
                          VPOS="2108"
                          HPOS="975"
                          CONTENT="dependente"/>
               </TextLine>
               <TextLine ID="r2l46"
                         BASELINE="2200"
                         HEIGHT="58"
                         WIDTH="719"
                         VPOS="2142"
                         HPOS="441">
                  <String HEIGHT="58"
                          WIDTH="144"
                          VPOS="2142"
                          HPOS="431"
                          CONTENT="actualiter"/>
                  <SP HEIGHT="58" WIDTH="10" VPOS="2142" HPOS="575"/>
                  <String HEIGHT="58" WIDTH="62" VPOS="2142" HPOS="544" CONTENT="et"/>
                  <SP HEIGHT="58" WIDTH="10" VPOS="2142" HPOS="605"/>
                  <String HEIGHT="58" WIDTH="72" VPOS="2142" HPOS="575" CONTENT="per"/>
                  <SP HEIGHT="58" WIDTH="10" VPOS="2142" HPOS="646"/>
                  <String HEIGHT="58"
                          WIDTH="144"
                          VPOS="2142"
                          HPOS="616"
                          CONTENT="consequens"/>
                  <SP HEIGHT="58" WIDTH="10" VPOS="2142" HPOS="759"/>
                  <String HEIGHT="58" WIDTH="51" VPOS="2142" HPOS="729" CONTENT="a"/>
                  <SP HEIGHT="58" WIDTH="10" VPOS="2142" HPOS="780"/>
                  <String HEIGHT="58"
                          WIDTH="92"
                          VPOS="2142"
                          HPOS="749"
                          CONTENT="parte"/>
                  <SP HEIGHT="58" WIDTH="10" VPOS="2142" HPOS="842"/>
                  <String HEIGHT="58"
                          WIDTH="123"
                          VPOS="2142"
                          HPOS="811"
                          CONTENT="subiecti"/>
                  <SP HEIGHT="58" WIDTH="10" VPOS="2142" HPOS="934"/>
                  <String HEIGHT="58"
                          WIDTH="144"
                          VPOS="2142"
                          HPOS="903"
                          CONTENT="implicatur"/>
                  <SP HEIGHT="58" WIDTH="10" VPOS="2142" HPOS="1047"/>
                  <String HEIGHT="58"
                          WIDTH="82"
                          VPOS="2142"
                          HPOS="1016"
                          CONTENT="quod"/>
                  <SP HEIGHT="58" WIDTH="10" VPOS="2142" HPOS="1098"/>
                  <String HEIGHT="58"
                          WIDTH="82"
                          VPOS="2142"
                          HPOS="1068"
                          CONTENT="homo"/>
                  <SP HEIGHT="58" WIDTH="10" VPOS="2142" HPOS="1150"/>
                  <String HEIGHT="58"
                          WIDTH="51"
                          VPOS="2142"
                          HPOS="1109"
                          CONTENT="non"/>
               </TextLine>
               <TextLine ID="r2l47"
                         BASELINE="2240"
                         HEIGHT="52"
                         WIDTH="713"
                         VPOS="2188"
                         HPOS="450">
                  <String HEIGHT="52"
                          WIDTH="148"
                          VPOS="2188"
                          HPOS="438"
                          CONTENT="dependet"/>
                  <SP HEIGHT="52" WIDTH="12" VPOS="2188" HPOS="585"/>
                  <String HEIGHT="52" WIDTH="86" VPOS="2188" HPOS="548" CONTENT="nec"/>
                  <SP HEIGHT="52" WIDTH="12" VPOS="2188" HPOS="634"/>
                  <String HEIGHT="52"
                          WIDTH="160"
                          VPOS="2188"
                          HPOS="598"
                          CONTENT="innititur"/>
                  <SP HEIGHT="52" WIDTH="12" VPOS="2188" HPOS="757"/>
                  <String HEIGHT="52"
                          WIDTH="135"
                          VPOS="2188"
                          HPOS="720"
                          CONTENT="alteri."/>
                  <SP HEIGHT="52" WIDTH="12" VPOS="2188" HPOS="856"/>
                  <String HEIGHT="52" WIDTH="74" VPOS="2188" HPOS="819" CONTENT="ex"/>
                  <SP HEIGHT="52" WIDTH="12" VPOS="2188" HPOS="893"/>
                  <String HEIGHT="52"
                          WIDTH="111"
                          VPOS="2188"
                          HPOS="856"
                          CONTENT="parte"/>
                  <SP HEIGHT="52" WIDTH="12" VPOS="2188" HPOS="966"/>
                  <String HEIGHT="52"
                          WIDTH="172"
                          VPOS="2188"
                          HPOS="929"
                          CONTENT="praedicati"/>
                  <SP HEIGHT="52" WIDTH="12" VPOS="2188" HPOS="1102"/>
                  <String HEIGHT="52"
                          WIDTH="111"
                          VPOS="2188"
                          HPOS="1052"
                          CONTENT="implica"/>
               </TextLine>
               <TextLine ID="r2l48"
                         BASELINE="2287"
                         HEIGHT="54"
                         WIDTH="715"
                         VPOS="2233"
                         HPOS="445">
                  <String HEIGHT="54" WIDTH="79" VPOS="2233" HPOS="434" CONTENT="tur"/>
                  <SP HEIGHT="54" WIDTH="11" VPOS="2233" HPOS="513"/>
                  <String HEIGHT="54"
                          WIDTH="91"
                          VPOS="2233"
                          HPOS="479"
                          CONTENT="quod"/>
                  <SP HEIGHT="54" WIDTH="11" VPOS="2233" HPOS="570"/>
                  <String HEIGHT="54"
                          WIDTH="91"
                          VPOS="2233"
                          HPOS="536"
                          CONTENT="homo"/>
                  <SP HEIGHT="54" WIDTH="11" VPOS="2233" HPOS="627"/>
                  <String HEIGHT="54"
                          WIDTH="136"
                          VPOS="2233"
                          HPOS="593"
                          CONTENT="dependet"/>
                  <SP HEIGHT="54" WIDTH="11" VPOS="2233" HPOS="729"/>
                  <String HEIGHT="54" WIDTH="68" VPOS="2233" HPOS="695" CONTENT="ad"/>
                  <SP HEIGHT="54" WIDTH="11" VPOS="2233" HPOS="763"/>
                  <String HEIGHT="54"
                          WIDTH="125"
                          VPOS="2233"
                          HPOS="729"
                          CONTENT="aliquod"/>
                  <SP HEIGHT="54" WIDTH="11" VPOS="2233" HPOS="854"/>
                  <String HEIGHT="54"
                          WIDTH="170"
                          VPOS="2233"
                          HPOS="820"
                          CONTENT="suppositum."/>
                  <SP HEIGHT="54" WIDTH="11" VPOS="2233" HPOS="990"/>
                  <String HEIGHT="54" WIDTH="68" VPOS="2233" HPOS="956" CONTENT="et"/>
                  <SP HEIGHT="54" WIDTH="11" VPOS="2233" HPOS="1024"/>
                  <String HEIGHT="54" WIDTH="79" VPOS="2233" HPOS="990" CONTENT="per"/>
                  <SP HEIGHT="54" WIDTH="11" VPOS="2233" HPOS="1069"/>
                  <String HEIGHT="54"
                          WIDTH="136"
                          VPOS="2233"
                          HPOS="1024"
                          CONTENT="consequens"/>
               </TextLine>
               <TextLine ID="r2l49"
                         BASELINE="2334"
                         HEIGHT="61"
                         WIDTH="722"
                         VPOS="2273"
                         HPOS="445">
                  <String HEIGHT="61" WIDTH="70" VPOS="2273" HPOS="433" CONTENT="ad"/>
                  <SP HEIGHT="61" WIDTH="12" VPOS="2273" HPOS="503"/>
                  <String HEIGHT="61"
                          WIDTH="105"
                          VPOS="2273"
                          HPOS="468"
                          CONTENT="istam"/>
                  <SP HEIGHT="61" WIDTH="12" VPOS="2273" HPOS="573"/>
                  <String HEIGHT="61"
                          WIDTH="198"
                          VPOS="2273"
                          HPOS="538"
                          CONTENT="propositionem"/>
                  <SP HEIGHT="61" WIDTH="12" VPOS="2273" HPOS="736"/>
                  <String HEIGHT="61"
                          WIDTH="93"
                          VPOS="2273"
                          HPOS="701"
                          CONTENT="homo"/>
                  <SP HEIGHT="61" WIDTH="12" VPOS="2273" HPOS="794"/>
                  <String HEIGHT="61" WIDTH="82" VPOS="2273" HPOS="759" CONTENT="est"/>
                  <SP HEIGHT="61" WIDTH="12" VPOS="2273" HPOS="841"/>
                  <String HEIGHT="61"
                          WIDTH="151"
                          VPOS="2273"
                          HPOS="806"
                          CONTENT="assumptus"/>
                  <SP HEIGHT="61" WIDTH="12" VPOS="2273" HPOS="957"/>
                  <String HEIGHT="61"
                          WIDTH="163"
                          VPOS="2273"
                          HPOS="922"
                          CONTENT="implicatur"/>
                  <SP HEIGHT="61" WIDTH="12" VPOS="2273" HPOS="1085"/>
                  <String HEIGHT="61"
                          WIDTH="128"
                          VPOS="2273"
                          HPOS="1039"
                          CONTENT="contradi"
                          SUBS_TYPE="HypPart1"
                          SUBS_CONTENT="contradictio:"/>
                  <HYP CONTENT="-"/>
               </TextLine>
               <TextLine ID="r2l50"
                         BASELINE="2374"
                         HEIGHT="57"
                         WIDTH="708"
                         VPOS="2317"
                         HPOS="455">
                  <String HEIGHT="57"
                          WIDTH="106"
                          VPOS="2317"
                          HPOS="443"
                          CONTENT="ctio:"
                          SUBS_TYPE="HypPart2"
                          SUBS_CONTENT="contradictio:"/>
                  <SP HEIGHT="57" WIDTH="12" VPOS="2317" HPOS="549"/>
                  <String HEIGHT="57" WIDTH="71" VPOS="2317" HPOS="514" CONTENT="et"/>
                  <SP HEIGHT="57" WIDTH="12" VPOS="2317" HPOS="585"/>
                  <String HEIGHT="57"
                          WIDTH="94"
                          VPOS="2317"
                          HPOS="549"
                          CONTENT="ideo"/>
                  <SP HEIGHT="57" WIDTH="12" VPOS="2317" HPOS="644"/>
                  <String HEIGHT="57" WIDTH="83" VPOS="2317" HPOS="608" CONTENT="est"/>
                  <SP HEIGHT="57" WIDTH="12" VPOS="2317" HPOS="691"/>
                  <String HEIGHT="57"
                          WIDTH="189"
                          VPOS="2317"
                          HPOS="656"
                          CONTENT="impossibilis"/>
                  <SP HEIGHT="57" WIDTH="12" VPOS="2317" HPOS="844"/>
                  <String HEIGHT="57"
                          WIDTH="130"
                          VPOS="2317"
                          HPOS="809"
                          CONTENT="propter"/>
                  <SP HEIGHT="57" WIDTH="12" VPOS="2317" HPOS="939"/>
                  <String HEIGHT="57"
                          WIDTH="224"
                          VPOS="2317"
                          HPOS="903"
                          CONTENT="contradictionem"/>
                  <SP HEIGHT="57" WIDTH="12" VPOS="2317" HPOS="1128"/>
                  <String HEIGHT="57"
                          WIDTH="83"
                          VPOS="2317"
                          HPOS="1080"
                          CONTENT="impli"/>
               </TextLine>
               <TextLine ID="r2l51"
                         BASELINE="2419"
                         HEIGHT="57"
                         WIDTH="711"
                         VPOS="2362"
                         HPOS="452">
                  <String HEIGHT="57"
                          WIDTH="129"
                          VPOS="2362"
                          HPOS="439"
                          CONTENT="catam."/>
                  <SP HEIGHT="57" WIDTH="13" VPOS="2362" HPOS="568"/>
                  <String HEIGHT="57"
                          WIDTH="168"
                          VPOS="2362"
                          HPOS="530"
                          CONTENT="Exemplum."/>
                  <SP HEIGHT="57" WIDTH="13" VPOS="2362" HPOS="698"/>
                  <String HEIGHT="57" WIDTH="90" VPOS="2362" HPOS="659" CONTENT="hec"/>
                  <SP HEIGHT="57" WIDTH="13" VPOS="2362" HPOS="749"/>
                  <String HEIGHT="57" WIDTH="90" VPOS="2362" HPOS="711" CONTENT="est"/>
                  <SP HEIGHT="57" WIDTH="13" VPOS="2362" HPOS="801"/>
                  <String HEIGHT="57"
                          WIDTH="116"
                          VPOS="2362"
                          HPOS="762"
                          CONTENT="vera:"/>
                  <SP HEIGHT="57" WIDTH="13" VPOS="2362" HPOS="879"/>
                  <String HEIGHT="57"
                          WIDTH="116"
                          VPOS="2362"
                          HPOS="840"
                          CONTENT="album"/>
                  <SP HEIGHT="57" WIDTH="13" VPOS="2362" HPOS="956"/>
                  <String HEIGHT="57"
                          WIDTH="129"
                          VPOS="2362"
                          HPOS="917"
                          CONTENT="potest"/>
                  <SP HEIGHT="57" WIDTH="13" VPOS="2362" HPOS="1047"/>
                  <String HEIGHT="57"
                          WIDTH="103"
                          VPOS="2362"
                          HPOS="1008"
                          CONTENT="esse"/>
                  <SP HEIGHT="57" WIDTH="13" VPOS="2362" HPOS="1111"/>
                  <String HEIGHT="57"
                          WIDTH="103"
                          VPOS="2362"
                          HPOS="1060"
                          CONTENT="nigrum"/>
               </TextLine>
               <TextLine ID="r2l52"
                         BASELINE="2472"
                         HEIGHT="68"
                         WIDTH="695"
                         VPOS="2404"
                         HPOS="455">
                  <String HEIGHT="68"
                          WIDTH="114"
                          VPOS="2404"
                          HPOS="442"
                          CONTENT="prout"/>
                  <SP HEIGHT="68" WIDTH="13" VPOS="2404" HPOS="556"/>
                  <String HEIGHT="68"
                          WIDTH="164"
                          VPOS="2404"
                          HPOS="518"
                          CONTENT="subiectum"/>
                  <SP HEIGHT="68" WIDTH="13" VPOS="2404" HPOS="682"/>
                  <String HEIGHT="68" WIDTH="76" VPOS="2404" HPOS="645" CONTENT="et"/>
                  <SP HEIGHT="68" WIDTH="13" VPOS="2404" HPOS="720"/>
                  <String HEIGHT="68"
                          WIDTH="190"
                          VPOS="2404"
                          HPOS="682"
                          CONTENT="praedicatum"/>
                  <SP HEIGHT="68" WIDTH="13" VPOS="2404" HPOS="872"/>
                  <String HEIGHT="68"
                          WIDTH="126"
                          VPOS="2404"
                          HPOS="834"
                          CONTENT="habent"/>
                  <SP HEIGHT="68" WIDTH="13" VPOS="2404" HPOS="960"/>
                  <String HEIGHT="68"
                          WIDTH="215"
                          VPOS="2404"
                          HPOS="923"
                          CONTENT="suppositionem"/>
                  <SP HEIGHT="68" WIDTH="13" VPOS="2404" HPOS="1137"/>
                  <String HEIGHT="68"
                          WIDTH="63"
                          VPOS="2404"
                          HPOS="1087"
                          CONTENT="per"/>
               </TextLine>
               <TextLine ID="r2l53"
                         BASELINE="2502"
                         HEIGHT="44"
                         WIDTH="709"
                         VPOS="2458"
                         HPOS="444">
                  <String HEIGHT="44"
                          WIDTH="161"
                          VPOS="2458"
                          HPOS="431"
                          CONTENT="sonalem:"/>
                  <SP HEIGHT="44" WIDTH="13" VPOS="2458" HPOS="591"/>
                  <String HEIGHT="44"
                          WIDTH="107"
                          VPOS="2458"
                          HPOS="551"
                          CONTENT="quia"/>
                  <SP HEIGHT="44" WIDTH="13" VPOS="2458" HPOS="658"/>
                  <String HEIGHT="44"
                          WIDTH="107"
                          VPOS="2458"
                          HPOS="618"
                          CONTENT="tunc"/>
                  <SP HEIGHT="44" WIDTH="13" VPOS="2458" HPOS="725"/>
                  <String HEIGHT="44"
                          WIDTH="161"
                          VPOS="2458"
                          HPOS="685"
                          CONTENT="supponit"/>
                  <SP HEIGHT="44" WIDTH="13" VPOS="2458" HPOS="845"/>
                  <String HEIGHT="44" WIDTH="94" VPOS="2458" HPOS="805" CONTENT="pro"/>
                  <SP HEIGHT="44" WIDTH="13" VPOS="2458" HPOS="899"/>
                  <String HEIGHT="44"
                          WIDTH="161"
                          VPOS="2458"
                          HPOS="859"
                          CONTENT="subiecto"/>
                  <SP HEIGHT="44" WIDTH="13" VPOS="2458" HPOS="1019"/>
                  <String HEIGHT="44"
                          WIDTH="174"
                          VPOS="2458"
                          HPOS="979"
                          CONTENT="albedinis"/>
                  <SP HEIGHT="44" WIDTH="13" VPOS="2458" HPOS="1153"/>
                  <String HEIGHT="44" WIDTH="54" VPOS="2458" HPOS="1099" CONTENT="et"/>
               </TextLine>
               <TextLine ID="r2l54"
                         BASELINE="2545"
                         HEIGHT="53"
                         WIDTH="700"
                         VPOS="2492"
                         HPOS="456">
                  <String HEIGHT="53"
                          WIDTH="102"
                          VPOS="2492"
                          HPOS="443"
                          CONTENT="haoc"/>
                  <SP HEIGHT="53" WIDTH="13" VPOS="2492" HPOS="545"/>
                  <String HEIGHT="53" WIDTH="89" VPOS="2492" HPOS="507" CONTENT="est"/>
                  <SP HEIGHT="53" WIDTH="13" VPOS="2492" HPOS="596"/>
                  <String HEIGHT="53"
                          WIDTH="102"
                          VPOS="2492"
                          HPOS="558"
                          CONTENT="vera"/>
                  <SP HEIGHT="53" WIDTH="13" VPOS="2492" HPOS="660"/>
                  <String HEIGHT="53"
                          WIDTH="165"
                          VPOS="2492"
                          HPOS="621"
                          CONTENT="subiectum"/>
                  <SP HEIGHT="53" WIDTH="13" VPOS="2492" HPOS="787"/>
                  <String HEIGHT="53"
                          WIDTH="165"
                          VPOS="2492"
                          HPOS="749"
                          CONTENT="albedinis"/>
                  <SP HEIGHT="53" WIDTH="13" VPOS="2492" HPOS="914"/>
                  <String HEIGHT="53"
                          WIDTH="127"
                          VPOS="2492"
                          HPOS="876"
                          CONTENT="potest"/>
                  <SP HEIGHT="53" WIDTH="13" VPOS="2492" HPOS="1003"/>
                  <String HEIGHT="53"
                          WIDTH="102"
                          VPOS="2492"
                          HPOS="965"
                          CONTENT="esse"/>
                  <SP HEIGHT="53" WIDTH="13" VPOS="2492" HPOS="1067"/>
                  <String HEIGHT="53"
                          WIDTH="140"
                          VPOS="2492"
                          HPOS="1016"
                          CONTENT="subiectum"/>
               </TextLine>
               <TextLine ID="r2l55"
                         BASELINE="2583"
                         HEIGHT="47"
                         WIDTH="706"
                         VPOS="2536"
                         HPOS="453">
                  <String HEIGHT="47"
                          WIDTH="189"
                          VPOS="2536"
                          HPOS="440"
                          CONTENT="nigredinis:"/>
                  <SP HEIGHT="47" WIDTH="13" VPOS="2536" HPOS="630"/>
                  <String HEIGHT="47"
                          WIDTH="101"
                          VPOS="2536"
                          HPOS="592"
                          CONTENT="quia"/>
                  <SP HEIGHT="47" WIDTH="13" VPOS="2536" HPOS="693"/>
                  <String HEIGHT="47"
                          WIDTH="126"
                          VPOS="2536"
                          HPOS="655"
                          CONTENT="potest"/>
                  <SP HEIGHT="47" WIDTH="13" VPOS="2536" HPOS="781"/>
                  <String HEIGHT="47"
                          WIDTH="151"
                          VPOS="2536"
                          HPOS="743"
                          CONTENT="recipere"/>
                  <SP HEIGHT="47" WIDTH="13" VPOS="2536" HPOS="894"/>
                  <String HEIGHT="47"
                          WIDTH="189"
                          VPOS="2536"
                          HPOS="856"
                          CONTENT="nigredinem:"/>
                  <SP HEIGHT="47" WIDTH="13" VPOS="2536" HPOS="1046"/>
                  <String HEIGHT="47"
                          WIDTH="88"
                          VPOS="2536"
                          HPOS="1008"
                          CONTENT="sed"/>
                  <SP HEIGHT="47" WIDTH="13" VPOS="2536" HPOS="1096"/>
                  <String HEIGHT="47"
                          WIDTH="88"
                          VPOS="2536"
                          HPOS="1058"
                          CONTENT="hec"/>
                  <SP HEIGHT="47" WIDTH="13" VPOS="2536" HPOS="1146"/>
                  <String HEIGHT="47"
                          WIDTH="63"
                          VPOS="2536"
                          HPOS="1096"
                          CONTENT="est"/>
               </TextLine>
               <TextLine ID="r2l56"
                         BASELINE="2638"
                         HEIGHT="58"
                         WIDTH="722"
                         VPOS="2580"
                         HPOS="447">
                  <String HEIGHT="58"
                          WIDTH="231"
                          VPOS="2580"
                          HPOS="433"
                          CONTENT="impossibilis"/>
                  <SP HEIGHT="58" WIDTH="14" VPOS="2580" HPOS="664"/>
                  <String HEIGHT="58"
                          WIDTH="130"
                          VPOS="2580"
                          HPOS="620"
                          CONTENT="album"/>
                  <SP HEIGHT="58" WIDTH="14" VPOS="2580" HPOS="750"/>
                  <String HEIGHT="58"
                          WIDTH="101"
                          VPOS="2580"
                          HPOS="707"
                          CONTENT="est"/>
                  <SP HEIGHT="58" WIDTH="14" VPOS="2580" HPOS="808"/>
                  <String HEIGHT="58"
                          WIDTH="144"
                          VPOS="2580"
                          HPOS="765"
                          CONTENT="nigrum"/>
                  <SP HEIGHT="58" WIDTH="14" VPOS="2580" HPOS="909"/>
                  <String HEIGHT="58"
                          WIDTH="159"
                          VPOS="2580"
                          HPOS="866"
                          CONTENT="retenta"/>
                  <SP HEIGHT="58" WIDTH="14" VPOS="2580" HPOS="1025"/>
                  <String HEIGHT="58"
                          WIDTH="130"
                          VPOS="2580"
                          HPOS="981"
                          CONTENT="eadem"/>
                  <SP HEIGHT="58" WIDTH="14" VPOS="2580" HPOS="1111"/>
                  <String HEIGHT="58"
                          WIDTH="116"
                          VPOS="2580"
                          HPOS="1053"
                          CONTENT="suppo"/>
               </TextLine>
            </TextBlock>
            <TextBlock ID="TextRegion_1597928830390_1462"
                       HEIGHT="2488"
                       WIDTH="773"
                       VPOS="147"
                       HPOS="1229">
               <Shape>
                  <Polygon POINTS="1229,147 1956,147 2002,2635 1229,2635"/>
               </Shape>
               <TextLine ID="r3l2"
                         BASELINE="271"
                         HEIGHT="72"
                         WIDTH="719"
                         VPOS="199"
                         HPOS="1229">
                  <String HEIGHT="72"
                          WIDTH="144"
                          VPOS="199"
                          HPOS="1216"
                          CONTENT="sitione"/>
                  <SP HEIGHT="72" WIDTH="13" VPOS="199" HPOS="1360"/>
                  <String HEIGHT="72"
                          WIDTH="170"
                          VPOS="199"
                          HPOS="1321"
                          CONTENT="personali"/>
                  <SP HEIGHT="72" WIDTH="13" VPOS="199" HPOS="1490"/>
                  <String HEIGHT="72"
                          WIDTH="105"
                          VPOS="199"
                          HPOS="1451"
                          CONTENT="quae"/>
                  <SP HEIGHT="72" WIDTH="13" VPOS="199" HPOS="1556"/>
                  <String HEIGHT="72"
                          WIDTH="131"
                          VPOS="199"
                          HPOS="1517"
                          CONTENT="prius."/>
                  <SP HEIGHT="72" WIDTH="13" VPOS="199" HPOS="1647"/>
                  <String HEIGHT="72"
                          WIDTH="105"
                          VPOS="199"
                          HPOS="1608"
                          CONTENT="quia"/>
                  <SP HEIGHT="72" WIDTH="13" VPOS="199" HPOS="1713"/>
                  <String HEIGHT="72" WIDTH="92" VPOS="199" HPOS="1673" CONTENT="hec"/>
                  <SP HEIGHT="72" WIDTH="13" VPOS="199" HPOS="1765"/>
                  <String HEIGHT="72" WIDTH="92" VPOS="199" HPOS="1726" CONTENT="est"/>
                  <SP HEIGHT="72" WIDTH="13" VPOS="199" HPOS="1817"/>
                  <String HEIGHT="72"
                          WIDTH="183"
                          VPOS="199"
                          HPOS="1765"
                          CONTENT="impossibilis"/>
               </TextLine>
               <TextLine ID="r3l3"
                         BASELINE="317"
                         HEIGHT="58"
                         WIDTH="721"
                         VPOS="259"
                         HPOS="1224">
                  <String HEIGHT="58"
                          WIDTH="195"
                          VPOS="259"
                          HPOS="1209"
                          CONTENT="subiectum"/>
                  <SP HEIGHT="58" WIDTH="15" VPOS="259" HPOS="1404"/>
                  <String HEIGHT="58"
                          WIDTH="195"
                          VPOS="259"
                          HPOS="1359"
                          CONTENT="albedinis"/>
                  <SP HEIGHT="58" WIDTH="15" VPOS="259" HPOS="1554"/>
                  <String HEIGHT="58"
                          WIDTH="105"
                          VPOS="259"
                          HPOS="1509"
                          CONTENT="est"/>
                  <SP HEIGHT="58" WIDTH="15" VPOS="259" HPOS="1615"/>
                  <String HEIGHT="58"
                          WIDTH="195"
                          VPOS="259"
                          HPOS="1569"
                          CONTENT="subiectum"/>
                  <SP HEIGHT="58" WIDTH="15" VPOS="259" HPOS="1765"/>
                  <String HEIGHT="58"
                          WIDTH="210"
                          VPOS="259"
                          HPOS="1720"
                          CONTENT="nigredinis"/>
                  <SP HEIGHT="58" WIDTH="15" VPOS="259" HPOS="1930"/>
                  <String HEIGHT="58" WIDTH="75" VPOS="259" HPOS="1870" CONTENT="qua"/>
               </TextLine>
               <TextLine ID="r3l4"
                         BASELINE="366"
                         HEIGHT="62"
                         WIDTH="712"
                         VPOS="304"
                         HPOS="1227">
                  <String HEIGHT="62"
                          WIDTH="117"
                          VPOS="304"
                          HPOS="1214"
                          CONTENT="tamen"/>
                  <SP HEIGHT="62" WIDTH="13" VPOS="304" HPOS="1331"/>
                  <String HEIGHT="62"
                          WIDTH="181"
                          VPOS="304"
                          HPOS="1292"
                          CONTENT="denotantur"/>
                  <SP HEIGHT="62" WIDTH="13" VPOS="304" HPOS="1473"/>
                  <String HEIGHT="62" WIDTH="78" VPOS="304" HPOS="1434" CONTENT="et"/>
                  <SP HEIGHT="62" WIDTH="13" VPOS="304" HPOS="1512"/>
                  <String HEIGHT="62"
                          WIDTH="194"
                          VPOS="304"
                          HPOS="1473"
                          CONTENT="implicantur"/>
                  <SP HEIGHT="62" WIDTH="13" VPOS="304" HPOS="1667"/>
                  <String HEIGHT="62" WIDTH="91" VPOS="304" HPOS="1628" CONTENT="per"/>
                  <SP HEIGHT="62" WIDTH="13" VPOS="304" HPOS="1719"/>
                  <String HEIGHT="62"
                          WIDTH="117"
                          VPOS="304"
                          HPOS="1680"
                          CONTENT="istam"/>
                  <SP HEIGHT="62" WIDTH="13" VPOS="304" HPOS="1797"/>
                  <String HEIGHT="62"
                          WIDTH="194"
                          VPOS="304"
                          HPOS="1745"
                          CONTENT="propositionem"/>
               </TextLine>
               <TextLine ID="r3l5"
                         BASELINE="400"
                         HEIGHT="58"
                         WIDTH="728"
                         VPOS="342"
                         HPOS="1227">
                  <String HEIGHT="58"
                          WIDTH="107"
                          VPOS="342"
                          HPOS="1215"
                          CONTENT="album"/>
                  <SP HEIGHT="58" WIDTH="12" VPOS="342" HPOS="1322"/>
                  <String HEIGHT="58" WIDTH="84" VPOS="342" HPOS="1287" CONTENT="est"/>
                  <SP HEIGHT="58" WIDTH="12" VPOS="342" HPOS="1370"/>
                  <String HEIGHT="58"
                          WIDTH="131"
                          VPOS="342"
                          HPOS="1334"
                          CONTENT="nigrum:"/>
                  <SP HEIGHT="58" WIDTH="12" VPOS="342" HPOS="1466"/>
                  <String HEIGHT="58" WIDTH="72" VPOS="342" HPOS="1430" CONTENT="et"/>
                  <SP HEIGHT="58" WIDTH="12" VPOS="342" HPOS="1501"/>
                  <String HEIGHT="58"
                          WIDTH="107"
                          VPOS="342"
                          HPOS="1466"
                          CONTENT="causa"/>
                  <SP HEIGHT="58" WIDTH="12" VPOS="342" HPOS="1573"/>
                  <String HEIGHT="58"
                          WIDTH="119"
                          VPOS="342"
                          HPOS="1537"
                          CONTENT="istius"/>
                  <SP HEIGHT="58" WIDTH="12" VPOS="342" HPOS="1657"/>
                  <String HEIGHT="58"
                          WIDTH="155"
                          VPOS="342"
                          HPOS="1621"
                          CONTENT="variarois"/>
                  <SP HEIGHT="58" WIDTH="12" VPOS="342" HPOS="1776"/>
                  <String HEIGHT="58" WIDTH="84" VPOS="342" HPOS="1740" CONTENT="est"/>
                  <SP HEIGHT="58" WIDTH="12" VPOS="342" HPOS="1824"/>
                  <String HEIGHT="58"
                          WIDTH="95"
                          VPOS="342"
                          HPOS="1788"
                          CONTENT="quia"/>
                  <SP HEIGHT="58" WIDTH="12" VPOS="342" HPOS="1883"/>
                  <String HEIGHT="58"
                          WIDTH="95"
                          VPOS="342"
                          HPOS="1848"
                          CONTENT="homo"/>
                  <SP HEIGHT="58" WIDTH="12" VPOS="342" HPOS="1943"/>
                  <String HEIGHT="58" WIDTH="60" VPOS="342" HPOS="1895" CONTENT="non"/>
               </TextLine>
               <TextLine ID="r3l6"
                         BASELINE="446"
                         HEIGHT="51"
                         WIDTH="709"
                         VPOS="395"
                         HPOS="1234">
                  <String HEIGHT="51"
                          WIDTH="136"
                          VPOS="395"
                          HPOS="1220"
                          CONTENT="tantum"/>
                  <SP HEIGHT="51" WIDTH="14" VPOS="395" HPOS="1357"/>
                  <String HEIGHT="51"
                          WIDTH="191"
                          VPOS="395"
                          HPOS="1316"
                          CONTENT="significat"/>
                  <SP HEIGHT="51" WIDTH="14" VPOS="395" HPOS="1507"/>
                  <String HEIGHT="51"
                          WIDTH="150"
                          VPOS="395"
                          HPOS="1466"
                          CONTENT="naturam"/>
                  <SP HEIGHT="51" WIDTH="14" VPOS="395" HPOS="1616"/>
                  <String HEIGHT="51"
                          WIDTH="150"
                          VPOS="395"
                          HPOS="1575"
                          CONTENT="humanam"/>
                  <SP HEIGHT="51" WIDTH="14" VPOS="395" HPOS="1725"/>
                  <String HEIGHT="51" WIDTH="95" VPOS="395" HPOS="1684" CONTENT="sed"/>
                  <SP HEIGHT="51" WIDTH="14" VPOS="395" HPOS="1779"/>
                  <String HEIGHT="51"
                          WIDTH="164"
                          VPOS="395"
                          HPOS="1738"
                          CONTENT="connotat"/>
                  <SP HEIGHT="51" WIDTH="14" VPOS="395" HPOS="1902"/>
                  <String HEIGHT="51"
                          WIDTH="95"
                          VPOS="395"
                          HPOS="1848"
                          CONTENT="nega"
                          SUBS_TYPE="HypPart1"
                          SUBS_CONTENT="negationem"/>
                  <HYP CONTENT="-"/>
               </TextLine>
               <TextLine ID="r3l7"
                         BASELINE="488"
                         HEIGHT="54"
                         WIDTH="722"
                         VPOS="434"
                         HPOS="1224">
                  <String HEIGHT="54"
                          WIDTH="131"
                          VPOS="434"
                          HPOS="1211"
                          CONTENT="tionem"
                          SUBS_TYPE="HypPart2"
                          SUBS_CONTENT="negationem"/>
                  <SP HEIGHT="54" WIDTH="13" VPOS="434" HPOS="1342"/>
                  <String HEIGHT="54"
                          WIDTH="210"
                          VPOS="434"
                          HPOS="1303"
                          CONTENT="dependentie."/>
                  <SP HEIGHT="54" WIDTH="13" VPOS="434" HPOS="1513"/>
                  <String HEIGHT="54" WIDTH="79" VPOS="434" HPOS="1473" CONTENT="et"/>
                  <SP HEIGHT="54" WIDTH="13" VPOS="434" HPOS="1552"/>
                  <String HEIGHT="54" WIDTH="92" VPOS="434" HPOS="1513" CONTENT="hoc"/>
                  <SP HEIGHT="54" WIDTH="13" VPOS="434" HPOS="1605"/>
                  <String HEIGHT="54"
                          WIDTH="158"
                          VPOS="434"
                          HPOS="1565"
                          CONTENT="loquendo"/>
                  <SP HEIGHT="54" WIDTH="13" VPOS="434" HPOS="1723"/>
                  <String HEIGHT="54" WIDTH="79" VPOS="434" HPOS="1683" CONTENT="de"/>
                  <SP HEIGHT="54" WIDTH="13" VPOS="434" HPOS="1762"/>
                  <String HEIGHT="54"
                          WIDTH="131"
                          VPOS="434"
                          HPOS="1723"
                          CONTENT="homine"/>
                  <SP HEIGHT="54" WIDTH="13" VPOS="434" HPOS="1854"/>
                  <String HEIGHT="54" WIDTH="92" VPOS="434" HPOS="1815" CONTENT="non"/>
                  <SP HEIGHT="54" WIDTH="13" VPOS="434" HPOS="1907"/>
                  <String HEIGHT="54"
                          WIDTH="92"
                          VPOS="434"
                          HPOS="1854"
                          CONTENT="assum"/>
               </TextLine>
               <TextLine ID="r3l8"
                         BASELINE="537"
                         HEIGHT="57"
                         WIDTH="703"
                         VPOS="480"
                         HPOS="1236">
                  <String HEIGHT="57"
                          WIDTH="99"
                          VPOS="480"
                          HPOS="1224"
                          CONTENT="pto."/>
                  <SP HEIGHT="57" WIDTH="12" VPOS="480" HPOS="1322"/>
                  <String HEIGHT="57"
                          WIDTH="99"
                          VPOS="480"
                          HPOS="1285"
                          CONTENT="ideo"/>
                  <SP HEIGHT="57" WIDTH="12" VPOS="480" HPOS="1384"/>
                  <String HEIGHT="57"
                          WIDTH="123"
                          VPOS="480"
                          HPOS="1347"
                          CONTENT="quando"/>
                  <SP HEIGHT="57" WIDTH="12" VPOS="480" HPOS="1470"/>
                  <String HEIGHT="57"
                          WIDTH="148"
                          VPOS="480"
                          HPOS="1433"
                          CONTENT="supponit"/>
                  <SP HEIGHT="57" WIDTH="12" VPOS="480" HPOS="1581"/>
                  <String HEIGHT="57"
                          WIDTH="197"
                          VPOS="480"
                          HPOS="1544"
                          CONTENT="personaliter"/>
                  <SP HEIGHT="57" WIDTH="12" VPOS="480" HPOS="1742"/>
                  <String HEIGHT="57"
                          WIDTH="148"
                          VPOS="480"
                          HPOS="1705"
                          CONTENT="supponit"/>
                  <SP HEIGHT="57" WIDTH="12" VPOS="480" HPOS="1853"/>
                  <String HEIGHT="57"
                          WIDTH="111"
                          VPOS="480"
                          HPOS="1816"
                          CONTENT="solum"/>
                  <SP HEIGHT="57" WIDTH="12" VPOS="480" HPOS="1927"/>
                  <String HEIGHT="57" WIDTH="62" VPOS="480" HPOS="1877" CONTENT="pro"/>
               </TextLine>
               <TextLine ID="r3l9"
                         BASELINE="581"
                         HEIGHT="59"
                         WIDTH="720"
                         VPOS="522"
                         HPOS="1225">
                  <String HEIGHT="59"
                          WIDTH="141"
                          VPOS="522"
                          HPOS="1211"
                          CONTENT="natura"/>
                  <SP HEIGHT="59" WIDTH="14" VPOS="522" HPOS="1352"/>
                  <String HEIGHT="59" WIDTH="99" VPOS="522" HPOS="1310" CONTENT="non"/>
                  <SP HEIGHT="59" WIDTH="14" VPOS="522" HPOS="1409"/>
                  <String HEIGHT="59"
                          WIDTH="212"
                          VPOS="522"
                          HPOS="1366"
                          CONTENT="dependente."/>
                  <SP HEIGHT="59" WIDTH="14" VPOS="522" HPOS="1578"/>
                  <String HEIGHT="59"
                          WIDTH="169"
                          VPOS="522"
                          HPOS="1536"
                          CONTENT="loquendo"/>
                  <SP HEIGHT="59" WIDTH="14" VPOS="522" HPOS="1705"/>
                  <String HEIGHT="59" WIDTH="99" VPOS="522" HPOS="1663" CONTENT="aut"/>
                  <SP HEIGHT="59" WIDTH="14" VPOS="522" HPOS="1761"/>
                  <String HEIGHT="59" WIDTH="85" VPOS="522" HPOS="1719" CONTENT="de"/>
                  <SP HEIGHT="59" WIDTH="14" VPOS="522" HPOS="1804"/>
                  <String HEIGHT="59"
                          WIDTH="141"
                          VPOS="522"
                          HPOS="1761"
                          CONTENT="homine"/>
                  <SP HEIGHT="59" WIDTH="14" VPOS="522" HPOS="1903"/>
                  <String HEIGHT="59"
                          WIDTH="99"
                          VPOS="522"
                          HPOS="1846"
                          CONTENT="assum"/>
               </TextLine>
               <TextLine ID="r3l10"
                         BASELINE="625"
                         HEIGHT="59"
                         WIDTH="698"
                         VPOS="566"
                         HPOS="1241">
                  <String HEIGHT="59" WIDTH="90" VPOS="566" HPOS="1228" CONTENT="pto"/>
                  <SP HEIGHT="59" WIDTH="13" VPOS="566" HPOS="1319"/>
                  <String HEIGHT="59"
                          WIDTH="103"
                          VPOS="566"
                          HPOS="1280"
                          CONTENT="tunc"/>
                  <SP HEIGHT="59" WIDTH="13" VPOS="566" HPOS="1383"/>
                  <String HEIGHT="59"
                          WIDTH="103"
                          VPOS="566"
                          HPOS="1344"
                          CONTENT="luod"/>
                  <SP HEIGHT="59" WIDTH="13" VPOS="566" HPOS="1448"/>
                  <String HEIGHT="59"
                          WIDTH="103"
                          VPOS="566"
                          HPOS="1409"
                          CONTENT="homo"/>
                  <SP HEIGHT="59" WIDTH="13" VPOS="566" HPOS="1512"/>
                  <String HEIGHT="59"
                          WIDTH="181"
                          VPOS="566"
                          HPOS="1474"
                          CONTENT="significat"/>
                  <SP HEIGHT="59" WIDTH="13" VPOS="566" HPOS="1655"/>
                  <String HEIGHT="59"
                          WIDTH="142"
                          VPOS="566"
                          HPOS="1616"
                          CONTENT="naturam"/>
                  <SP HEIGHT="59" WIDTH="13" VPOS="566" HPOS="1758"/>
                  <String HEIGHT="59"
                          WIDTH="142"
                          VPOS="566"
                          HPOS="1719"
                          CONTENT="humanam"/>
                  <SP HEIGHT="59" WIDTH="13" VPOS="566" HPOS="1861"/>
                  <String HEIGHT="59" WIDTH="78" VPOS="566" HPOS="1823" CONTENT="et"/>
                  <SP HEIGHT="59" WIDTH="13" VPOS="566" HPOS="1900"/>
                  <String HEIGHT="59"
                          WIDTH="90"
                          VPOS="566"
                          HPOS="1849"
                          CONTENT="conud"/>
               </TextLine>
               <TextLine ID="r3l11"
                         BASELINE="662"
                         HEIGHT="52"
                         WIDTH="734"
                         VPOS="610"
                         HPOS="1223">
                  <String HEIGHT="52" WIDTH="95" VPOS="610" HPOS="1209" CONTENT="tat"/>
                  <SP HEIGHT="52" WIDTH="14" VPOS="610" HPOS="1305"/>
                  <String HEIGHT="52"
                          WIDTH="190"
                          VPOS="610"
                          HPOS="1264"
                          CONTENT="suppositum"/>
                  <SP HEIGHT="52" WIDTH="14" VPOS="610" HPOS="1454"/>
                  <String HEIGHT="52" WIDTH="82" VPOS="610" HPOS="1413" CONTENT="ad"/>
                  <SP HEIGHT="52" WIDTH="14" VPOS="610" HPOS="1495"/>
                  <String HEIGHT="52"
                          WIDTH="109"
                          VPOS="610"
                          HPOS="1454"
                          CONTENT="quod"/>
                  <SP HEIGHT="52" WIDTH="14" VPOS="610" HPOS="1563"/>
                  <String HEIGHT="52"
                          WIDTH="163"
                          VPOS="610"
                          HPOS="1522"
                          CONTENT="dependet"/>
                  <SP HEIGHT="52" WIDTH="14" VPOS="610" HPOS="1685"/>
                  <String HEIGHT="52"
                          WIDTH="190"
                          VPOS="610"
                          HPOS="1644"
                          CONTENT="humanitas:"/>
                  <SP HEIGHT="52" WIDTH="14" VPOS="610" HPOS="1835"/>
                  <String HEIGHT="52"
                          WIDTH="109"
                          VPOS="610"
                          HPOS="1794"
                          CONTENT="ideo"/>
                  <SP HEIGHT="52" WIDTH="14" VPOS="610" HPOS="1903"/>
                  <String HEIGHT="52"
                          WIDTH="109"
                          VPOS="610"
                          HPOS="1848"
                          CONTENT="quando"/>
               </TextLine>
               <TextLine ID="r3l12"
                         BASELINE="713"
                         HEIGHT="56"
                         WIDTH="708"
                         VPOS="657"
                         HPOS="1237">
                  <String HEIGHT="56"
                          WIDTH="170"
                          VPOS="657"
                          HPOS="1223"
                          CONTENT="supponit"/>
                  <SP HEIGHT="56" WIDTH="14" VPOS="657" HPOS="1393"/>
                  <String HEIGHT="56"
                          WIDTH="227"
                          VPOS="657"
                          HPOS="1350"
                          CONTENT="personaliter"/>
                  <SP HEIGHT="56" WIDTH="14" VPOS="657" HPOS="1577"/>
                  <String HEIGHT="56"
                          WIDTH="170"
                          VPOS="657"
                          HPOS="1534"
                          CONTENT="supponit"/>
                  <SP HEIGHT="56" WIDTH="14" VPOS="657" HPOS="1704"/>
                  <String HEIGHT="56"
                          WIDTH="127"
                          VPOS="657"
                          HPOS="1662"
                          CONTENT="solum"/>
                  <SP HEIGHT="56" WIDTH="14" VPOS="657" HPOS="1789"/>
                  <String HEIGHT="56" WIDTH="99" VPOS="657" HPOS="1747" CONTENT="pro"/>
                  <SP HEIGHT="56" WIDTH="14" VPOS="657" HPOS="1846"/>
                  <String HEIGHT="56"
                          WIDTH="156"
                          VPOS="657"
                          HPOS="1789"
                          CONTENT="supposito"/>
               </TextLine>
               <TextLine ID="r3l13"
                         BASELINE="749"
                         HEIGHT="47"
                         WIDTH="710"
                         VPOS="702"
                         HPOS="1242">
                  <String HEIGHT="47" WIDTH="93" VPOS="702" HPOS="1227" CONTENT="ad"/>
                  <SP HEIGHT="47" WIDTH="15" VPOS="702" HPOS="1319"/>
                  <String HEIGHT="47"
                          WIDTH="123"
                          VPOS="702"
                          HPOS="1273"
                          CONTENT="quod"/>
                  <SP HEIGHT="47" WIDTH="15" VPOS="702" HPOS="1396"/>
                  <String HEIGHT="47"
                          WIDTH="154"
                          VPOS="702"
                          HPOS="1350"
                          CONTENT="natura"/>
                  <SP HEIGHT="47" WIDTH="15" VPOS="702" HPOS="1504"/>
                  <String HEIGHT="47"
                          WIDTH="201"
                          VPOS="702"
                          HPOS="1458"
                          CONTENT="dependet."/>
                  <SP HEIGHT="47" WIDTH="15" VPOS="702" HPOS="1659"/>
                  <String HEIGHT="47"
                          WIDTH="201"
                          VPOS="702"
                          HPOS="1612"
                          CONTENT="humanitas"/>
                  <SP HEIGHT="47" WIDTH="15" VPOS="702" HPOS="1813"/>
                  <String HEIGHT="47"
                          WIDTH="139"
                          VPOS="702"
                          HPOS="1767"
                          CONTENT="autem"/>
                  <SP HEIGHT="47" WIDTH="15" VPOS="702" HPOS="1906"/>
                  <String HEIGHT="47"
                          WIDTH="108"
                          VPOS="702"
                          HPOS="1844"
                          CONTENT="abso"
                          SUBS_TYPE="HypPart1"
                          SUBS_CONTENT="absolute"/>
                  <HYP CONTENT="-"/>
               </TextLine>
               <TextLine ID="r3l14"
                         BASELINE="795"
                         HEIGHT="47"
                         WIDTH="709"
                         VPOS="748"
                         HPOS="1236">
                  <String HEIGHT="47"
                          WIDTH="123"
                          VPOS="748"
                          HPOS="1221"
                          CONTENT="lute"
                          SUBS_TYPE="HypPart2"
                          SUBS_CONTENT="absolute"/>
                  <SP HEIGHT="47" WIDTH="15" VPOS="748" HPOS="1344"/>
                  <String HEIGHT="47"
                          WIDTH="216"
                          VPOS="748"
                          HPOS="1298"
                          CONTENT="significat"/>
                  <SP HEIGHT="47" WIDTH="15" VPOS="748" HPOS="1513"/>
                  <String HEIGHT="47"
                          WIDTH="170"
                          VPOS="748"
                          HPOS="1467"
                          CONTENT="naturam"/>
                  <SP HEIGHT="47" WIDTH="15" VPOS="748" HPOS="1637"/>
                  <String HEIGHT="47"
                          WIDTH="170"
                          VPOS="748"
                          HPOS="1591"
                          CONTENT="humanam"/>
                  <SP HEIGHT="47" WIDTH="15" VPOS="748" HPOS="1760"/>
                  <String HEIGHT="47"
                          WIDTH="108"
                          VPOS="748"
                          HPOS="1714"
                          CONTENT="non"/>
                  <SP HEIGHT="47" WIDTH="15" VPOS="748" HPOS="1822"/>
                  <String HEIGHT="47"
                          WIDTH="185"
                          VPOS="748"
                          HPOS="1760"
                          CONTENT="connotando"/>
               </TextLine>
               <TextLine ID="r3l15"
                         BASELINE="836"
                         HEIGHT="50"
                         WIDTH="727"
                         VPOS="786"
                         HPOS="1237">
                  <String HEIGHT="50"
                          WIDTH="217"
                          VPOS="786"
                          HPOS="1222"
                          CONTENT="negationem"/>
                  <SP HEIGHT="50" WIDTH="15" VPOS="786" HPOS="1438"/>
                  <String HEIGHT="50"
                          WIDTH="232"
                          VPOS="786"
                          HPOS="1392"
                          CONTENT="dependentie"/>
                  <SP HEIGHT="50" WIDTH="15" VPOS="786" HPOS="1624"/>
                  <String HEIGHT="50"
                          WIDTH="108"
                          VPOS="786"
                          HPOS="1577"
                          CONTENT="nec"/>
                  <SP HEIGHT="50" WIDTH="15" VPOS="786" HPOS="1686"/>
                  <String HEIGHT="50"
                          WIDTH="108"
                          VPOS="786"
                          HPOS="1639"
                          CONTENT="non"/>
                  <SP HEIGHT="50" WIDTH="15" VPOS="786" HPOS="1747"/>
                  <String HEIGHT="50"
                          WIDTH="247"
                          VPOS="786"
                          HPOS="1701"
                          CONTENT="dependentie:"/>
                  <SP HEIGHT="50" WIDTH="15" VPOS="786" HPOS="1949"/>
                  <String HEIGHT="50" WIDTH="77" VPOS="786" HPOS="1887" CONTENT="nec"/>
               </TextLine>
               <TextLine ID="r3l16"
                         BASELINE="885"
                         HEIGHT="56"
                         WIDTH="725"
                         VPOS="829"
                         HPOS="1239">
                  <String HEIGHT="56"
                          WIDTH="163"
                          VPOS="829"
                          HPOS="1224"
                          CONTENT="aliquod"/>
                  <SP HEIGHT="56" WIDTH="15" VPOS="829" HPOS="1387"/>
                  <String HEIGHT="56"
                          WIDTH="207"
                          VPOS="829"
                          HPOS="1343"
                          CONTENT="suppositum"/>
                  <SP HEIGHT="56" WIDTH="15" VPOS="829" HPOS="1550"/>
                  <String HEIGHT="56" WIDTH="89" VPOS="829" HPOS="1505" CONTENT="ad"/>
                  <SP HEIGHT="56" WIDTH="15" VPOS="829" HPOS="1594"/>
                  <String HEIGHT="56"
                          WIDTH="118"
                          VPOS="829"
                          HPOS="1550"
                          CONTENT="quod"/>
                  <SP HEIGHT="56" WIDTH="15" VPOS="829" HPOS="1668"/>
                  <String HEIGHT="56"
                          WIDTH="178"
                          VPOS="829"
                          HPOS="1624"
                          CONTENT="dependet"/>
                  <SP HEIGHT="56" WIDTH="15" VPOS="829" HPOS="1801"/>
                  <String HEIGHT="56"
                          WIDTH="104"
                          VPOS="829"
                          HPOS="1757"
                          CONTENT="vel"/>
                  <SP HEIGHT="56" WIDTH="15" VPOS="829" HPOS="1860"/>
                  <String HEIGHT="56"
                          WIDTH="163"
                          VPOS="829"
                          HPOS="1801"
                          CONTENT="dependere"/>
               </TextLine>
               <TextLine ID="r3l17"
                         BASELINE="932"
                         HEIGHT="56"
                         WIDTH="723"
                         VPOS="876"
                         HPOS="1240">
                  <String HEIGHT="56"
                          WIDTH="113"
                          VPOS="876"
                          HPOS="1229"
                          CONTENT="potest"/>
                  <SP HEIGHT="56" WIDTH="11" VPOS="876" HPOS="1342"/>
                  <String HEIGHT="56"
                          WIDTH="90"
                          VPOS="876"
                          HPOS="1308"
                          CONTENT="quia"/>
                  <SP HEIGHT="56" WIDTH="11" VPOS="876" HPOS="1398"/>
                  <String HEIGHT="56" WIDTH="79" VPOS="876" HPOS="1364" CONTENT="nil"/>
                  <SP HEIGHT="56" WIDTH="11" VPOS="876" HPOS="1443"/>
                  <String HEIGHT="56"
                          WIDTH="124"
                          VPOS="876"
                          HPOS="1409"
                          CONTENT="penitus"/>
                  <SP HEIGHT="56" WIDTH="11" VPOS="876" HPOS="1534"/>
                  <String HEIGHT="56"
                          WIDTH="147"
                          VPOS="876"
                          HPOS="1500"
                          CONTENT="connotat:"/>
                  <SP HEIGHT="56" WIDTH="11" VPOS="876" HPOS="1647"/>
                  <String HEIGHT="56" WIDTH="68" VPOS="876" HPOS="1613" CONTENT="et"/>
                  <SP HEIGHT="56" WIDTH="11" VPOS="876" HPOS="1681"/>
                  <String HEIGHT="56"
                          WIDTH="90"
                          VPOS="876"
                          HPOS="1647"
                          CONTENT="ideo"/>
                  <SP HEIGHT="56" WIDTH="11" VPOS="876" HPOS="1737"/>
                  <String HEIGHT="56"
                          WIDTH="102"
                          VPOS="876"
                          HPOS="1703"
                          CONTENT="sicut"/>
                  <SP HEIGHT="56" WIDTH="11" VPOS="876" HPOS="1805"/>
                  <String HEIGHT="56" WIDTH="79" VPOS="876" HPOS="1771" CONTENT="hoc"/>
                  <SP HEIGHT="56" WIDTH="11" VPOS="876" HPOS="1850"/>
                  <String HEIGHT="56" WIDTH="79" VPOS="876" HPOS="1816" CONTENT="est"/>
                  <SP HEIGHT="56" WIDTH="11" VPOS="876" HPOS="1895"/>
                  <String HEIGHT="56"
                          WIDTH="90"
                          VPOS="876"
                          HPOS="1861"
                          CONTENT="vera"/>
                  <SP HEIGHT="56" WIDTH="11" VPOS="876" HPOS="1952"/>
                  <String HEIGHT="56" WIDTH="56" VPOS="876" HPOS="1907" CONTENT="hua"/>
               </TextLine>
               <TextLine ID="r3l18"
                         BASELINE="968"
                         HEIGHT="53"
                         WIDTH="722"
                         VPOS="915"
                         HPOS="1233">
                  <String HEIGHT="53"
                          WIDTH="116"
                          VPOS="915"
                          HPOS="1220"
                          CONTENT="nitas"/>
                  <SP HEIGHT="53" WIDTH="13" VPOS="915" HPOS="1336"/>
                  <String HEIGHT="53"
                          WIDTH="129"
                          VPOS="915"
                          HPOS="1297"
                          CONTENT="potest"/>
                  <SP HEIGHT="53" WIDTH="13" VPOS="915" HPOS="1426"/>
                  <String HEIGHT="53"
                          WIDTH="103"
                          VPOS="915"
                          HPOS="1388"
                          CONTENT="esse"/>
                  <SP HEIGHT="53" WIDTH="13" VPOS="915" HPOS="1491"/>
                  <String HEIGHT="53"
                          WIDTH="116"
                          VPOS="915"
                          HPOS="1452"
                          CONTENT="vnita"/>
                  <SP HEIGHT="53" WIDTH="13" VPOS="915" HPOS="1568"/>
                  <String HEIGHT="53"
                          WIDTH="129"
                          VPOS="915"
                          HPOS="1530"
                          CONTENT="verbo:"/>
                  <SP HEIGHT="53" WIDTH="13" VPOS="915" HPOS="1658"/>
                  <String HEIGHT="53" WIDTH="90" VPOS="915" HPOS="1620" CONTENT="ita"/>
                  <SP HEIGHT="53" WIDTH="13" VPOS="915" HPOS="1710"/>
                  <String HEIGHT="53"
                          WIDTH="103"
                          VPOS="915"
                          HPOS="1671"
                          CONTENT="haec"/>
                  <SP HEIGHT="53" WIDTH="13" VPOS="915" HPOS="1775"/>
                  <String HEIGHT="53" WIDTH="90" VPOS="915" HPOS="1736" CONTENT="est"/>
                  <SP HEIGHT="53" WIDTH="13" VPOS="915" HPOS="1826"/>
                  <String HEIGHT="53"
                          WIDTH="103"
                          VPOS="915"
                          HPOS="1787"
                          CONTENT="vera"/>
                  <SP HEIGHT="53" WIDTH="13" VPOS="915" HPOS="1891"/>
                  <String HEIGHT="53"
                          WIDTH="116"
                          VPOS="915"
                          HPOS="1839"
                          CONTENT="humani"
                          SUBS_TYPE="HypPart1"
                          SUBS_CONTENT="humanitas"/>
                  <HYP CONTENT="-"/>
               </TextLine>
               <TextLine ID="r3l20"
                         BASELINE="1013"
                         HEIGHT="50"
                         WIDTH="704"
                         VPOS="963"
                         HPOS="1245">
                  <String HEIGHT="50"
                          WIDTH="103"
                          VPOS="963"
                          HPOS="1230"
                          CONTENT="tas"
                          SUBS_TYPE="HypPart2"
                          SUBS_CONTENT="humanitas"/>
                  <SP HEIGHT="50" WIDTH="15" VPOS="963" HPOS="1333"/>
                  <String HEIGHT="50"
                          WIDTH="103"
                          VPOS="963"
                          HPOS="1289"
                          CONTENT="est"/>
                  <SP HEIGHT="50" WIDTH="15" VPOS="963" HPOS="1392"/>
                  <String HEIGHT="50"
                          WIDTH="132"
                          VPOS="963"
                          HPOS="1348"
                          CONTENT="vnita"/>
                  <SP HEIGHT="50" WIDTH="15" VPOS="963" HPOS="1480"/>
                  <String HEIGHT="50"
                          WIDTH="147"
                          VPOS="963"
                          HPOS="1436"
                          CONTENT="verbo."/>
                  <SP HEIGHT="50" WIDTH="15" VPOS="963" HPOS="1582"/>
                  <String HEIGHT="50" WIDTH="73" VPOS="963" HPOS="1538" CONTENT="⁋"/>
                  <SP HEIGHT="50" WIDTH="15" VPOS="963" HPOS="1612"/>
                  <String HEIGHT="50" WIDTH="88" VPOS="963" HPOS="1568" CONTENT="Ad"/>
                  <SP HEIGHT="50" WIDTH="15" VPOS="963" HPOS="1656"/>
                  <String HEIGHT="50"
                          WIDTH="132"
                          VPOS="963"
                          HPOS="1612"
                          CONTENT="aliud"/>
                  <SP HEIGHT="50" WIDTH="15" VPOS="963" HPOS="1744"/>
                  <String HEIGHT="50"
                          WIDTH="117"
                          VPOS="963"
                          HPOS="1700"
                          CONTENT="dico"/>
                  <SP HEIGHT="50" WIDTH="15" VPOS="963" HPOS="1817"/>
                  <String HEIGHT="50"
                          WIDTH="117"
                          VPOS="963"
                          HPOS="1773"
                          CONTENT="quod"/>
                  <SP HEIGHT="50" WIDTH="15" VPOS="963" HPOS="1890"/>
                  <String HEIGHT="50"
                          WIDTH="117"
                          VPOS="963"
                          HPOS="1832"
                          CONTENT="natura"/>
               </TextLine>
               <TextLine ID="r3l21"
                         BASELINE="1056"
                         HEIGHT="47"
                         WIDTH="698"
                         VPOS="1009"
                         HPOS="1254">
                  <String HEIGHT="47"
                          WIDTH="128"
                          VPOS="1009"
                          HPOS="1240"
                          CONTENT="vnita"/>
                  <SP HEIGHT="47" WIDTH="14" VPOS="1009" HPOS="1368"/>
                  <String HEIGHT="47"
                          WIDTH="100"
                          VPOS="1009"
                          HPOS="1325"
                          CONTENT="non"/>
                  <SP HEIGHT="47" WIDTH="14" VPOS="1009" HPOS="1425"/>
                  <String HEIGHT="47"
                          WIDTH="128"
                          VPOS="1009"
                          HPOS="1382"
                          CONTENT="caret"/>
                  <SP HEIGHT="47" WIDTH="14" VPOS="1009" HPOS="1510"/>
                  <String HEIGHT="47"
                          WIDTH="142"
                          VPOS="1009"
                          HPOS="1468"
                          CONTENT="aliquo"/>
                  <SP HEIGHT="47" WIDTH="14" VPOS="1009" HPOS="1610"/>
                  <String HEIGHT="47"
                          WIDTH="199"
                          VPOS="1009"
                          HPOS="1567"
                          CONTENT="importante"/>
                  <SP HEIGHT="47" WIDTH="14" VPOS="1009" HPOS="1767"/>
                  <String HEIGHT="47"
                          WIDTH="214"
                          VPOS="1009"
                          HPOS="1724"
                          CONTENT="dignitatem:"/>
                  <SP HEIGHT="47" WIDTH="14" VPOS="1009" HPOS="1938"/>
                  <String HEIGHT="47"
                          WIDTH="71"
                          VPOS="1009"
                          HPOS="1881"
                          CONTENT="im"
                          SUBS_TYPE="HypPart1"
                          SUBS_CONTENT="immo"/>
                  <HYP CONTENT="-"/>
               </TextLine>
               <TextLine ID="r3l22"
                         BASELINE="1098"
                         HEIGHT="56"
                         WIDTH="723"
                         VPOS="1042"
                         HPOS="1241">
                  <String HEIGHT="56"
                          WIDTH="80"
                          VPOS="1042"
                          HPOS="1228"
                          CONTENT="mo"
                          SUBS_TYPE="HypPart2"
                          SUBS_CONTENT="immo"/>
                  <SP HEIGHT="56" WIDTH="13" VPOS="1042" HPOS="1308"/>
                  <String HEIGHT="56"
                          WIDTH="161"
                          VPOS="1042"
                          HPOS="1268"
                          CONTENT="quicquid"/>
                  <SP HEIGHT="56" WIDTH="13" VPOS="1042" HPOS="1428"/>
                  <String HEIGHT="56"
                          WIDTH="147"
                          VPOS="1042"
                          HPOS="1388"
                          CONTENT="haberet"/>
                  <SP HEIGHT="56" WIDTH="13" VPOS="1042" HPOS="1536"/>
                  <String HEIGHT="56"
                          WIDTH="174"
                          VPOS="1042"
                          HPOS="1495"
                          CONTENT="positiuum"/>
                  <SP HEIGHT="56" WIDTH="13" VPOS="1042" HPOS="1669"/>
                  <String HEIGHT="56" WIDTH="80" VPOS="1042" HPOS="1629" CONTENT="si"/>
                  <SP HEIGHT="56" WIDTH="13" VPOS="1042" HPOS="1710"/>
                  <String HEIGHT="56"
                          WIDTH="94"
                          VPOS="1042"
                          HPOS="1669"
                          CONTENT="non"/>
                  <SP HEIGHT="56" WIDTH="13" VPOS="1042" HPOS="1763"/>
                  <String HEIGHT="56"
                          WIDTH="121"
                          VPOS="1042"
                          HPOS="1723"
                          CONTENT="esset"/>
                  <SP HEIGHT="56" WIDTH="13" VPOS="1042" HPOS="1844"/>
                  <String HEIGHT="56"
                          WIDTH="121"
                          VPOS="1042"
                          HPOS="1803"
                          CONTENT="vnita"/>
                  <SP HEIGHT="56" WIDTH="13" VPOS="1042" HPOS="1924"/>
                  <String HEIGHT="56"
                          WIDTH="94"
                          VPOS="1042"
                          HPOS="1870"
                          CONTENT="habet"/>
               </TextLine>
               <TextLine ID="r3l23"
                         BASELINE="1152"
                         HEIGHT="57"
                         WIDTH="721"
                         VPOS="1095"
                         HPOS="1243">
                  <String HEIGHT="57"
                          WIDTH="98"
                          VPOS="1095"
                          HPOS="1231"
                          CONTENT="modo"/>
                  <SP HEIGHT="57" WIDTH="12" VPOS="1095" HPOS="1329"/>
                  <String HEIGHT="57" WIDTH="73" VPOS="1095" HPOS="1292" CONTENT="et"/>
                  <SP HEIGHT="57" WIDTH="12" VPOS="1095" HPOS="1365"/>
                  <String HEIGHT="57"
                          WIDTH="98"
                          VPOS="1095"
                          HPOS="1329"
                          CONTENT="plus"/>
                  <SP HEIGHT="57" WIDTH="12" VPOS="1095" HPOS="1426"/>
                  <String HEIGHT="57"
                          WIDTH="98"
                          VPOS="1095"
                          HPOS="1390"
                          CONTENT="quia"/>
                  <SP HEIGHT="57" WIDTH="12" VPOS="1095" HPOS="1487"/>
                  <String HEIGHT="57"
                          WIDTH="159"
                          VPOS="1095"
                          HPOS="1451"
                          CONTENT="respectum"/>
                  <SP HEIGHT="57" WIDTH="12" VPOS="1095" HPOS="1610"/>
                  <String HEIGHT="57"
                          WIDTH="147"
                          VPOS="1095"
                          HPOS="1573"
                          CONTENT="vnionis:"/>
                  <SP HEIGHT="57" WIDTH="12" VPOS="1095" HPOS="1720"/>
                  <String HEIGHT="57"
                          WIDTH="98"
                          VPOS="1095"
                          HPOS="1683"
                          CONTENT="quia"/>
                  <SP HEIGHT="57" WIDTH="12" VPOS="1095" HPOS="1781"/>
                  <String HEIGHT="57"
                          WIDTH="196"
                          VPOS="1095"
                          HPOS="1744"
                          CONTENT="personalitas"/>
                  <SP HEIGHT="57" WIDTH="12" VPOS="1095" HPOS="1940"/>
                  <String HEIGHT="57"
                          WIDTH="73"
                          VPOS="1095"
                          HPOS="1891"
                          CONTENT="pro"
                          SUBS_TYPE="HypPart1"
                          SUBS_CONTENT="propria"/>
                  <HYP CONTENT="-"/>
               </TextLine>
               <TextLine ID="r3l25"
                         BASELINE="1191"
                         HEIGHT="59"
                         WIDTH="711"
                         VPOS="1132"
                         HPOS="1253">
                  <String HEIGHT="59"
                          WIDTH="116"
                          VPOS="1132"
                          HPOS="1238"
                          CONTENT="pria"
                          SUBS_TYPE="HypPart2"
                          SUBS_CONTENT="propria"/>
                  <SP HEIGHT="59" WIDTH="15" VPOS="1132" HPOS="1355"/>
                  <String HEIGHT="59"
                          WIDTH="102"
                          VPOS="1132"
                          HPOS="1311"
                          CONTENT="non"/>
                  <SP HEIGHT="59" WIDTH="15" VPOS="1132" HPOS="1413"/>
                  <String HEIGHT="59"
                          WIDTH="102"
                          VPOS="1132"
                          HPOS="1369"
                          CONTENT="est"/>
                  <SP HEIGHT="59" WIDTH="15" VPOS="1132" HPOS="1471"/>
                  <String HEIGHT="59"
                          WIDTH="116"
                          VPOS="1132"
                          HPOS="1427"
                          CONTENT="nisi"/>
                  <SP HEIGHT="59" WIDTH="15" VPOS="1132" HPOS="1543"/>
                  <String HEIGHT="59"
                          WIDTH="145"
                          VPOS="1132"
                          HPOS="1500"
                          CONTENT="quadam"/>
                  <SP HEIGHT="59" WIDTH="15" VPOS="1132" HPOS="1645"/>
                  <String HEIGHT="59"
                          WIDTH="174"
                          VPOS="1132"
                          HPOS="1601"
                          CONTENT="negatio."/>
                  <SP HEIGHT="59" WIDTH="15" VPOS="1132" HPOS="1775"/>
                  <String HEIGHT="59" WIDTH="73" VPOS="1132" HPOS="1732" CONTENT="⁋"/>
                  <SP HEIGHT="59" WIDTH="15" VPOS="1132" HPOS="1804"/>
                  <String HEIGHT="59" WIDTH="87" VPOS="1132" HPOS="1761" CONTENT="Ad"/>
                  <SP HEIGHT="59" WIDTH="15" VPOS="1132" HPOS="1848"/>
                  <String HEIGHT="59"
                          WIDTH="131"
                          VPOS="1132"
                          HPOS="1804"
                          CONTENT="aliud"/>
                  <SP HEIGHT="59" WIDTH="15" VPOS="1132" HPOS="1935"/>
                  <String HEIGHT="59"
                          WIDTH="87"
                          VPOS="1132"
                          HPOS="1877"
                          CONTENT="dico"/>
               </TextLine>
               <TextLine ID="r3l26"
                         BASELINE="1235"
                         HEIGHT="57"
                         WIDTH="709"
                         VPOS="1178"
                         HPOS="1251">
                  <String HEIGHT="57"
                          WIDTH="100"
                          VPOS="1178"
                          HPOS="1239"
                          CONTENT="quod"/>
                  <SP HEIGHT="57" WIDTH="12" VPOS="1178" HPOS="1338"/>
                  <String HEIGHT="57"
                          WIDTH="124"
                          VPOS="1178"
                          HPOS="1301"
                          CONTENT="natura"/>
                  <SP HEIGHT="57" WIDTH="12" VPOS="1178" HPOS="1425"/>
                  <String HEIGHT="57"
                          WIDTH="149"
                          VPOS="1178"
                          HPOS="1388"
                          CONTENT="assumpta"/>
                  <SP HEIGHT="57" WIDTH="12" VPOS="1178" HPOS="1537"/>
                  <String HEIGHT="57"
                          WIDTH="87"
                          VPOS="1178"
                          HPOS="1500"
                          CONTENT="non"/>
                  <SP HEIGHT="57" WIDTH="12" VPOS="1178" HPOS="1587"/>
                  <String HEIGHT="57"
                          WIDTH="87"
                          VPOS="1178"
                          HPOS="1550"
                          CONTENT="est"/>
                  <SP HEIGHT="57" WIDTH="12" VPOS="1178" HPOS="1637"/>
                  <String HEIGHT="57"
                          WIDTH="124"
                          VPOS="1178"
                          HPOS="1599"
                          CONTENT="aliqua"/>
                  <SP HEIGHT="57" WIDTH="12" VPOS="1178" HPOS="1724"/>
                  <String HEIGHT="57"
                          WIDTH="149"
                          VPOS="1178"
                          HPOS="1686"
                          CONTENT="persona:"/>
                  <SP HEIGHT="57" WIDTH="12" VPOS="1178" HPOS="1836"/>
                  <String HEIGHT="57"
                          WIDTH="100"
                          VPOS="1178"
                          HPOS="1798"
                          CONTENT="quia"/>
                  <SP HEIGHT="57" WIDTH="12" VPOS="1178" HPOS="1898"/>
                  <String HEIGHT="57"
                          WIDTH="87"
                          VPOS="1178"
                          HPOS="1860"
                          CONTENT="nec"/>
                  <SP HEIGHT="57" WIDTH="12" VPOS="1178" HPOS="1948"/>
                  <String HEIGHT="57"
                          WIDTH="62"
                          VPOS="1178"
                          HPOS="1898"
                          CONTENT="di"
                          SUBS_TYPE="HypPart1"
                          SUBS_CONTENT="diuina"/>
                  <HYP CONTENT="-"/>
               </TextLine>
               <TextLine ID="r3l27"
                         BASELINE="1270"
                         HEIGHT="49"
                         WIDTH="725"
                         VPOS="1221"
                         HPOS="1250">
                  <String HEIGHT="49"
                          WIDTH="105"
                          VPOS="1221"
                          HPOS="1237"
                          CONTENT="uina"
                          SUBS_TYPE="HypPart2"
                          SUBS_CONTENT="diuina"/>
                  <SP HEIGHT="49" WIDTH="13" VPOS="1221" HPOS="1342"/>
                  <String HEIGHT="49"
                          WIDTH="92"
                          VPOS="1221"
                          HPOS="1303"
                          CONTENT="nec"/>
                  <SP HEIGHT="49" WIDTH="13" VPOS="1221" HPOS="1395"/>
                  <String HEIGHT="49"
                          WIDTH="145"
                          VPOS="1221"
                          HPOS="1355"
                          CONTENT="humana:"/>
                  <SP HEIGHT="49" WIDTH="13" VPOS="1221" HPOS="1500"/>
                  <String HEIGHT="49"
                          WIDTH="119"
                          VPOS="1221"
                          HPOS="1461"
                          CONTENT="tamen"/>
                  <SP HEIGHT="49" WIDTH="13" VPOS="1221" HPOS="1580"/>
                  <String HEIGHT="49"
                          WIDTH="145"
                          VPOS="1221"
                          HPOS="1540"
                          CONTENT="dicitur"/>
                  <SP HEIGHT="49" WIDTH="13" VPOS="1221" HPOS="1685"/>
                  <String HEIGHT="49"
                          WIDTH="171"
                          VPOS="1221"
                          HPOS="1645"
                          CONTENT="personata"/>
                  <SP HEIGHT="49" WIDTH="13" VPOS="1221" HPOS="1817"/>
                  <String HEIGHT="49" WIDTH="66" VPOS="1221" HPOS="1777" CONTENT="a"/>
                  <SP HEIGHT="49" WIDTH="13" VPOS="1221" HPOS="1843"/>
                  <String HEIGHT="49"
                          WIDTH="145"
                          VPOS="1221"
                          HPOS="1804"
                          CONTENT="persona"/>
                  <SP HEIGHT="49" WIDTH="13" VPOS="1221" HPOS="1949"/>
                  <String HEIGHT="49"
                          WIDTH="79"
                          VPOS="1221"
                          HPOS="1896"
                          CONTENT="dei:"/>
               </TextLine>
               <TextLine ID="r3l28"
                         BASELINE="1322"
                         HEIGHT="50"
                         WIDTH="707"
                         VPOS="1272"
                         HPOS="1257">
                  <String HEIGHT="50"
                          WIDTH="85"
                          VPOS="1272"
                          HPOS="1245"
                          CONTENT="qui"/>
                  <SP HEIGHT="50" WIDTH="12" VPOS="1272" HPOS="1330"/>
                  <String HEIGHT="50"
                          WIDTH="232"
                          VPOS="1272"
                          HPOS="1294"
                          CONTENT="sustentificatur"/>
                  <SP HEIGHT="50" WIDTH="12" VPOS="1272" HPOS="1525"/>
                  <String HEIGHT="50" WIDTH="73" VPOS="1272" HPOS="1489" CONTENT="ab"/>
                  <SP HEIGHT="50" WIDTH="12" VPOS="1272" HPOS="1562"/>
                  <String HEIGHT="50"
                          WIDTH="85"
                          VPOS="1272"
                          HPOS="1525"
                          CONTENT="ea."/>
                  <SP HEIGHT="50" WIDTH="12" VPOS="1272" HPOS="1611"/>
                  <String HEIGHT="50"
                          WIDTH="85"
                          VPOS="1272"
                          HPOS="1574"
                          CONTENT="non"/>
                  <SP HEIGHT="50" WIDTH="12" VPOS="1272" HPOS="1659"/>
                  <String HEIGHT="50"
                          WIDTH="98"
                          VPOS="1272"
                          HPOS="1623"
                          CONTENT="quia"/>
                  <SP HEIGHT="50" WIDTH="12" VPOS="1272" HPOS="1720"/>
                  <String HEIGHT="50"
                          WIDTH="85"
                          VPOS="1272"
                          HPOS="1684"
                          CONTENT="est"/>
                  <SP HEIGHT="50" WIDTH="12" VPOS="1272" HPOS="1769"/>
                  <String HEIGHT="50"
                          WIDTH="134"
                          VPOS="1272"
                          HPOS="1732"
                          CONTENT="persona"/>
                  <SP HEIGHT="50" WIDTH="12" VPOS="1272" HPOS="1866"/>
                  <String HEIGHT="50"
                          WIDTH="134"
                          VPOS="1272"
                          HPOS="1830"
                          CONTENT="diuina:"/>
                  <SP HEIGHT="50" WIDTH="12" VPOS="1272" HPOS="1964"/>
                  <String HEIGHT="50" WIDTH="49" VPOS="1272" HPOS="1915" CONTENT="im"/>
               </TextLine>
               <TextLine ID="r3l29"
                         BASELINE="1362"
                         HEIGHT="52"
                         WIDTH="705"
                         VPOS="1310"
                         HPOS="1253">
                  <String HEIGHT="52" WIDTH="78" VPOS="1310" HPOS="1240" CONTENT="mo"/>
                  <SP HEIGHT="52" WIDTH="13" VPOS="1310" HPOS="1318"/>
                  <String HEIGHT="52"
                          WIDTH="104"
                          VPOS="1310"
                          HPOS="1279"
                          CONTENT="haoc"/>
                  <SP HEIGHT="52" WIDTH="13" VPOS="1310" HPOS="1384"/>
                  <String HEIGHT="52"
                          WIDTH="91"
                          VPOS="1310"
                          HPOS="1344"
                          CONTENT="est"/>
                  <SP HEIGHT="52" WIDTH="13" VPOS="1310" HPOS="1436"/>
                  <String HEIGHT="52"
                          WIDTH="91"
                          VPOS="1310"
                          HPOS="1397"
                          CONTENT="ita"/>
                  <SP HEIGHT="52" WIDTH="13" VPOS="1310" HPOS="1488"/>
                  <String HEIGHT="52"
                          WIDTH="209"
                          VPOS="1310"
                          HPOS="1449"
                          CONTENT="impossibilis"/>
                  <SP HEIGHT="52" WIDTH="13" VPOS="1310" HPOS="1658"/>
                  <String HEIGHT="52"
                          WIDTH="118"
                          VPOS="1310"
                          HPOS="1619"
                          CONTENT="sicut"/>
                  <SP HEIGHT="52" WIDTH="13" VPOS="1310" HPOS="1736"/>
                  <String HEIGHT="52"
                          WIDTH="91"
                          VPOS="1310"
                          HPOS="1697"
                          CONTENT="hoc"/>
                  <SP HEIGHT="52" WIDTH="13" VPOS="1310" HPOS="1788"/>
                  <String HEIGHT="52"
                          WIDTH="104"
                          VPOS="1310"
                          HPOS="1749"
                          CONTENT="homo"/>
                  <SP HEIGHT="52" WIDTH="13" VPOS="1310" HPOS="1854"/>
                  <String HEIGHT="52"
                          WIDTH="91"
                          VPOS="1310"
                          HPOS="1814"
                          CONTENT="est"/>
                  <SP HEIGHT="52" WIDTH="13" VPOS="1310" HPOS="1906"/>
                  <String HEIGHT="52"
                          WIDTH="104"
                          VPOS="1310"
                          HPOS="1854"
                          CONTENT="asinus"/>
               </TextLine>
               <TextLine ID="line_1597928830517_1465"
                         BASELINE="1408"
                         HEIGHT="65"
                         WIDTH="724"
                         VPOS="1343"
                         HPOS="1260">
                  <String HEIGHT="65"
                          WIDTH="89"
                          VPOS="1343"
                          HPOS="1247"
                          CONTENT="qui"/>
                  <SP HEIGHT="65" WIDTH="13" VPOS="1343" HPOS="1336"/>
                  <String HEIGHT="65"
                          WIDTH="241"
                          VPOS="1343"
                          HPOS="1298"
                          CONTENT="sustentificatur"/>
                  <SP HEIGHT="65" WIDTH="13" VPOS="1343" HPOS="1539"/>
                  <String HEIGHT="65" WIDTH="76" VPOS="1343" HPOS="1501" CONTENT="ab"/>
                  <SP HEIGHT="65" WIDTH="13" VPOS="1343" HPOS="1578"/>
                  <String HEIGHT="65"
                          WIDTH="89"
                          VPOS="1343"
                          HPOS="1539"
                          CONTENT="ea."/>
                  <SP HEIGHT="65" WIDTH="13" VPOS="1343" HPOS="1628"/>
                  <String HEIGHT="65"
                          WIDTH="89"
                          VPOS="1343"
                          HPOS="1590"
                          CONTENT="non"/>
                  <SP HEIGHT="65" WIDTH="13" VPOS="1343" HPOS="1679"/>
                  <String HEIGHT="65"
                          WIDTH="102"
                          VPOS="1343"
                          HPOS="1641"
                          CONTENT="quia"/>
                  <SP HEIGHT="65" WIDTH="13" VPOS="1343" HPOS="1743"/>
                  <String HEIGHT="65"
                          WIDTH="140"
                          VPOS="1343"
                          HPOS="1705"
                          CONTENT="persona"/>
                  <SP HEIGHT="65" WIDTH="13" VPOS="1343" HPOS="1844"/>
                  <String HEIGHT="65"
                          WIDTH="140"
                          VPOS="1343"
                          HPOS="1806"
                          CONTENT="divina."/>
                  <SP HEIGHT="65" WIDTH="13" VPOS="1343" HPOS="1946"/>
                  <String HEIGHT="65" WIDTH="64" VPOS="1343" HPOS="1908" CONTENT="⁋"/>
                  <SP HEIGHT="65" WIDTH="13" VPOS="1343" HPOS="1971"/>
                  <String HEIGHT="65" WIDTH="76" VPOS="1343" HPOS="1933" CONTENT="Ad"/>
                  <SP HEIGHT="65" WIDTH="13" VPOS="1343" HPOS="2009"/>
                  <String HEIGHT="65" WIDTH="25" VPOS="1343" HPOS="1959" CONTENT=""/>
               </TextLine>
               <TextLine ID="r3l31"
                         BASELINE="1446"
                         HEIGHT="51"
                         WIDTH="716"
                         VPOS="1395"
                         HPOS="1254">
                  <String HEIGHT="51"
                          WIDTH="119"
                          VPOS="1395"
                          HPOS="1241"
                          CONTENT="aliud"/>
                  <SP HEIGHT="51" WIDTH="13" VPOS="1395" HPOS="1360"/>
                  <String HEIGHT="51"
                          WIDTH="106"
                          VPOS="1395"
                          HPOS="1320"
                          CONTENT="dico"/>
                  <SP HEIGHT="51" WIDTH="13" VPOS="1395" HPOS="1426"/>
                  <String HEIGHT="51"
                          WIDTH="106"
                          VPOS="1395"
                          HPOS="1387"
                          CONTENT="quod"/>
                  <SP HEIGHT="51" WIDTH="13" VPOS="1395" HPOS="1493"/>
                  <String HEIGHT="51"
                          WIDTH="119"
                          VPOS="1395"
                          HPOS="1453"
                          CONTENT="licet"/>
                  <SP HEIGHT="51" WIDTH="13" VPOS="1395" HPOS="1572"/>
                  <String HEIGHT="51"
                          WIDTH="146"
                          VPOS="1395"
                          HPOS="1532"
                          CONTENT="persone"/>
                  <SP HEIGHT="51" WIDTH="13" VPOS="1395" HPOS="1678"/>
                  <String HEIGHT="51"
                          WIDTH="133"
                          VPOS="1395"
                          HPOS="1639"
                          CONTENT="diuine"/>
                  <SP HEIGHT="51" WIDTH="13" VPOS="1395" HPOS="1771"/>
                  <String HEIGHT="51"
                          WIDTH="106"
                          VPOS="1395"
                          HPOS="1731"
                          CONTENT="sint"/>
                  <SP HEIGHT="51" WIDTH="13" VPOS="1395" HPOS="1837"/>
                  <String HEIGHT="51"
                          WIDTH="93"
                          VPOS="1395"
                          HPOS="1798"
                          CONTENT="vna"/>
                  <SP HEIGHT="51" WIDTH="13" VPOS="1395" HPOS="1890"/>
                  <String HEIGHT="51"
                          WIDTH="93"
                          VPOS="1395"
                          HPOS="1851"
                          CONTENT="res"/>
                  <SP HEIGHT="51" WIDTH="13" VPOS="1395" HPOS="1943"/>
                  <String HEIGHT="51"
                          WIDTH="80"
                          VPOS="1395"
                          HPOS="1890"
                          CONTENT="quia"/>
               </TextLine>
               <TextLine ID="r3l32"
                         BASELINE="1488"
                         HEIGHT="44"
                         WIDTH="721"
                         VPOS="1444"
                         HPOS="1254">
                  <String HEIGHT="44"
                          WIDTH="95"
                          VPOS="1444"
                          HPOS="1240"
                          CONTENT="vna"/>
                  <SP HEIGHT="44" WIDTH="14" VPOS="1444" HPOS="1336"/>
                  <String HEIGHT="44"
                          WIDTH="177"
                          VPOS="1444"
                          HPOS="1295"
                          CONTENT="essentia:"/>
                  <SP HEIGHT="44" WIDTH="14" VPOS="1444" HPOS="1472"/>
                  <String HEIGHT="44"
                          WIDTH="122"
                          VPOS="1444"
                          HPOS="1431"
                          CONTENT="tamen"/>
                  <SP HEIGHT="44" WIDTH="14" VPOS="1444" HPOS="1553"/>
                  <String HEIGHT="44"
                          WIDTH="122"
                          VPOS="1444"
                          HPOS="1512"
                          CONTENT="inter"/>
                  <SP HEIGHT="44" WIDTH="14" VPOS="1444" HPOS="1635"/>
                  <String HEIGHT="44" WIDTH="82" VPOS="1444" HPOS="1594" CONTENT="se"/>
                  <SP HEIGHT="44" WIDTH="14" VPOS="1444" HPOS="1676"/>
                  <String HEIGHT="44"
                          WIDTH="109"
                          VPOS="1444"
                          HPOS="1635"
                          CONTENT="sunt"/>
                  <SP HEIGHT="44" WIDTH="14" VPOS="1444" HPOS="1744"/>
                  <String HEIGHT="44"
                          WIDTH="177"
                          VPOS="1444"
                          HPOS="1703"
                          CONTENT="distincte"/>
                  <SP HEIGHT="44" WIDTH="14" VPOS="1444" HPOS="1880"/>
                  <String HEIGHT="44"
                          WIDTH="109"
                          VPOS="1444"
                          HPOS="1839"
                          CONTENT="res:"/>
                  <SP HEIGHT="44" WIDTH="14" VPOS="1444" HPOS="1948"/>
                  <String HEIGHT="44"
                          WIDTH="82"
                          VPOS="1444"
                          HPOS="1893"
                          CONTENT="ideo"/>
               </TextLine>
               <TextLine ID="r3l33"
                         BASELINE="1531"
                         HEIGHT="42"
                         WIDTH="718"
                         VPOS="1489"
                         HPOS="1260">
                  <String HEIGHT="42"
                          WIDTH="128"
                          VPOS="1489"
                          HPOS="1247"
                          CONTENT="potest"/>
                  <SP HEIGHT="42" WIDTH="13" VPOS="1489" HPOS="1375"/>
                  <String HEIGHT="42"
                          WIDTH="141"
                          VPOS="1489"
                          HPOS="1337"
                          CONTENT="aliquid"/>
                  <SP HEIGHT="42" WIDTH="13" VPOS="1489" HPOS="1478"/>
                  <String HEIGHT="42"
                          WIDTH="167"
                          VPOS="1489"
                          HPOS="1440"
                          CONTENT="competere"/>
                  <SP HEIGHT="42" WIDTH="13" VPOS="1489" HPOS="1606"/>
                  <String HEIGHT="42"
                          WIDTH="90"
                          VPOS="1489"
                          HPOS="1568"
                          CONTENT="vni"/>
                  <SP HEIGHT="42" WIDTH="13" VPOS="1489" HPOS="1657"/>
                  <String HEIGHT="42"
                          WIDTH="103"
                          VPOS="1489"
                          HPOS="1619"
                          CONTENT="quod"/>
                  <SP HEIGHT="42" WIDTH="13" VPOS="1489" HPOS="1722"/>
                  <String HEIGHT="42"
                          WIDTH="90"
                          VPOS="1489"
                          HPOS="1683"
                          CONTENT="non"/>
                  <SP HEIGHT="42" WIDTH="13" VPOS="1489" HPOS="1773"/>
                  <String HEIGHT="42"
                          WIDTH="141"
                          VPOS="1489"
                          HPOS="1734"
                          CONTENT="alteri:"/>
                  <SP HEIGHT="42" WIDTH="13" VPOS="1489" HPOS="1875"/>
                  <String HEIGHT="42"
                          WIDTH="115"
                          VPOS="1489"
                          HPOS="1837"
                          CONTENT="licet"/>
                  <SP HEIGHT="42" WIDTH="13" VPOS="1489" HPOS="1952"/>
                  <String HEIGHT="42"
                          WIDTH="77"
                          VPOS="1489"
                          HPOS="1901"
                          CONTENT="alte"/>
               </TextLine>
               <TextLine ID="line_1597928842381_1473"
                         BASELINE="1596"
                         HEIGHT="71"
                         WIDTH="731"
                         VPOS="1525"
                         HPOS="1248">
                  <String HEIGHT="71"
                          WIDTH="151"
                          VPOS="1525"
                          HPOS="1223"
                          CONTENT="ri"/>
                  <SP HEIGHT="71" WIDTH="25" VPOS="1525" HPOS="1374"/>
                  <String HEIGHT="71"
                          WIDTH="176"
                          VPOS="1525"
                          HPOS="1298"
                          CONTENT="non"/>
                  <SP HEIGHT="71" WIDTH="25" VPOS="1525" HPOS="1475"/>
                  <String HEIGHT="71"
                          WIDTH="328"
                          VPOS="1525"
                          HPOS="1399"
                          CONTENT="repugnet."/>
                  <SP HEIGHT="71" WIDTH="25" VPOS="1525" HPOS="1727"/>
                  <String HEIGHT="71"
                          WIDTH="277"
                          VPOS="1525"
                          HPOS="1651"
                          CONTENT="Questio"/>
                  <SP HEIGHT="71" WIDTH="25" VPOS="1525" HPOS="1929"/>
                  <String HEIGHT="71"
                          WIDTH="151"
                          VPOS="1525"
                          HPOS="1828"
                          CONTENT="iia."/>
               </TextLine>
               <TextLine ID="r3l38"
                         BASELINE="1680"
                         HEIGHT="98"
                         WIDTH="551"
                         VPOS="1582"
                         HPOS="1421">
                  <String HEIGHT="98"
                          WIDTH="245"
                          VPOS="1582"
                          HPOS="1390"
                          CONTENT="Trum"/>
                  <SP HEIGHT="98" WIDTH="31" VPOS="1582" HPOS="1635"/>
                  <String HEIGHT="98"
                          WIDTH="184"
                          VPOS="1582"
                          HPOS="1543"
                          CONTENT="in"/>
                  <SP HEIGHT="98" WIDTH="31" VPOS="1582" HPOS="1727"/>
                  <String HEIGHT="98"
                          WIDTH="276"
                          VPOS="1582"
                          HPOS="1635"
                          CONTENT="beata"/>
                  <SP HEIGHT="98" WIDTH="31" VPOS="1582" HPOS="1911"/>
                  <String HEIGHT="98"
                          WIDTH="184"
                          VPOS="1582"
                          HPOS="1788"
                          CONTENT="dir"
                          SUBS_TYPE="HypPart1"
                          SUBS_CONTENT="dirgine"/>
                  <HYP CONTENT="-"/>
               </TextLine>
               <TextLine ID="r3l40"
                         BASELINE="1718"
                         HEIGHT="64"
                         WIDTH="553"
                         VPOS="1654"
                         HPOS="1426">
                  <String HEIGHT="64"
                          WIDTH="113"
                          VPOS="1654"
                          HPOS="1412"
                          CONTENT="gine"
                          SUBS_TYPE="HypPart2"
                          SUBS_CONTENT="dirgine"/>
                  <SP HEIGHT="64" WIDTH="14" VPOS="1654" HPOS="1525"/>
                  <String HEIGHT="64"
                          WIDTH="142"
                          VPOS="1654"
                          HPOS="1483"
                          CONTENT="fuerit"/>
                  <SP HEIGHT="64" WIDTH="14" VPOS="1654" HPOS="1625"/>
                  <String HEIGHT="64"
                          WIDTH="128"
                          VPOS="1654"
                          HPOS="1582"
                          CONTENT="fomes"/>
                  <SP HEIGHT="64" WIDTH="14" VPOS="1654" HPOS="1710"/>
                  <String HEIGHT="64"
                          WIDTH="170"
                          VPOS="1654"
                          HPOS="1667"
                          CONTENT="peccati."/>
                  <SP HEIGHT="64" WIDTH="14" VPOS="1654" HPOS="1837"/>
                  <String HEIGHT="64"
                          WIDTH="99"
                          VPOS="1654"
                          HPOS="1795"
                          CONTENT="hic"/>
                  <SP HEIGHT="64" WIDTH="14" VPOS="1654" HPOS="1894"/>
                  <String HEIGHT="64"
                          WIDTH="99"
                          VPOS="1654"
                          HPOS="1851"
                          CONTENT="duo"/>
                  <SP HEIGHT="64" WIDTH="14" VPOS="1654" HPOS="1951"/>
                  <String HEIGHT="64"
                          WIDTH="85"
                          VPOS="1654"
                          HPOS="1894"
                          CONTENT="sunt"/>
               </TextLine>
               <TextLine ID="r3l41"
                         BASELINE="1761"
                         HEIGHT="60"
                         WIDTH="554"
                         VPOS="1701"
                         HPOS="1425">
                  <String HEIGHT="60"
                          WIDTH="160"
                          VPOS="1701"
                          HPOS="1413"
                          CONTENT="facienda:"/>
                  <SP HEIGHT="60" WIDTH="12" VPOS="1701" HPOS="1573"/>
                  <String HEIGHT="60"
                          WIDTH="98"
                          VPOS="1701"
                          HPOS="1536"
                          CONTENT="quia"/>
                  <SP HEIGHT="60" WIDTH="12" VPOS="1701" HPOS="1634"/>
                  <String HEIGHT="60"
                          WIDTH="111"
                          VPOS="1701"
                          HPOS="1597"
                          CONTENT="primo"/>
                  <SP HEIGHT="60" WIDTH="12" VPOS="1701" HPOS="1708"/>
                  <String HEIGHT="60"
                          WIDTH="148"
                          VPOS="1701"
                          HPOS="1671"
                          CONTENT="videndum"/>
                  <SP HEIGHT="60" WIDTH="12" VPOS="1701" HPOS="1819"/>
                  <String HEIGHT="60"
                          WIDTH="86"
                          VPOS="1701"
                          HPOS="1782"
                          CONTENT="est"/>
                  <SP HEIGHT="60" WIDTH="12" VPOS="1701" HPOS="1868"/>
                  <String HEIGHT="60"
                          WIDTH="98"
                          VPOS="1701"
                          HPOS="1831"
                          CONTENT="quid"/>
                  <SP HEIGHT="60" WIDTH="12" VPOS="1701" HPOS="1930"/>
                  <String HEIGHT="60"
                          WIDTH="86"
                          VPOS="1701"
                          HPOS="1893"
                          CONTENT="sit"/>
                  <SP HEIGHT="60" WIDTH="12" VPOS="1701" HPOS="1979"/>
                  <String HEIGHT="60" WIDTH="49" VPOS="1701" HPOS="1930" CONTENT="fo"/>
               </TextLine>
               <TextLine ID="r3l43"
                         BASELINE="1804"
                         HEIGHT="59"
                         WIDTH="705"
                         VPOS="1745"
                         HPOS="1261">
                  <String HEIGHT="59"
                          WIDTH="91"
                          VPOS="1745"
                          HPOS="1248"
                          CONTENT="mes"/>
                  <SP HEIGHT="59" WIDTH="13" VPOS="1745" HPOS="1339"/>
                  <String HEIGHT="59"
                          WIDTH="91"
                          VPOS="1745"
                          HPOS="1300"
                          CONTENT="quo"/>
                  <SP HEIGHT="59" WIDTH="13" VPOS="1745" HPOS="1392"/>
                  <String HEIGHT="59"
                          WIDTH="157"
                          VPOS="1745"
                          HPOS="1352"
                          CONTENT="remansit"/>
                  <SP HEIGHT="59" WIDTH="13" VPOS="1745" HPOS="1509"/>
                  <String HEIGHT="59" WIDTH="78" VPOS="1745" HPOS="1470" CONTENT="in"/>
                  <SP HEIGHT="59" WIDTH="13" VPOS="1745" HPOS="1548"/>
                  <String HEIGHT="59"
                          WIDTH="131"
                          VPOS="1745"
                          HPOS="1509"
                          CONTENT="beatam"/>
                  <SP HEIGHT="59" WIDTH="13" VPOS="1745" HPOS="1640"/>
                  <String HEIGHT="59"
                          WIDTH="144"
                          VPOS="1745"
                          HPOS="1600"
                          CONTENT="virgine"/>
                  <SP HEIGHT="59" WIDTH="13" VPOS="1745" HPOS="1744"/>
                  <String HEIGHT="59" WIDTH="78" VPOS="1745" HPOS="1705" CONTENT="et"/>
                  <SP HEIGHT="59" WIDTH="13" VPOS="1745" HPOS="1783"/>
                  <String HEIGHT="59"
                          WIDTH="91"
                          VPOS="1745"
                          HPOS="1744"
                          CONTENT="quo"/>
                  <SP HEIGHT="59" WIDTH="13" VPOS="1745" HPOS="1835"/>
                  <String HEIGHT="59"
                          WIDTH="104"
                          VPOS="1745"
                          HPOS="1796"
                          CONTENT="non."/>
                  <SP HEIGHT="59" WIDTH="13" VPOS="1745" HPOS="1901"/>
                  <String HEIGHT="59"
                          WIDTH="118"
                          VPOS="1745"
                          HPOS="1849"
                          CONTENT="secundo"/>
               </TextLine>
               <TextLine ID="r3l45"
                         BASELINE="1849"
                         HEIGHT="61"
                         WIDTH="717"
                         VPOS="1788"
                         HPOS="1262">
                  <String HEIGHT="61"
                          WIDTH="100"
                          VPOS="1788"
                          HPOS="1248"
                          CONTENT="quo"/>
                  <SP HEIGHT="61" WIDTH="14" VPOS="1788" HPOS="1348"/>
                  <String HEIGHT="61"
                          WIDTH="143"
                          VPOS="1788"
                          HPOS="1305"
                          CONTENT="beatam"/>
                  <SP HEIGHT="61" WIDTH="14" VPOS="1788" HPOS="1448"/>
                  <String HEIGHT="61"
                          WIDTH="129"
                          VPOS="1788"
                          HPOS="1405"
                          CONTENT="virgo"/>
                  <SP HEIGHT="61" WIDTH="14" VPOS="1788" HPOS="1534"/>
                  <String HEIGHT="61"
                          WIDTH="115"
                          VPOS="1788"
                          HPOS="1491"
                          CONTENT="fuit"/>
                  <SP HEIGHT="61" WIDTH="14" VPOS="1788" HPOS="1606"/>
                  <String HEIGHT="61"
                          WIDTH="244"
                          VPOS="1788"
                          HPOS="1563"
                          CONTENT="impeccabilis."/>
                  <SP HEIGHT="61" WIDTH="14" VPOS="1788" HPOS="1807"/>
                  <String HEIGHT="61" WIDTH="72" VPOS="1788" HPOS="1764" CONTENT="⁋"/>
                  <SP HEIGHT="61" WIDTH="14" VPOS="1788" HPOS="1836"/>
                  <String HEIGHT="61"
                          WIDTH="129"
                          VPOS="1788"
                          HPOS="1793"
                          CONTENT="Circa"/>
                  <SP HEIGHT="61" WIDTH="14" VPOS="1788" HPOS="1922"/>
                  <String HEIGHT="61"
                          WIDTH="115"
                          VPOS="1788"
                          HPOS="1864"
                          CONTENT="primum"/>
               </TextLine>
               <TextLine ID="r3l46"
                         BASELINE="1887"
                         HEIGHT="53"
                         WIDTH="721"
                         VPOS="1834"
                         HPOS="1251">
                  <String HEIGHT="53"
                          WIDTH="101"
                          VPOS="1834"
                          HPOS="1238"
                          CONTENT="dico"/>
                  <SP HEIGHT="53" WIDTH="13" VPOS="1834" HPOS="1340"/>
                  <String HEIGHT="53"
                          WIDTH="101"
                          VPOS="1834"
                          HPOS="1302"
                          CONTENT="quod"/>
                  <SP HEIGHT="53" WIDTH="13" VPOS="1834" HPOS="1403"/>
                  <String HEIGHT="53"
                          WIDTH="114"
                          VPOS="1834"
                          HPOS="1365"
                          CONTENT="fomes"/>
                  <SP HEIGHT="53" WIDTH="13" VPOS="1834" HPOS="1479"/>
                  <String HEIGHT="53"
                          WIDTH="139"
                          VPOS="1834"
                          HPOS="1441"
                          CONTENT="peccati"/>
                  <SP HEIGHT="53" WIDTH="13" VPOS="1834" HPOS="1580"/>
                  <String HEIGHT="53"
                          WIDTH="89"
                          VPOS="1834"
                          HPOS="1542"
                          CONTENT="est"/>
                  <SP HEIGHT="53" WIDTH="13" VPOS="1834" HPOS="1630"/>
                  <String HEIGHT="53"
                          WIDTH="126"
                          VPOS="1834"
                          HPOS="1593"
                          CONTENT="aliqua"/>
                  <SP HEIGHT="53" WIDTH="13" VPOS="1834" HPOS="1719"/>
                  <String HEIGHT="53"
                          WIDTH="152"
                          VPOS="1834"
                          HPOS="1681"
                          CONTENT="qualitas"/>
                  <SP HEIGHT="53" WIDTH="13" VPOS="1834" HPOS="1833"/>
                  <String HEIGHT="53"
                          WIDTH="177"
                          VPOS="1834"
                          HPOS="1795"
                          CONTENT="corporalis"/>
                  <SP HEIGHT="53" WIDTH="13" VPOS="1834" HPOS="1972"/>
                  <String HEIGHT="53" WIDTH="51" VPOS="1834" HPOS="1921" CONTENT="in"/>
               </TextLine>
               <TextLine ID="r3l47"
                         BASELINE="1934"
                         HEIGHT="56"
                         WIDTH="730"
                         VPOS="1878"
                         HPOS="1255">
                  <String HEIGHT="56"
                          WIDTH="157"
                          VPOS="1878"
                          HPOS="1241"
                          CONTENT="clinans"/>
                  <SP HEIGHT="56" WIDTH="14" VPOS="1878" HPOS="1398"/>
                  <String HEIGHT="56"
                          WIDTH="186"
                          VPOS="1878"
                          HPOS="1355"
                          CONTENT="appetitum"/>
                  <SP HEIGHT="56" WIDTH="14" VPOS="1878" HPOS="1541"/>
                  <String HEIGHT="56"
                          WIDTH="200"
                          VPOS="1878"
                          HPOS="1498"
                          CONTENT="sensitiuum"/>
                  <SP HEIGHT="56" WIDTH="14" VPOS="1878" HPOS="1699"/>
                  <String HEIGHT="56"
                          WIDTH="258"
                          VPOS="1878"
                          HPOS="1656"
                          CONTENT="delectabiliter"/>
                  <SP HEIGHT="56" WIDTH="14" VPOS="1878" HPOS="1913"/>
                  <String HEIGHT="56"
                          WIDTH="100"
                          VPOS="1878"
                          HPOS="1870"
                          CONTENT="vel"/>
                  <SP HEIGHT="56" WIDTH="14" VPOS="1878" HPOS="1971"/>
                  <String HEIGHT="56"
                          WIDTH="72"
                          VPOS="1878"
                          HPOS="1913"
                          CONTENT="tri"/>
               </TextLine>
               <TextLine ID="r3l48"
                         BASELINE="1973"
                         HEIGHT="55"
                         WIDTH="721"
                         VPOS="1918"
                         HPOS="1263">
                  <String HEIGHT="55"
                          WIDTH="155"
                          VPOS="1918"
                          HPOS="1252"
                          CONTENT="stabiliter"/>
                  <SP HEIGHT="55" WIDTH="11" VPOS="1918" HPOS="1407"/>
                  <String HEIGHT="55" WIDTH="67" VPOS="1918" HPOS="1374" CONTENT="ad"/>
                  <SP HEIGHT="55" WIDTH="11" VPOS="1918" HPOS="1440"/>
                  <String HEIGHT="55"
                          WIDTH="100"
                          VPOS="1918"
                          HPOS="1407"
                          CONTENT="actum"/>
                  <SP HEIGHT="55" WIDTH="11" VPOS="1918" HPOS="1507"/>
                  <String HEIGHT="55"
                          WIDTH="166"
                          VPOS="1918"
                          HPOS="1474"
                          CONTENT="intensiorem"/>
                  <SP HEIGHT="55" WIDTH="11" VPOS="1918" HPOS="1640"/>
                  <String HEIGHT="55"
                          WIDTH="89"
                          VPOS="1918"
                          HPOS="1607"
                          CONTENT="quam"/>
                  <SP HEIGHT="55" WIDTH="11" VPOS="1918" HPOS="1696"/>
                  <String HEIGHT="55"
                          WIDTH="78"
                          VPOS="1918"
                          HPOS="1662"
                          CONTENT="sit"/>
                  <SP HEIGHT="55" WIDTH="11" VPOS="1918" HPOS="1740"/>
                  <String HEIGHT="55"
                          WIDTH="133"
                          VPOS="1918"
                          HPOS="1707"
                          CONTENT="secundum"/>
                  <SP HEIGHT="55" WIDTH="11" VPOS="1918" HPOS="1840"/>
                  <String HEIGHT="55"
                          WIDTH="111"
                          VPOS="1918"
                          HPOS="1807"
                          CONTENT="rectam"/>
                  <SP HEIGHT="55" WIDTH="11" VPOS="1918" HPOS="1917"/>
                  <String HEIGHT="55"
                          WIDTH="111"
                          VPOS="1918"
                          HPOS="1873"
                          CONTENT="rationem"/>
               </TextLine>
               <TextLine ID="r3l49"
                         BASELINE="2020"
                         HEIGHT="56"
                         WIDTH="718"
                         VPOS="1964"
                         HPOS="1267">
                  <String HEIGHT="56"
                          WIDTH="203"
                          VPOS="1964"
                          HPOS="1253"
                          CONTENT="eliciendus."/>
                  <SP HEIGHT="56" WIDTH="14" VPOS="1964" HPOS="1457"/>
                  <String HEIGHT="56" WIDTH="81" VPOS="1964" HPOS="1416" CONTENT="Ex"/>
                  <SP HEIGHT="56" WIDTH="14" VPOS="1964" HPOS="1497"/>
                  <String HEIGHT="56"
                          WIDTH="95"
                          VPOS="1964"
                          HPOS="1457"
                          CONTENT="hoc"/>
                  <SP HEIGHT="56" WIDTH="14" VPOS="1964" HPOS="1551"/>
                  <String HEIGHT="56"
                          WIDTH="122"
                          VPOS="1964"
                          HPOS="1511"
                          CONTENT="patet"/>
                  <SP HEIGHT="56" WIDTH="14" VPOS="1964" HPOS="1633"/>
                  <String HEIGHT="56"
                          WIDTH="108"
                          VPOS="1964"
                          HPOS="1592"
                          CONTENT="quod"/>
                  <SP HEIGHT="56" WIDTH="14" VPOS="1964" HPOS="1701"/>
                  <String HEIGHT="56"
                          WIDTH="108"
                          VPOS="1964"
                          HPOS="1660"
                          CONTENT="iste"/>
                  <SP HEIGHT="56" WIDTH="14" VPOS="1964" HPOS="1768"/>
                  <String HEIGHT="56"
                          WIDTH="122"
                          VPOS="1964"
                          HPOS="1728"
                          CONTENT="fomes"/>
                  <SP HEIGHT="56" WIDTH="14" VPOS="1964" HPOS="1850"/>
                  <String HEIGHT="56"
                          WIDTH="95"
                          VPOS="1964"
                          HPOS="1809"
                          CONTENT="non"/>
                  <SP HEIGHT="56" WIDTH="14" VPOS="1964" HPOS="1904"/>
                  <String HEIGHT="56"
                          WIDTH="95"
                          VPOS="1964"
                          HPOS="1863"
                          CONTENT="est"/>
                  <SP HEIGHT="56" WIDTH="14" VPOS="1964" HPOS="1958"/>
                  <String HEIGHT="56"
                          WIDTH="81"
                          VPOS="1964"
                          HPOS="1904"
                          CONTENT="appe"/>
               </TextLine>
               <TextLine ID="r3l50"
                         BASELINE="2067"
                         HEIGHT="55"
                         WIDTH="712"
                         VPOS="2012"
                         HPOS="1267">
                  <String HEIGHT="55"
                          WIDTH="112"
                          VPOS="2012"
                          HPOS="1255"
                          CONTENT="titus"/>
                  <SP HEIGHT="55" WIDTH="12" VPOS="2012" HPOS="1367"/>
                  <String HEIGHT="55"
                          WIDTH="187"
                          VPOS="2012"
                          HPOS="1329"
                          CONTENT="sensitiuus."/>
                  <SP HEIGHT="55" WIDTH="12" VPOS="2012" HPOS="1517"/>
                  <String HEIGHT="55"
                          WIDTH="87"
                          VPOS="2012"
                          HPOS="1479"
                          CONTENT="tum"/>
                  <SP HEIGHT="55" WIDTH="12" VPOS="2012" HPOS="1567"/>
                  <String HEIGHT="55"
                          WIDTH="100"
                          VPOS="2012"
                          HPOS="1529"
                          CONTENT="quia"/>
                  <SP HEIGHT="55" WIDTH="12" VPOS="2012" HPOS="1629"/>
                  <String HEIGHT="55"
                          WIDTH="112"
                          VPOS="2012"
                          HPOS="1592"
                          CONTENT="fomes"/>
                  <SP HEIGHT="55" WIDTH="12" VPOS="2012" HPOS="1704"/>
                  <String HEIGHT="55"
                          WIDTH="87"
                          VPOS="2012"
                          HPOS="1667"
                          CONTENT="non"/>
                  <SP HEIGHT="55" WIDTH="12" VPOS="2012" HPOS="1754"/>
                  <String HEIGHT="55"
                          WIDTH="112"
                          VPOS="2012"
                          HPOS="1717"
                          CONTENT="manet"/>
                  <SP HEIGHT="55" WIDTH="12" VPOS="2012" HPOS="1829"/>
                  <String HEIGHT="55" WIDTH="75" VPOS="2012" HPOS="1792" CONTENT="in"/>
                  <SP HEIGHT="55" WIDTH="12" VPOS="2012" HPOS="1867"/>
                  <String HEIGHT="55"
                          WIDTH="137"
                          VPOS="2012"
                          HPOS="1829"
                          CONTENT="christo"/>
                  <SP HEIGHT="55" WIDTH="12" VPOS="2012" HPOS="1967"/>
                  <String HEIGHT="55"
                          WIDTH="62"
                          VPOS="2012"
                          HPOS="1917"
                          CONTENT="an"
                          SUBS_TYPE="HypPart1"
                          SUBS_CONTENT="ante"/>
                  <HYP CONTENT="-"/>
               </TextLine>
               <TextLine ID="r3l51"
                         BASELINE="2110"
                         HEIGHT="68"
                         WIDTH="706"
                         VPOS="2042"
                         HPOS="1263">
                  <String HEIGHT="68"
                          WIDTH="83"
                          VPOS="2042"
                          HPOS="1249"
                          CONTENT="te"
                          SUBS_TYPE="HypPart2"
                          SUBS_CONTENT="ante"/>
                  <SP HEIGHT="68" WIDTH="14" VPOS="2042" HPOS="1332"/>
                  <String HEIGHT="68"
                          WIDTH="249"
                          VPOS="2042"
                          HPOS="1291"
                          CONTENT="resurrectionem"/>
                  <SP HEIGHT="68" WIDTH="14" VPOS="2042" HPOS="1540"/>
                  <String HEIGHT="68"
                          WIDTH="97"
                          VPOS="2042"
                          HPOS="1498"
                          CONTENT="nec"/>
                  <SP HEIGHT="68" WIDTH="14" VPOS="2042" HPOS="1595"/>
                  <String HEIGHT="68"
                          WIDTH="125"
                          VPOS="2042"
                          HPOS="1554"
                          CONTENT="post."/>
                  <SP HEIGHT="68" WIDTH="14" VPOS="2042" HPOS="1678"/>
                  <String HEIGHT="68"
                          WIDTH="180"
                          VPOS="2042"
                          HPOS="1637"
                          CONTENT="appetitus"/>
                  <SP HEIGHT="68" WIDTH="14" VPOS="2042" HPOS="1817"/>
                  <String HEIGHT="68"
                          WIDTH="125"
                          VPOS="2042"
                          HPOS="1775"
                          CONTENT="autem"/>
                  <SP HEIGHT="68" WIDTH="14" VPOS="2042" HPOS="1900"/>
                  <String HEIGHT="68"
                          WIDTH="125"
                          VPOS="2042"
                          HPOS="1844"
                          CONTENT="sensiti"/>
               </TextLine>
               <TextLine ID="r3l52"
                         BASELINE="2150"
                         HEIGHT="51"
                         WIDTH="711"
                         VPOS="2099"
                         HPOS="1270">
                  <String HEIGHT="51"
                          WIDTH="102"
                          VPOS="2099"
                          HPOS="1255"
                          CONTENT="uus"/>
                  <SP HEIGHT="51" WIDTH="15" VPOS="2099" HPOS="1357"/>
                  <String HEIGHT="51"
                          WIDTH="145"
                          VPOS="2099"
                          HPOS="1314"
                          CONTENT="manet."/>
                  <SP HEIGHT="51" WIDTH="15" VPOS="2099" HPOS="1459"/>
                  <String HEIGHT="51"
                          WIDTH="102"
                          VPOS="2099"
                          HPOS="1415"
                          CONTENT="tum"/>
                  <SP HEIGHT="51" WIDTH="15" VPOS="2099" HPOS="1517"/>
                  <String HEIGHT="51"
                          WIDTH="116"
                          VPOS="2099"
                          HPOS="1473"
                          CONTENT="quia"/>
                  <SP HEIGHT="51" WIDTH="15" VPOS="2099" HPOS="1589"/>
                  <String HEIGHT="51"
                          WIDTH="116"
                          VPOS="2099"
                          HPOS="1546"
                          CONTENT="iste"/>
                  <SP HEIGHT="51" WIDTH="15" VPOS="2099" HPOS="1662"/>
                  <String HEIGHT="51"
                          WIDTH="131"
                          VPOS="2099"
                          HPOS="1618"
                          CONTENT="fomes"/>
                  <SP HEIGHT="51" WIDTH="15" VPOS="2099" HPOS="1749"/>
                  <String HEIGHT="51"
                          WIDTH="102"
                          VPOS="2099"
                          HPOS="1705"
                          CONTENT="non"/>
                  <SP HEIGHT="51" WIDTH="15" VPOS="2099" HPOS="1807"/>
                  <String HEIGHT="51"
                          WIDTH="116"
                          VPOS="2099"
                          HPOS="1763"
                          CONTENT="erit"/>
                  <SP HEIGHT="51" WIDTH="15" VPOS="2099" HPOS="1879"/>
                  <String HEIGHT="51" WIDTH="87" VPOS="2099" HPOS="1836" CONTENT="in"/>
                  <SP HEIGHT="51" WIDTH="15" VPOS="2099" HPOS="1923"/>
                  <String HEIGHT="51"
                          WIDTH="116"
                          VPOS="2099"
                          HPOS="1865"
                          CONTENT="beatis"/>
               </TextLine>
               <TextLine ID="r3l53"
                         BASELINE="2201"
                         HEIGHT="65"
                         WIDTH="722"
                         VPOS="2136"
                         HPOS="1258">
                  <String HEIGHT="65"
                          WIDTH="111"
                          VPOS="2136"
                          HPOS="1244"
                          CONTENT="post"/>
                  <SP HEIGHT="65" WIDTH="14" VPOS="2136" HPOS="1355"/>
                  <String HEIGHT="65"
                          WIDTH="264"
                          VPOS="2136"
                          HPOS="1314"
                          CONTENT="resurrectionem:"/>
                  <SP HEIGHT="65" WIDTH="14" VPOS="2136" HPOS="1577"/>
                  <String HEIGHT="65"
                          WIDTH="97"
                          VPOS="2136"
                          HPOS="1536"
                          CONTENT="nec"/>
                  <SP HEIGHT="65" WIDTH="14" VPOS="2136" HPOS="1633"/>
                  <String HEIGHT="65"
                          WIDTH="111"
                          VPOS="2136"
                          HPOS="1591"
                          CONTENT="erat"/>
                  <SP HEIGHT="65" WIDTH="14" VPOS="2136" HPOS="1702"/>
                  <String HEIGHT="65" WIDTH="83" VPOS="2136" HPOS="1661" CONTENT="in"/>
                  <SP HEIGHT="65" WIDTH="14" VPOS="2136" HPOS="1744"/>
                  <String HEIGHT="65"
                          WIDTH="153"
                          VPOS="2136"
                          HPOS="1702"
                          CONTENT="priemis"/>
                  <SP HEIGHT="65" WIDTH="14" VPOS="2136" HPOS="1855"/>
                  <String HEIGHT="65"
                          WIDTH="181"
                          VPOS="2136"
                          HPOS="1800"
                          CONTENT="parentibus:"/>
               </TextLine>
               <TextLine ID="r3l54"
                         BASELINE="2242"
                         HEIGHT="61"
                         WIDTH="704"
                         VPOS="2181"
                         HPOS="1268">
                  <String HEIGHT="61"
                          WIDTH="88"
                          VPOS="2181"
                          HPOS="1255"
                          CONTENT="sed"/>
                  <SP HEIGHT="61" WIDTH="13" VPOS="2181" HPOS="1343"/>
                  <String HEIGHT="61"
                          WIDTH="201"
                          VPOS="2181"
                          HPOS="1306"
                          CONTENT="infligebatur"/>
                  <SP HEIGHT="61" WIDTH="13" VPOS="2181" HPOS="1507"/>
                  <String HEIGHT="61" WIDTH="75" VPOS="2181" HPOS="1469" CONTENT="in"/>
                  <SP HEIGHT="61" WIDTH="13" VPOS="2181" HPOS="1545"/>
                  <String HEIGHT="61"
                          WIDTH="138"
                          VPOS="2181"
                          HPOS="1507"
                          CONTENT="praemis"/>
                  <SP HEIGHT="61" WIDTH="13" VPOS="2181" HPOS="1645"/>
                  <String HEIGHT="61"
                          WIDTH="176"
                          VPOS="2181"
                          HPOS="1607"
                          CONTENT="parentibus"/>
                  <SP HEIGHT="61" WIDTH="13" VPOS="2181" HPOS="1783"/>
                  <String HEIGHT="61"
                          WIDTH="138"
                          VPOS="2181"
                          HPOS="1746"
                          CONTENT="propter"/>
                  <SP HEIGHT="61" WIDTH="13" VPOS="2181" HPOS="1884"/>
                  <String HEIGHT="61"
                          WIDTH="113"
                          VPOS="2181"
                          HPOS="1846"
                          CONTENT="eorum"/>
                  <SP HEIGHT="61" WIDTH="13" VPOS="2181" HPOS="1959"/>
                  <String HEIGHT="61"
                          WIDTH="63"
                          VPOS="2181"
                          HPOS="1909"
                          CONTENT="pec"/>
               </TextLine>
               <TextLine ID="r3l55"
                         BASELINE="2283"
                         HEIGHT="52"
                         WIDTH="718"
                         VPOS="2231"
                         HPOS="1261">
                  <String HEIGHT="52"
                          WIDTH="126"
                          VPOS="2231"
                          HPOS="1248"
                          CONTENT="catum."/>
                  <SP HEIGHT="52" WIDTH="13" VPOS="2231" HPOS="1374"/>
                  <String HEIGHT="52" WIDTH="76" VPOS="2231" HPOS="1337" CONTENT="et"/>
                  <SP HEIGHT="52" WIDTH="13" VPOS="2231" HPOS="1412"/>
                  <String HEIGHT="52"
                          WIDTH="88"
                          VPOS="2231"
                          HPOS="1374"
                          CONTENT="per"/>
                  <SP HEIGHT="52" WIDTH="13" VPOS="2231" HPOS="1463"/>
                  <String HEIGHT="52"
                          WIDTH="88"
                          VPOS="2231"
                          HPOS="1425"
                          CONTENT="hoc"/>
                  <SP HEIGHT="52" WIDTH="13" VPOS="2231" HPOS="1513"/>
                  <String HEIGHT="52"
                          WIDTH="189"
                          VPOS="2231"
                          HPOS="1475"
                          CONTENT="consequitur"/>
                  <SP HEIGHT="52" WIDTH="13" VPOS="2231" HPOS="1664"/>
                  <String HEIGHT="52" WIDTH="76" VPOS="2231" HPOS="1626" CONTENT="in"/>
                  <SP HEIGHT="52" WIDTH="13" VPOS="2231" HPOS="1702"/>
                  <String HEIGHT="52"
                          WIDTH="126"
                          VPOS="2231"
                          HPOS="1664"
                          CONTENT="aliis."/>
                  <SP HEIGHT="52" WIDTH="13" VPOS="2231" HPOS="1790"/>
                  <String HEIGHT="52"
                          WIDTH="164"
                          VPOS="2231"
                          HPOS="1752"
                          CONTENT="Appetitus"/>
                  <SP HEIGHT="52" WIDTH="13" VPOS="2231" HPOS="1916"/>
                  <String HEIGHT="52"
                          WIDTH="88"
                          VPOS="2231"
                          HPOS="1878"
                          CONTENT="aut"/>
                  <SP HEIGHT="52" WIDTH="13" VPOS="2231" HPOS="1966"/>
                  <String HEIGHT="52"
                          WIDTH="63"
                          VPOS="2231"
                          HPOS="1916"
                          CONTENT="sen"/>
               </TextLine>
               <TextLine ID="r3l56"
                         BASELINE="2327"
                         HEIGHT="58"
                         WIDTH="721"
                         VPOS="2269"
                         HPOS="1260">
                  <String HEIGHT="58"
                          WIDTH="139"
                          VPOS="2269"
                          HPOS="1247"
                          CONTENT="sitiuus"/>
                  <SP HEIGHT="58" WIDTH="13" VPOS="2269" HPOS="1386"/>
                  <String HEIGHT="58"
                          WIDTH="101"
                          VPOS="2269"
                          HPOS="1349"
                          CONTENT="fuit"/>
                  <SP HEIGHT="58" WIDTH="13" VPOS="2269" HPOS="1450"/>
                  <String HEIGHT="58" WIDTH="76" VPOS="2269" HPOS="1412" CONTENT="in"/>
                  <SP HEIGHT="58" WIDTH="13" VPOS="2269" HPOS="1488"/>
                  <String HEIGHT="58"
                          WIDTH="89"
                          VPOS="2269"
                          HPOS="1450"
                          CONTENT="eis"/>
                  <SP HEIGHT="58" WIDTH="13" VPOS="2269" HPOS="1538"/>
                  <String HEIGHT="58"
                          WIDTH="101"
                          VPOS="2269"
                          HPOS="1500"
                          CONTENT="ante"/>
                  <SP HEIGHT="58" WIDTH="13" VPOS="2269" HPOS="1602"/>
                  <String HEIGHT="58"
                          WIDTH="164"
                          VPOS="2269"
                          HPOS="1564"
                          CONTENT="pecctatum"/>
                  <SP HEIGHT="58" WIDTH="13" VPOS="2269" HPOS="1728"/>
                  <String HEIGHT="58"
                          WIDTH="114"
                          VPOS="2269"
                          HPOS="1690"
                          CONTENT="sicut"/>
                  <SP HEIGHT="58" WIDTH="13" VPOS="2269" HPOS="1804"/>
                  <String HEIGHT="58"
                          WIDTH="114"
                          VPOS="2269"
                          HPOS="1766"
                          CONTENT="post."/>
                  <SP HEIGHT="58" WIDTH="13" VPOS="2269" HPOS="1880"/>
                  <String HEIGHT="58"
                          WIDTH="101"
                          VPOS="2269"
                          HPOS="1842"
                          CONTENT="Quod"/>
                  <SP HEIGHT="58" WIDTH="13" VPOS="2269" HPOS="1943"/>
                  <String HEIGHT="58"
                          WIDTH="89"
                          VPOS="2269"
                          HPOS="1892"
                          CONTENT="autem"/>
               </TextLine>
               <TextLine ID="r3l57"
                         BASELINE="2377"
                         HEIGHT="63"
                         WIDTH="719"
                         VPOS="2314"
                         HPOS="1263">
                  <String HEIGHT="63"
                          WIDTH="118"
                          VPOS="2314"
                          HPOS="1250"
                          CONTENT="fomes"/>
                  <SP HEIGHT="63" WIDTH="13" VPOS="2314" HPOS="1368"/>
                  <String HEIGHT="63"
                          WIDTH="92"
                          VPOS="2314"
                          HPOS="1328"
                          CONTENT="sit"/>
                  <SP HEIGHT="63" WIDTH="13" VPOS="2314" HPOS="1420"/>
                  <String HEIGHT="63"
                          WIDTH="131"
                          VPOS="2314"
                          HPOS="1381"
                          CONTENT="quadam"/>
                  <SP HEIGHT="63" WIDTH="13" VPOS="2314" HPOS="1511"/>
                  <String HEIGHT="63"
                          WIDTH="170"
                          VPOS="2314"
                          HPOS="1472"
                          CONTENT="qualitas."/>
                  <SP HEIGHT="63" WIDTH="13" VPOS="2314" HPOS="1642"/>
                  <String HEIGHT="63"
                          WIDTH="131"
                          VPOS="2314"
                          HPOS="1603"
                          CONTENT="patet:"/>
                  <SP HEIGHT="63" WIDTH="13" VPOS="2314" HPOS="1734"/>
                  <String HEIGHT="63"
                          WIDTH="105"
                          VPOS="2314"
                          HPOS="1694"
                          CONTENT="quia"/>
                  <SP HEIGHT="63" WIDTH="13" VPOS="2314" HPOS="1799"/>
                  <String HEIGHT="63"
                          WIDTH="144"
                          VPOS="2314"
                          HPOS="1760"
                          CONTENT="recipit"/>
                  <SP HEIGHT="63" WIDTH="13" VPOS="2314" HPOS="1904"/>
                  <String HEIGHT="63"
                          WIDTH="118"
                          VPOS="2314"
                          HPOS="1864"
                          CONTENT="magis"/>
                  <SP HEIGHT="63" WIDTH="13" VPOS="2314" HPOS="1982"/>
                  <String HEIGHT="63" WIDTH="52" VPOS="2314" HPOS="1930" CONTENT="et"/>
               </TextLine>
               <TextLine ID="r3l58"
                         BASELINE="2417"
                         HEIGHT="50"
                         WIDTH="709"
                         VPOS="2367"
                         HPOS="1267">
                  <String HEIGHT="50"
                          WIDTH="139"
                          VPOS="2367"
                          HPOS="1253"
                          CONTENT="minus:"/>
                  <SP HEIGHT="50" WIDTH="14" VPOS="2367" HPOS="1392"/>
                  <String HEIGHT="50"
                          WIDTH="111"
                          VPOS="2367"
                          HPOS="1350"
                          CONTENT="quia"/>
                  <SP HEIGHT="50" WIDTH="14" VPOS="2367" HPOS="1462"/>
                  <String HEIGHT="50"
                          WIDTH="111"
                          VPOS="2367"
                          HPOS="1420"
                          CONTENT="vnus"/>
                  <SP HEIGHT="50" WIDTH="14" VPOS="2367" HPOS="1531"/>
                  <String HEIGHT="50"
                          WIDTH="111"
                          VPOS="2367"
                          HPOS="1489"
                          CONTENT="homo"/>
                  <SP HEIGHT="50" WIDTH="14" VPOS="2367" HPOS="1601"/>
                  <String HEIGHT="50"
                          WIDTH="111"
                          VPOS="2367"
                          HPOS="1559"
                          CONTENT="plus"/>
                  <SP HEIGHT="50" WIDTH="14" VPOS="2367" HPOS="1670"/>
                  <String HEIGHT="50"
                          WIDTH="195"
                          VPOS="2367"
                          HPOS="1628"
                          CONTENT="inclinatur"/>
                  <SP HEIGHT="50" WIDTH="14" VPOS="2367" HPOS="1823"/>
                  <String HEIGHT="50" WIDTH="83" VPOS="2367" HPOS="1781" CONTENT="ad"/>
                  <SP HEIGHT="50" WIDTH="14" VPOS="2367" HPOS="1865"/>
                  <String HEIGHT="50"
                          WIDTH="125"
                          VPOS="2367"
                          HPOS="1823"
                          CONTENT="actum"/>
                  <SP HEIGHT="50" WIDTH="14" VPOS="2367" HPOS="1948"/>
                  <String HEIGHT="50"
                          WIDTH="83"
                          VPOS="2367"
                          HPOS="1893"
                          CONTENT="appe"/>
               </TextLine>
               <TextLine ID="r3l59"
                         BASELINE="2452"
                         HEIGHT="53"
                         WIDTH="694"
                         VPOS="2399"
                         HPOS="1276">
                  <String HEIGHT="53"
                          WIDTH="112"
                          VPOS="2399"
                          HPOS="1264"
                          CONTENT="titus"/>
                  <SP HEIGHT="53" WIDTH="12" VPOS="2399" HPOS="1375"/>
                  <String HEIGHT="53"
                          WIDTH="161"
                          VPOS="2399"
                          HPOS="1338"
                          CONTENT="sensitiui"/>
                  <SP HEIGHT="53" WIDTH="12" VPOS="2399" HPOS="1499"/>
                  <String HEIGHT="53"
                          WIDTH="99"
                          VPOS="2399"
                          HPOS="1462"
                          CONTENT="quam"/>
                  <SP HEIGHT="53" WIDTH="12" VPOS="2399" HPOS="1561"/>
                  <String HEIGHT="53"
                          WIDTH="124"
                          VPOS="2399"
                          HPOS="1524"
                          CONTENT="alius:"/>
                  <SP HEIGHT="53" WIDTH="12" VPOS="2399" HPOS="1648"/>
                  <String HEIGHT="53" WIDTH="74" VPOS="2399" HPOS="1611" CONTENT="et"/>
                  <SP HEIGHT="53" WIDTH="12" VPOS="2399" HPOS="1685"/>
                  <String HEIGHT="53"
                          WIDTH="99"
                          VPOS="2399"
                          HPOS="1648"
                          CONTENT="idem"/>
                  <SP HEIGHT="53" WIDTH="12" VPOS="2399" HPOS="1747"/>
                  <String HEIGHT="53"
                          WIDTH="99"
                          VPOS="2399"
                          HPOS="1710"
                          CONTENT="homo"/>
                  <SP HEIGHT="53" WIDTH="12" VPOS="2399" HPOS="1809"/>
                  <String HEIGHT="53"
                          WIDTH="99"
                          VPOS="2399"
                          HPOS="1772"
                          CONTENT="plus"/>
                  <SP HEIGHT="53" WIDTH="12" VPOS="2399" HPOS="1871"/>
                  <String HEIGHT="53"
                          WIDTH="149"
                          VPOS="2399"
                          HPOS="1821"
                          CONTENT="inclinatur"/>
               </TextLine>
               <TextLine ID="r3l60"
                         BASELINE="2497"
                         HEIGHT="54"
                         WIDTH="711"
                         VPOS="2443"
                         HPOS="1273">
                  <String HEIGHT="54"
                          WIDTH="83"
                          VPOS="2443"
                          HPOS="1261"
                          CONTENT="vno"/>
                  <SP HEIGHT="54" WIDTH="12" VPOS="2443" HPOS="1344"/>
                  <String HEIGHT="54"
                          WIDTH="130"
                          VPOS="2443"
                          HPOS="1309"
                          CONTENT="tempore"/>
                  <SP HEIGHT="54" WIDTH="12" VPOS="2443" HPOS="1439"/>
                  <String HEIGHT="54"
                          WIDTH="95"
                          VPOS="2443"
                          HPOS="1403"
                          CONTENT="quam"/>
                  <SP HEIGHT="54" WIDTH="12" VPOS="2443" HPOS="1498"/>
                  <String HEIGHT="54"
                          WIDTH="95"
                          VPOS="2443"
                          HPOS="1463"
                          CONTENT="alio"/>
                  <SP HEIGHT="54" WIDTH="12" VPOS="2443" HPOS="1557"/>
                  <String HEIGHT="54" WIDTH="71" VPOS="2443" HPOS="1522" CONTENT="ad"/>
                  <SP HEIGHT="54" WIDTH="12" VPOS="2443" HPOS="1593"/>
                  <String HEIGHT="54"
                          WIDTH="107"
                          VPOS="2443"
                          HPOS="1557"
                          CONTENT="illum"/>
                  <SP HEIGHT="54" WIDTH="12" VPOS="2443" HPOS="1664"/>
                  <String HEIGHT="54"
                          WIDTH="107"
                          VPOS="2443"
                          HPOS="1629"
                          CONTENT="actum"/>
                  <SP HEIGHT="54" WIDTH="12" VPOS="2443" HPOS="1735"/>
                  <String HEIGHT="54"
                          WIDTH="107"
                          VPOS="2443"
                          HPOS="1700"
                          CONTENT="sicut"/>
                  <SP HEIGHT="54" WIDTH="12" VPOS="2443" HPOS="1806"/>
                  <String HEIGHT="54"
                          WIDTH="154"
                          VPOS="2443"
                          HPOS="1771"
                          CONTENT="quaelibet"/>
                  <SP HEIGHT="54" WIDTH="12" VPOS="2443" HPOS="1925"/>
                  <String HEIGHT="54"
                          WIDTH="107"
                          VPOS="2443"
                          HPOS="1877"
                          CONTENT="experi"
                          SUBS_TYPE="HypPart1"
                          SUBS_CONTENT="experitur"/>
                  <HYP CONTENT="-"/>
               </TextLine>
               <TextLine ID="r3l61"
                         BASELINE="2543"
                         HEIGHT="55"
                         WIDTH="721"
                         VPOS="2488"
                         HPOS="1273">
                  <String HEIGHT="55"
                          WIDTH="87"
                          VPOS="2488"
                          HPOS="1261"
                          CONTENT="tur"
                          SUBS_TYPE="HypPart2"
                          SUBS_CONTENT="experitur"/>
                  <SP HEIGHT="55" WIDTH="12" VPOS="2488" HPOS="1348"/>
                  <String HEIGHT="55" WIDTH="75" VPOS="2488" HPOS="1310" CONTENT="in"/>
                  <SP HEIGHT="55" WIDTH="12" VPOS="2488" HPOS="1385"/>
                  <String HEIGHT="55"
                          WIDTH="87"
                          VPOS="2488"
                          HPOS="1348"
                          CONTENT="se."/>
                  <SP HEIGHT="55" WIDTH="12" VPOS="2488" HPOS="1435"/>
                  <String HEIGHT="55"
                          WIDTH="99"
                          VPOS="2488"
                          HPOS="1397"
                          CONTENT="Quod"/>
                  <SP HEIGHT="55" WIDTH="12" VPOS="2488" HPOS="1497"/>
                  <String HEIGHT="55"
                          WIDTH="112"
                          VPOS="2488"
                          HPOS="1459"
                          CONTENT="autem"/>
                  <SP HEIGHT="55" WIDTH="12" VPOS="2488" HPOS="1571"/>
                  <String HEIGHT="55"
                          WIDTH="149"
                          VPOS="2488"
                          HPOS="1534"
                          CONTENT="inclinet"/>
                  <SP HEIGHT="55" WIDTH="12" VPOS="2488" HPOS="1683"/>
                  <String HEIGHT="55"
                          WIDTH="236"
                          VPOS="2488"
                          HPOS="1646"
                          CONTENT="delectabiliter."/>
                  <SP HEIGHT="55" WIDTH="12" VPOS="2488" HPOS="1882"/>
                  <String HEIGHT="55"
                          WIDTH="124"
                          VPOS="2488"
                          HPOS="1845"
                          CONTENT="patat:"/>
                  <SP HEIGHT="55" WIDTH="12" VPOS="2488" HPOS="1969"/>
                  <String HEIGHT="55"
                          WIDTH="75"
                          VPOS="2488"
                          HPOS="1919"
                          CONTENT="quia"/>
               </TextLine>
               <TextLine ID="r3l62"
                         BASELINE="2593"
                         HEIGHT="60"
                         WIDTH="707"
                         VPOS="2533"
                         HPOS="1277">
                  <String HEIGHT="60"
                          WIDTH="120"
                          VPOS="2533"
                          HPOS="1262"
                          CONTENT="ideo"/>
                  <SP HEIGHT="60" WIDTH="15" VPOS="2533" HPOS="1382"/>
                  <String HEIGHT="60"
                          WIDTH="165"
                          VPOS="2533"
                          HPOS="1337"
                          CONTENT="vocatur"/>
                  <SP HEIGHT="60" WIDTH="15" VPOS="2533" HPOS="1503"/>
                  <String HEIGHT="60" WIDTH="75" VPOS="2533" HPOS="1458" CONTENT="a"/>
                  <SP HEIGHT="60" WIDTH="15" VPOS="2533" HPOS="1533"/>
                  <String HEIGHT="60"
                          WIDTH="165"
                          VPOS="2533"
                          HPOS="1488"
                          CONTENT="sanctis"/>
                  <SP HEIGHT="60" WIDTH="15" VPOS="2533" HPOS="1653"/>
                  <String HEIGHT="60" WIDTH="90" VPOS="2533" HPOS="1608" CONTENT="et"/>
                  <SP HEIGHT="60" WIDTH="15" VPOS="2533" HPOS="1698"/>
                  <String HEIGHT="60"
                          WIDTH="211"
                          VPOS="2533"
                          HPOS="1653"
                          CONTENT="doctoribus"/>
                  <SP HEIGHT="60" WIDTH="15" VPOS="2533" HPOS="1864"/>
                  <String HEIGHT="60"
                          WIDTH="150"
                          VPOS="2533"
                          HPOS="1819"
                          CONTENT="libido"/>
                  <SP HEIGHT="60" WIDTH="15" VPOS="2533" HPOS="1969"/>
                  <String HEIGHT="60"
                          WIDTH="75"
                          VPOS="2533"
                          HPOS="1909"
                          CONTENT="cu"
                          SUBS_TYPE="HypPart1"
                          SUBS_CONTENT="cupido"/>
                  <HYP CONTENT="-"/>
               </TextLine>
               <TextLine ID="r3l63"
                         BASELINE="2638"
                         HEIGHT="58"
                         WIDTH="716"
                         VPOS="2580"
                         HPOS="1272">
                  <String HEIGHT="58"
                          WIDTH="117"
                          VPOS="2580"
                          HPOS="1257"
                          CONTENT="pido"
                          SUBS_TYPE="HypPart2"
                          SUBS_CONTENT="cupido"/>
                  <SP HEIGHT="58" WIDTH="15" VPOS="2580" HPOS="1374"/>
                  <String HEIGHT="58"
                          WIDTH="175"
                          VPOS="2580"
                          HPOS="1330"
                          CONTENT="voluptas"/>
                  <SP HEIGHT="58" WIDTH="15" VPOS="2580" HPOS="1506"/>
                  <String HEIGHT="58"
                          WIDTH="278"
                          VPOS="2580"
                          HPOS="1462"
                          CONTENT="concupiscentia."/>
                  <SP HEIGHT="58" WIDTH="15" VPOS="2580" HPOS="1740"/>
                  <String HEIGHT="58"
                          WIDTH="117"
                          VPOS="2580"
                          HPOS="1696"
                          CONTENT="Quod"/>
                  <SP HEIGHT="58" WIDTH="15" VPOS="2580" HPOS="1813"/>
                  <String HEIGHT="58"
                          WIDTH="132"
                          VPOS="2580"
                          HPOS="1769"
                          CONTENT="autem"/>
                  <SP HEIGHT="58" WIDTH="15" VPOS="2580" HPOS="1900"/>
                  <String HEIGHT="58"
                          WIDTH="146"
                          VPOS="2580"
                          HPOS="1842"
                          CONTENT="inclinet"/>
               </TextLine>
            </TextBlock>
         </PrintSpace>
      </Page>
   </Layout>
</alto>
