2263 3099
229 252 111 68 fidei
303 252 87 68 ita
352 252 124 68 potest
439 252 111 68 omnes
513 252 111 68 alios
588 252 111 68 actus
662 252 136 68 elicere
761 252 186 68 pertinentes
897 252 50 68 ad

223 318 108 53 fidem.
299 318 65 53 et
331 318 76 53 per
375 318 151 53 consequens
494 318 108 53 potest
569 318 162 53 naturaliter
699 318 87 53 deum
753 318 141 53 diligere.
861 318 87 53 Item
905 318 43 53 de

231 357 125 58 lectatio
324 357 83 58 quae
376 357 73 58 est
418 357 63 58 in
449 357 167 58 speculatione
585 357 73 58 est
627 357 94 58 maxia
689 357 125 58 secundum
783 357 167 58 philosophum:
908 357 52 58 sed

232 399 94 56 illa
291 399 129 56 habetur
385 399 188 56 naturaliter.
537 399 94 56 ergo
596 399 94 56 etc.
655 399 94 56 Item
713 399 129 56 aliquos
807 399 117 56 potest
878 399 70 56 medi

232 446 110 45 ante
301 446 138 45 habitu
398 446 83 45 et
439 446 110 45 actu
508 446 179 45 acquisito
646 446 207 45 naturaliter
798 446 152 45 absorbere

227 491 183 47 tristiciam:
373 491 98 47 ergo
434 491 110 47 eodem
507 491 110 47 mdodo
581 491 122 47 potest
666 491 146 47 mediante
776 491 122 47 habitu
849 491 110 47 natura-

232 528 68 56 li
266 528 136 56 diligere
367 528 90 56 deum
424 528 102 56 super
492 528 113 56 omnia:
571 528 68 56 et
605 528 79 56 sic
650 528 113 56 habere
729 528 203 56 delectationem.
887 528 68 56 Ideo

236 580 94 54 dico
295 580 94 54 quod
354 580 106 54 illud
425 580 118 54 potest
508 580 106 54 fieri
578 580 83 54 per
626 580 130 54 habitum
720 580 153 54 naturalem
838 580 106 54 sicut
897 580 59 54 per

239 616 265 50 supernaturalem.
462 616 84 50 Si
504 616 126 50 dicas
588 616 112 50 quod
658 616 112 50 tunc
728 616 84 50 ex
770 616 126 50 puris
839 616 126 50 natura-

232 661 104 60 libus
302 661 127 60 aliquis
394 661 115 60 posset
475 661 115 60 vitare
555 661 92 60 omne
613 661 150 60 peccatum.
728 661 92 60 Dico
786 661 92 60 quod
844 661 92 60 non:
890 661 69 60 quia

236 708 110 54 deus
305 708 97 54 non
360 708 166 54 acceptat
485 708 124 54 illam
567 708 221 54 moderationem
747 708 97 54 per
802 708 152 54 habitum
899 708 55 54 na

230 754 129 51 turalem
324 754 106 51 sicut
395 754 82 51 per
441 754 223 51 supernaturalem:
629 754 106 51 tamen
700 754 117 51 posset
782 754 82 51 sic
817 754 129 51 acceptare

222 797 76 50 si
260 797 101 50 sibi
324 797 165 50 placeret.
451 797 76 50 Ad
489 797 114 50 aliud
565 797 101 50 dico
628 797 101 50 quod
691 797 152 50 rebellio
806 797 89 50 non
844 797 101 50 potest

222 840 133 44 auferri
319 840 73 44 et
355 840 145 44 perfecta
464 840 205 44 tranquillitas
633 840 109 44 fieri
705 840 97 44 nisi
766 840 85 44 per
814 840 133 44 aliquid
899 840 60 44 su-

239 889 191 50 pernaturale
392 889 140 50 infusum
494 889 89 50 non
545 889 89 50 per
596 889 140 50 aliquid
697 889 153 50 naturale
812 889 76 50 ex
837 889 115 50 causais

234 933 192 54 naturalibus
388 933 166 54 causatum:
515 933 89 54 sed
567 933 89 54 per
618 933 217 54 supernaturale
797 933 102 54 puta
861 933 89 54 per
899 933 51 54 do

226 970 82 48 tem
273 970 246 48 impassibilitatis.
484 970 94 48 Item
543 970 82 48 con
590 970 82 48 hoc
637 970 94 48 quod
695 970 105 48 ponit
765 970 94 48 quod
824 970 129 48 electio
906 970 47 48 in

237 1012 160 44 voluntate
359 1012 86 44 non
409 1012 123 44 potest
495 1012 98 44 esse
556 1012 98 44 nisi
617 1012 160 44 praecedat
740 1012 147 44 iudicium
838 1012 123 44 rationis

231 1061 82 50 qui
278 1061 82 50 non
325 1061 106 50 maior
396 1061 141 50 ostensio
501 1061 129 50 obiecti
595 1061 164 50 requiritur
724 1061 59 50 a
748 1061 106 50 parte
806 1061 141 50 voluntatis

228 1101 98 52 quam
289 1101 61 52 a
313 1101 110 52 parte
387 1101 159 52 appetitus
509 1101 159 52 sensitiui
632 1101 86 52 sed
681 1101 73 52 ad
717 1101 86 52 hoc
766 1101 98 52 quod
815 1101 135 52 appetitus

221 1146 180 52 sensitiuus
363 1146 129 52 habeat
453 1146 116 52 actum
530 1146 103 52 suum
594 1146 90 52 non
645 1146 180 52 requiritur
787 1146 103 52 nili
851 1146 103 52 sola
903 1146 51 52 ap

226 1189 155 50 prehensio
345 1189 131 50 obiecti
441 1189 95 50 sine
500 1189 95 50 omni
560 1189 131 50 iudicio
655 1189 107 50 sicut
727 1189 155 50 quaelibet
834 1189 119 50 expritur

235 1230 121 56 igitur
320 1230 73 56 ad
356 1230 85 56 hoc
405 1230 97 56 quod
465 1230 146 56 voluntas
575 1230 121 56 habeat
660 1230 109 56 actum
732 1230 97 56 suum
793 1230 109 56 solum
854 1230 109 56 requiri

220 1279 96 46 tur
275 1279 165 46 ostensio
399 1279 151 46 obiecti
509 1279 193 46 praecedens
661 1279 110 46 sine
730 1279 110 46 omni
799 1279 151 46 iudicio
895 1279 55 46 ra

221 1320 197 61 tionis.
365 1320 126 61 hec
436 1320 108 61 de
490 1320 269 61 quaestione.
706 1320 215 61 Questio.
849 1320 108 61 iii.

381 1363 265 108 Trum
547 1363 298 108 beata
712 1363 232 108 pirgo

398 1454 125 59 debeat
486 1454 100 59 dici
549 1454 125 59 parens
636 1454 138 59 christi
736 1454 150 59 secundum
836 1454 113 59 naturam

397 1498 164 56 humanam.
520 1498 96 56 hic
575 1498 109 56 sunt
643 1498 164 56 quattuor
767 1498 178 56 facienda.
890 1498 68 56 pri

228 1544 77 57 mo
267 1544 154 57 videndum
382 1544 115 57 vtrum
459 1544 128 57 beatam
549 1544 115 57 virgo
626 1544 128 57 actiue
715 1544 180 57 operabatur
856 1544 77 57 in
882 1544 77 57 con-

231 1591 145 43 ceptione
340 1591 145 43 christi.
449 1591 133 43 Secundo
546 1591 85 43 per
594 1591 97 43 quem
655 1591 109 43 modum
728 1591 182 43 operabatur.
861 1591 97 43 Tertio

239 1632 100 40 vtrum
306 1632 133 40 praecise
406 1632 122 40 propter
494 1632 89 40 illa
550 1632 167 40 operationem
683 1632 100 40 debet
750 1632 89 40 dici
806 1632 100 40 mater
861 1632 89 40 christ

227 1671 128 47 Quarto
317 1671 115 47 vtrum
393 1671 102 47 ipsa
457 1671 102 47 sola
521 1671 128 47 debeat
611 1671 102 47 dici
675 1671 115 47 matur
751 1671 141 47 christi
854 1671 90 47 vel
892 1671 64 47 non

261 1716 122 55 Quantum
350 1716 67 55 ad
383 1716 111 55 primum
461 1716 78 55 est
506 1716 111 55 opinio
583 1716 133 55 communis
683 1716 89 55 quod
739 1716 100 55 miter
806 1716 100 55 habet
861 1716 89 55 tantum

232 1763 173 42 rationem
361 1763 187 42 receptiui
505 1763 244 42 amministratio
706 1763 173 42 materiam
836 1763 86 42 et
864 1763 101 42 semen

246 1802 82 52 viri
297 1802 92 52 habet
358 1802 122 52 rationem
450 1802 112 52 actiui:
532 1802 92 52 illud
593 1802 71 52 est
634 1802 61 52 de
664 1802 143 52 intentione
777 1802 143 52 philosophi
889 1802 61 52 in
909 1802 41 52 li

239 1847 77 46 bro
283 1847 66 46 de
316 1847 164 46 animalibus.
447 1847 77 46 hoc
491 1847 142 46 conclusio
600 1847 131 46 probatur
698 1847 88 46 sic.
753 1847 98 46 sicut
819 1847 77 46 pri
863 1847 66 46 se
884 1847 66 46 habe

241 1885 70 60 ad
276 1885 187 60 actiuitatem:
429 1885 82 60 sic
476 1885 129 60 miciter
569 1885 70 60 ad
605 1885 223 60 passibilitatem:
792 1885 82 60 sed
839 1885 105 60 pater
897 1885 59 60 est

234 1936 108 48 solum
306 1936 168 48 principium
438 1936 144 48 actiuum:
546 1936 120 48 igitur
629 1936 108 48 mater
701 1936 84 48 est
749 1936 108 48 solum
809 1936 144 48 principium

226 1977 178 50 passiuum.
390 1977 96 50 Ite
445 1977 82 50 de
486 1977 123 50 beata
568 1977 150 50 virgine
677 1977 164 50 arguitur
786 1977 164 50 spaialiter

243 2024 69 55 qui
283 2024 99 55 virtus
352 2024 99 55 finita
421 2024 79 55 agit
471 2024 59 55 in
500 2024 109 55 tempore
579 2024 59 55 et
609 2024 69 55 non
648 2024 59 55 in
678 2024 129 55 instanti:
777 2024 59 55 et
807 2024 69 55 per
836 2024 119 55 consequens

231 2070 92 42 non
284 2070 132 42 potest
376 2070 145 42 coagere
481 2070 145 42 virtuti
587 2070 158 42 infinite
705 2070 119 42 cuius
785 2070 92 42 est
837 2070 119 42 agere
903 2070 53 42 in

231 2111 160 51 instanti:
354 2111 86 51 sed
403 2111 123 51 corpus
490 2111 136 51 christi
589 2111 99 51 fuit
650 2111 148 51 formatum
761 2111 74 51 in
799 2111 111 51 vtero
860 2111 99 51 vginis

232 2154 65 52 in
265 2154 142 52 instanti.
374 2154 87 52 ergo
428 2154 76 52 etc
494 2154 76 52 Ite
538 2154 65 52 si
570 2154 87 52 sic:
625 2154 87 52 tunc
679 2154 131 52 christus
777 2154 175 52 descendisset
908 2154 44 52 de

234 2200 93 45 adam
293 2200 140 45 secundum
397 2200 140 45 rationem
502 2200 163 45 seminalem.
630 2200 151 45 probatur:
746 2200 93 45 quia
805 2200 140 45 creatura
898 2200 58 45 non

233 2241 143 48 inducit
337 2241 130 48 formam
427 2241 207 48 substantiale
596 2241 104 48 nisi
661 2241 91 48 per
713 2241 156 48 virtutem
816 2241 143 48 seminalem

232 2283 82 47 Si
273 2283 109 47 ergo
341 2283 136 47 beatam
436 2283 122 47 virgo
518 2283 150 47 egisset
627 2283 82 47 in
668 2283 190 47 inductione
817 2283 122 47 forme
885 2283 82 47 sub-

247 2328 153 55 tantialis
365 2328 130 55 egisset
459 2328 141 55 secundum
565 2328 141 55 rationem
671 2328 141 55 seialem.
777 2328 118 55 Contra
860 2328 94 55 ista
907 2328 59 55 ari

240 2373 143 53 stoteles
347 2373 72 53 et
383 2373 107 53 omnes
455 2373 167 53 philosophi
586 2373 143 53 videntur
693 2373 119 53 dicere
777 2373 167 53 oppositum.
896 2373 60 53 nam

238 2416 138 55 potentie
342 2416 161 55 vegetatiue
469 2416 92 55 sunt
526 2416 115 55 actiue
607 2416 138 55 secundum
710 2416 115 55 omnes.
791 2416 104 55 patet
848 2416 104 55 secundo

227 2468 76 41 de
265 2468 114 41 anima
341 2468 88 41 vbi
391 2468 151 41 ostendit
505 2468 101 41 quod
568 2468 126 41 preter
656 2468 139 41 calorem
757 2468 151 41 naturale
871 2468 76 41 in
896 2468 63 41 au-

242 2504 131 52 gmento
334 2504 92 52 est
386 2504 105 52 alia
451 2504 157 52 potentia
569 2504 131 52 actiua
661 2504 157 52 scilicet
779 2504 157 52 potentia
883 2504 79 52 vege

242 2554 140 56 tatiua:
344 2554 89 56 sed
395 2554 76 56 in
433 2554 127 56 beatam
522 2554 140 56 vergine
624 2554 102 56 fuit
688 2554 153 56 potentia
790 2554 165 56 vegentatiua

236 2588 89 62 ergo
292 2588 89 62 etc.
347 2588 89 62 Ideo
403 2588 89 62 dico
458 2588 111 62 aliter
536 2588 89 62 quod
592 2588 111 62 moiter
670 2588 111 62 aliquo
748 2588 89 62 modo
803 2588 67 62 se
837 2588 100 62 habet
892 2588 67 62 acti

235 2636 74 71 ue
272 2636 148 71 respectu
382 2636 135 71 prolis:
481 2636 98 71 quia
542 2636 123 71 quando
628 2636 86 71 est
678 2636 160 71 generatio
801 2636 135 71 vniuoca
887 2636 86 71 veri

1050 264 131 58 simile
1141 264 92 58 est
1194 264 105 58 quod
1259 264 118 58 forma
1338 264 222 58 substantialis
1521 264 157 58 inducens
1638 264 131 58 formam
1717 264 52 58 et

1045 321 112 50 forma
1119 321 137 50 inducta
1219 321 100 50 sint
1281 321 137 50 eiusdem
1380 321 162 50 rationis:
1505 321 100 50 nunc
1567 321 112 50 autem
1629 321 137 50 generatio

1047 361 147 53 hominis
1153 361 93 53 est
1207 361 147 53 vniuoca
1313 361 80 53 et
1353 361 120 53 forma
1433 361 226 53 substantialis
1619 361 107 53 viri
1686 361 80 53 et
1713 361 53 53 mu

1057 408 113 47 lieris
1136 408 91 47 sunt
1193 408 125 47 eiusdem
1283 408 147 47 rationis:
1397 408 113 47 igitur
1476 408 79 47 cum
1522 408 68 47 in
1556 408 170 47 generatione
1680 408 91 47 prolis

1044 446 88 52 non
1095 446 88 52 sit
1145 446 100 52 alia
1208 446 113 52 forma
1283 446 213 52 substantialis
1458 446 138 52 eiusdem
1559 446 151 52 rationis
1672 446 88 52 cum
1709 446 63 52 for

1048 497 76 46 ma
1086 497 151 46 generata
1200 497 101 46 nisi
1263 497 114 46 forma
1339 497 151 46 mostris:
1452 497 101 46 ergo
1515 497 164 46 generatio
1641 497 114 46 forme
1704 497 76 46 sub-

1044 540 170 58 stantialis
1178 540 73 58 et
1214 540 97 58 eius
1275 540 146 58 inductio
1385 540 85 58 est
1433 540 183 58 attribuenda
1579 540 134 58 mostri.
1677 540 73 58 et
1701 540 61 58 per

1052 582 159 52 consequens
1177 582 102 52 mater
1245 582 68 52 se
1279 582 102 52 habet
1348 582 114 52 actiue
1427 582 68 52 in
1462 582 171 52 generatione
1598 582 125 52 prolis.
1689 582 68 52 Si
1712 582 57 52 di-

1053 630 79 47 cas
1098 630 90 47 quod
1154 630 101 47 pater
1221 630 67 47 in
1255 630 169 47 generatione
1390 630 112 47 prolis
1469 630 101 47 solum
1536 630 67 47 se
1570 630 101 47 habet
1637 630 124 47 actiue.
1716 630 56 47 Con

1053 671 105 48 tra.
1119 671 119 48 pater
1198 671 92 48 non
1250 671 105 48 plus
1316 671 119 48 facit
1395 671 105 48 quam
1461 671 105 48 vnus
1527 671 119 48 ignis
1606 671 171 48 generatus
1724 671 53 48 in

1045 714 137 50 tertio
1141 714 178 50 generato:
1278 714 110 50 puta
1347 714 82 50 si
1388 714 110 50 vnus
1457 714 123 50 ignis
1539 714 151 50 generet
1649 714 123 50 alium
1717 714 55 50 et

1051 758 144 52 secundus
1159 758 144 52 tertium:
1266 758 84 52 sic
1314 758 108 52 pater
1386 758 84 52 non
1434 758 96 52 plus
1494 758 108 52 facit
1566 758 96 52 nisi
1625 758 96 52 quod
1673 758 108 52 decidit

1050 803 119 49 semen:
1133 803 71 49 et
1169 803 107 49 semen
1241 803 95 49 post
1300 803 83 49 est
1348 803 107 49 causa
1419 803 131 49 actiua:
1514 803 95 49 ideo
1574 803 131 49 quantum
1669 803 71 49 ad
1693 803 83 49 indu-

1049 849 155 47 ctionem
1162 849 127 47 forme
1246 849 240 47 substantialis
1444 849 127 47 mater
1528 849 99 47 est
1585 849 127 47 causa
1655 849 127 47 princi-

1047 891 132 58 palior
1139 891 105 58 quam
1205 891 132 58 pater.
1297 891 79 58 Si
1337 891 119 58 dicas
1416 891 105 58 quod
1482 891 119 58 istud
1561 891 185 58 argumentum
1693 891 79 58 equa

1056 934 114 49 liter
1132 934 177 49 concludit.
1271 934 126 49 Contra
1360 934 89 49 te.
1410 934 101 49 quia
1474 934 114 49 omnes
1549 934 114 49 forme
1625 934 114 49 actie
1689 934 89 49 eius-

1049 975 68 51 dem
1088 975 116 51 rationis
1175 975 107 51 possunt
1253 975 97 51 habere
1320 975 116 51 effectus
1408 975 107 51 eiusdem
1485 975 126 51 rationis:
1582 975 68 51 sed
1621 975 58 51 in
1650 975 87 51 patre
1708 975 58 51 et
1727 975 39 51 ma

1051 1025 84 47 tre
1099 1025 96 47 sunt
1159 1025 108 47 forme
1231 1025 132 47 eiusdem
1327 1025 156 47 rationis:
1446 1025 84 47 sed
1494 1025 96 47 illa
1554 1025 96 47 quae
1614 1025 84 47 est
1662 1025 72 47 in
1686 1025 84 47 matre

1052 1063 94 65 est
1105 1063 174 65 inductiua
1239 1063 120 65 forme
1319 1063 80 65 in
1359 1063 147 65 materia
1466 1063 134 65 prolis
1560 1063 107 65 sine
1627 1063 134 65 patre.
1707 1063 67 65 igi

1054 1108 86 61 tur
1103 1108 110 61 eodem
1176 1108 98 61 modo
1237 1108 110 61 forma
1311 1108 208 61 substantialis
1482 1108 122 61 patris
1568 1108 122 61 potest
1654 1108 86 61 hoc
1690 1108 86 61 face-

1052 1154 79 48 re
1091 1154 105 48 sine
1157 1154 144 48 mostre.
1262 1154 171 48 Respondeo
1393 1154 79 48 ad
1433 1154 197 48 inductionem
1590 1154 118 48 forme
1656 1154 118 48 substam

1046 1198 111 52 tialis
1123 1198 133 52 secundum
1223 1198 133 52 communem
1323 1198 111 52 cursum
1400 1198 89 52 quae
1455 1198 89 52 modo
1511 1198 77 52 est
1555 1198 155 52 concurrunt
1665 1198 100 52 acciden

1052 1241 88 51 tia
1103 1241 138 51 tanquam
1203 1241 163 51 dispiones
1328 1241 188 51 neccessario
1478 1241 163 51 requisite
1603 1241 100 51 puta
1665 1241 113 51 calor
1728 1241 50 51 na

1053 1283 147 55 turalis
1160 1283 80 55 et
1200 1283 187 55 qualitates
1347 1283 120 55 nobis
1427 1283 147 55 ignote.
1534 1283 80 55 et
1574 1283 80 55 si
1614 1283 120 55 omnes
1681 1283 94 55 dispo

1048 1324 132 61 sitiones
1147 1324 66 61 et
1180 1324 99 61 omnia
1245 1324 154 61 accidentia
1366 1324 110 61 essent
1443 1324 121 61 equalia
1531 1324 66 61 in
1564 1324 99 61 patre
1629 1324 88 61 quae
1684 1324 88 61 sunt
1728 1324 44 61 in

1058 1369 113 51 matre
1134 1369 126 51 posset
1222 1369 101 51 patr
1285 1369 113 51 agere
1360 1369 101 51 quod
1423 1369 101 51 agit
1486 1369 126 51 mater:
1574 1369 75 51 et
1612 1369 101 51 quia
1674 1369 88 51 non
1712 1369 63 51 est

1051 1413 96 54 sic:
1111 1413 96 54 ideo
1171 1413 84 54 non
1219 1413 120 54 potest
1302 1413 84 54 pri
1350 1413 84 54 sic
1398 1413 120 54 agere.
1506 1413 72 54 Ad
1542 1413 120 54 primum
1625 1413 84 54 pro
1673 1413 96 54 illa
1721 1413 48 54 o-

1055 1457 119 52 pinione
1142 1457 87 52 dico
1196 1457 87 52 quod
1250 1457 162 52 philosophus
1380 1457 151 52 intelligit
1499 1457 87 52 quod
1553 1457 87 52 seme
1607 1457 97 52 habet
1661 1457 108 52 rationem

1043 1511 125 47 actiui
1130 1511 137 47 quantum
1230 1511 75 47 ad
1267 1511 137 47 aliquas
1367 1511 250 47 transmutationes:
1579 1511 87 47 sed
1629 1511 87 47 non
1667 1511 112 47 quantum

1054 1554 84 50 ad
1096 1554 182 50 vltimatam
1236 1554 210 50 inductionem
1404 1554 140 50 forme:
1501 1554 98 50 sed
1557 1554 154 50 quantum
1669 1554 84 50 ad
1697 1554 84 50 mul-

1044 1596 93 54 tas
1097 1596 212 54 alterationes
1269 1596 225 54 praecedentes.
1481 1596 79 54 Ad
1520 1596 119 54 aliud
1600 1596 106 54 dico
1666 1596 106 54 quod
1719 1596 53 54 si

1044 1637 112 60 omnia
1118 1637 173 60 accidentia
1254 1637 124 60 essent
1341 1637 74 60 in
1378 1637 112 60 patre
1452 1637 99 60 quae
1514 1637 99 60 sunt
1576 1637 74 60 in
1614 1637 136 60 monstre
1700 1637 87 60 argu-

1045 1679 123 51 mentum
1131 1679 185 51 concluderet
1279 1679 123 51 verum:
1366 1679 99 51 quia
1427 1679 111 51 patri
1501 1679 136 51 haberet
1600 1679 173 51 actiuitate
1724 1679 49 51 re

1061 1717 126 59 spectu
1150 1717 114 59 forme
1226 1717 215 59 substantialis
1403 1717 139 59 prolis:
1504 1717 88 59 sed
1554 1717 88 59 non
1605 1717 88 59 est
1655 1717 101 59 sic.
1706 1717 63 59 sed

1045 1765 84 49 in
1087 1765 126 49 matre
1171 1765 98 49 est
1227 1765 154 49 aliquod
1339 1765 210 49 accidentale
1506 1765 84 49 et
1548 1765 126 49 calor
1618 1765 154 49 naturalis

1057 1807 149 50 matris
1161 1807 89 50 et
1206 1807 149 50 sperma
1310 1807 119 50 eius
1385 1807 209 50 concurrens
1549 1807 104 50 cum
1608 1807 119 50 eius
1668 1807 104 50 forma

1052 1857 97 45 cuius
1117 1857 119 45 ratione
1204 1857 108 45 potest
1279 1857 87 45 dici
1333 1857 108 45 habere
1409 1857 130 45 rationem
1507 1857 119 45 actiui:
1593 1857 76 45 sed
1636 1857 65 45 in
1669 1857 97 45 patre
1723 1857 54 45 non

1049 1901 88 45 est
1100 1901 139 45 aliquid
1201 1901 88 45 sic
1276 1901 76 45 Ad
1314 1901 113 45 aliud
1390 1901 101 45 dico
1452 1901 101 45 quod
1515 1901 126 45 virtus
1604 1901 126 45 finita
1679 1901 101 45 potest

1052 1944 124 45 coagere
1142 1944 146 45 infinite:
1254 1944 90 45 quia
1310 1944 112 45 quando
1389 1944 135 45 effectus
1490 1944 157 45 producitur
1614 1944 112 45 potest
1681 1944 90 45 produ-

1050 1987 73 54 ci
1086 1987 73 54 in
1123 1987 147 54 instanti
1233 1987 110 54 sicut
1307 1987 73 54 in
1344 1987 147 54 tempore:
1454 1987 98 54 tunc
1515 1987 122 54 virtus
1601 1987 122 54 finita
1674 1987 98 54 potest

1059 2026 117 50 agere
1137 2026 78 50 in
1176 2026 156 50 instanti
1293 2026 117 50 sicut
1371 2026 78 50 in
1410 2026 156 50 tempore.
1553 2026 117 50 Circa
1631 2026 117 50 aliud
1696 2026 78 50 argu

1053 2076 158 50 mentum
1164 2076 126 50 sunt
1242 2076 126 50 tria
1321 2076 205 50 facienda.
1479 2076 142 50 Primo
1573 2076 189 50 videndum
1699 2076 79 50 est

1060 2121 112 50 quid
1130 2121 98 50 est
1186 2121 126 50 semen
1270 2121 84 50 et
1312 2121 126 50 ratio
1396 2121 196 50 seminalis.
1550 2121 154 50 Secundo
1662 2121 98 50 que
1704 2121 70 50 est

1053 2162 217 52 necessitas
1224 2162 171 52 ponendi
1348 2162 186 52 rationem
1488 2162 217 52 seminalem.
1643 2162 124 52 Tertio

1052 2203 180 56 quomodo
1182 2203 98 56 se
1231 2203 147 56 habet
1330 2203 196 56 respectu
1477 2203 245 56 formationis
1657 2203 114 56 corpo

1060 2251 96 50 ris
1115 2251 150 50 christi
1252 2251 150 50 Quantum
1361 2251 82 50 ad
1402 2251 137 50 primum
1498 2251 123 50 dicit
1580 2251 123 50 Iohes
1662 2251 109 50 quod
1717 2251 68 50 ra-

1052 2292 98 50 tio
1108 2292 182 50 seminalis
1248 2292 98 50 non
1304 2292 154 50 ponitur
1416 2292 154 50 propter
1528 2292 196 50 creationem
1668 2292 112 50 vitan-

1060 2329 124 60 dam:
1137 2329 108 60 nec
1199 2329 93 60 vt
1245 2329 186 60 saluetur
1385 2329 232 60 naturalitas
1555 2329 217 60 generationis

1059 2374 112 54 Non
1123 2374 176 54 ponitur
1251 2374 176 54 propter
1379 2374 144 54 ista:
1474 2374 128 54 quia
1554 2374 112 54 aut
1618 2374 128 54 pars
1682 2374 96 54 for-

1052 2425 100 60 me
1102 2425 233 60 generandem
1285 2425 200 60 precedit
1435 2425 116 60 aut
1501 2425 133 60 non.
1584 2425 116 60 Non
1634 2425 150 60 propter

1054 2467 152 56 primum:
1165 2467 111 56 quia
1234 2467 125 56 quero
1318 2467 83 56 de
1359 2467 125 56 illam
1442 2467 125 56 parte
1525 2467 180 56 acquisita
1664 2467 83 56 de
1692 2467 83 56 nouo

1055 2505 133 59 quere
1144 2505 119 59 Ioh.
1218 2505 89 59 et
1263 2505 193 59 concludit
1411 2505 119 59 quod
1485 2505 178 59 generato
1618 2505 104 59 sit
1663 2505 119 59 natura

1053 2553 102 50 lis
1112 2553 87 50 ex
1155 2553 117 50 sola
1228 2553 233 50 inclinatione
1418 2553 189 50 principii
1563 2553 175 50 passiui:
1680 2553 102 50 sicut

1061 2597 192 54 grauitas
1205 2597 208 54 inquantum
1365 2597 224 54 principium
1541 2597 192 54 passiuum
1669 2597 112 54 facit

1055 2646 148 53 motum
1153 2646 231 53 naturalem:
1335 2646 99 53 et
1384 2646 115 53 non
1450 2646 214 53 inquantum
1598 2646 198 53 principium
