2255 3053
428 214 113 68 actiuum
510 214 103 68 quaere
582 214 82 68 Ioh.
633 214 62 68 in
664 214 123 68 secundo.
756 214 164 68 distinctione
890 214 92 68 viii.
952 214 62 68 in
982 214 113 68 materia
1065 214 62 68 de
1085 214 72 68 ratio

424 267 126 60 nibus
508 267 210 60 seminalibus
690 267 70 60 â‹
718 267 140 60 Contra
816 267 168 60 iohannem
942 267 112 60 sunt
1012 267 126 60 multa
1082 267 70 60 du-

433 311 88 58 bia.
488 311 99 58 primo
554 311 110 58 contra
632 311 77 58 hoc
676 311 88 58 quod
731 311 99 58 dicit
797 311 88 58 quod
852 311 165 58 naturalitas
974 311 177 58 gratioationnis

429 359 144 55 saluatur
537 359 84 55 per
585 359 108 55 solam
657 359 204 55 inclinationem
825 359 132 55 passiui
921 359 84 55 ita
969 359 96 55 quod
1017 359 132 55 potentia.

428 411 114 55 debet
505 411 178 55 principium
644 411 165 55 naturalis
772 411 153 55 violenta
886 411 89 55 vel
937 411 127 55 neutra
1026 411 89 55 per
1064 411 89 55 compa

423 446 151 59 rationem
537 446 76 59 ad
575 446 113 59 actum
650 446 101 59 quem
713 446 151 59 recipit:
826 446 101 59 quia
889 446 189 59 impossibile
1041 446 88 59 est
1078 446 76 59 idem

427 490 126 59 rectum
515 490 189 59 oppositorum
666 490 126 59 habere
754 490 214 59 inclinationem
931 490 176 59 naturalem:
1069 490 88 59 sed
1107 490 50 59 po

426 539 131 53 tentia
518 539 144 53 passiua
623 539 170 53 equaliter
754 539 184 53 inclinatur
898 539 79 53 ad
937 539 157 53 opposita
1055 539 79 53 et
1081 539 66 53 non

434 577 96 64 plus
494 577 72 64 ad
530 577 96 64 vnum
591 577 96 64 quam
651 577 72 64 ad
687 577 121 64 aliud:
771 577 121 64 igitur
856 577 84 64 non
904 577 108 64 habet
976 577 108 64 talem
1036 577 121 64 inclina-

429 626 119 50 tionem.
516 626 140 50 probatur:
623 626 86 50 quia
677 626 65 50 de
710 626 86 50 celo
764 626 54 50 a
785 626 97 50 mundo
850 626 97 50 dicit
915 626 162 50 philosophus
1044 626 86 50 quod
1087 626 76 50 quic-

436 665 106 58 quid
502 665 199 58 naturaliter
662 665 93 58 est
715 665 80 58 in
755 665 93 58 vno
808 665 106 58 loco
874 665 173 58 violenter
1007 665 146 58 recedit
1100 665 53 58 ab

437 709 99 62 illo.
503 709 66 62 et
536 709 77 62 hoc
580 709 77 62 est
624 709 110 62 verum:
701 709 88 62 quia
756 709 99 62 habet
823 709 187 62 inclinationem
977 709 121 62 actiuam
1065 709 66 62 ad
1087 709 66 62 vnum

430 756 196 58 oppositorum
587 756 79 58 et
626 756 92 58 non
679 756 79 58 ad
718 756 131 58 aliud:
810 756 105 58 quia
875 756 183 58 inclinatio
1019 756 131 58 semper
1098 756 65 58 ar-

425 800 102 57 guit
489 800 166 57 potentiam
617 800 141 57 actiuam
719 800 77 57 in
758 800 102 57 illo
822 800 77 57 in
860 800 90 57 quo
911 800 102 57 est.
975 800 77 57 Si
1013 800 115 57 dicas
1077 800 77 57 quod

432 844 83 52 non
479 844 106 52 habet
550 844 201 52 inclinationem
716 844 118 52 rectum
799 844 106 52 forme
869 844 189 52 determinate:
1023 844 83 52 sed
1058 844 95 52 rectum

433 880 99 58 forme
499 880 188 58 indeterminate
654 880 66 58 et
687 880 66 58 in
720 880 132 58 communi.
819 880 110 58 Contra
896 880 110 58 quaero
974 880 110 58 quidam
1051 880 77 58 est
1084 880 66 58 ista

440 925 185 56 inclinatio
585 925 119 56 autem
665 925 93 56 est
717 925 145 56 aliquid
823 925 172 56 absolutum
955 925 93 56 aut
1008 925 145 56 aliquid
1101 925 66 56 re-

430 968 198 65 spectiuum:
585 968 99 65 aut
642 968 141 65 nihil.
740 968 85 65 Si
783 968 127 65 nihil
868 968 127 65 addit
952 968 127 65 super
1037 968 127 65 ipsam
1108 968 56 65 ma

435 1018 139 50 teriam:
537 1018 101 50 ergo
600 1018 139 50 materia
701 1018 89 50 est
752 1018 76 50 in
790 1018 152 50 potentia
904 1018 127 50 neutra
992 1018 127 50 rectum
1068 1018 89 50 cuius

441 1058 115 65 cumque
522 1058 115 65 forme:
603 1058 69 65 et
637 1058 81 65 hoc
683 1058 92 65 est:
741 1058 92 65 quia
799 1058 104 65 habet
868 1058 196 65 inclinationem
1029 1058 127 65 actiuam
1110 1058 46 65 ad

447 1099 100 55 vnum
509 1099 187 55 oppositorum
659 1099 75 55 et
696 1099 87 55 non
746 1099 75 55 ad
784 1099 125 55 aliud:
871 1099 100 55 quia
933 1099 175 55 inclinatio
1058 1099 100 55 semper

441 1146 132 61 arguit
533 1146 172 61 potentiam
665 1146 158 61 passiuam
784 1146 79 61 in
824 1146 106 61 illo
890 1146 79 61 in
929 1146 92 61 quo
982 1146 106 61 est.
1048 1146 79 61 Si
1075 1146 92 61 autem

437 1188 120 55 addit
517 1188 147 55 aliquid
624 1188 174 55 absolutum
758 1188 120 55 super
838 1188 174 55 essentiam
972 1188 161 55 materie:
1079 1188 80 55 tunc

437 1230 149 65 sequitur
548 1230 99 65 quod
610 1230 136 65 materia
709 1230 124 65 semper
796 1230 112 65 habet
870 1230 211 65 inclinationem
1032 1230 136 65 naturalem

444 1277 84 65 vel
492 1277 144 65 numquam:
600 1277 96 65 quia
660 1277 204 65 quantumcumque
829 1277 132 65 materia
925 1277 132 65 existit
1021 1277 84 65 sub
1069 1277 84 65 vna
1105 1277 60 65 for

436 1318 67 60 ma
469 1318 112 60 semper
548 1318 156 60 inclinatur
670 1318 67 60 ad
704 1318 112 60 aliam:
782 1318 89 60 ergo
838 1318 67 60 si
871 1318 101 60 habet
938 1318 112 60 tantum
1017 1318 89 60 vnam
1061 1318 112 60 inclina-

429 1369 133 47 tionem
522 1369 172 47 naturalem
654 1369 225 47 indeterminate
840 1369 106 47 illa
906 1369 133 47 semper
999 1369 159 47 maneret:
1105 1369 66 47 sed

433 1406 84 59 hoc
481 1406 84 59 est
529 1406 132 59 falsum:
625 1406 96 59 quia
685 1406 120 59 quando
769 1406 156 59 inducitur
888 1406 84 59 vna
936 1406 108 59 forma
1008 1406 96 59 tunc
1068 1406 84 59 non
1104 1406 60 59 ma-

435 1451 89 65 net
486 1451 177 65 inclinatio
625 1451 76 65 ad
663 1451 126 65 illam:
752 1451 101 65 quia
815 1451 177 65 inclinatio
954 1451 114 65 sicut
1017 1451 152 65 desiderium

441 1501 81 49 est
488 1501 115 49 semper
568 1501 115 49 rectum
649 1501 81 49 non
695 1501 127 49 habiti.
787 1501 69 49 Si
822 1501 104 49 dicas
891 1501 92 49 quod
949 1501 104 49 habet
1018 1501 138 49 diuersas
1110 1501 46 49 in

438 1540 185 58 clinationes
586 1540 74 58 ad
623 1540 148 58 diuersas
734 1540 123 58 formas
820 1540 198 58 determinate.
981 1540 86 58 hoc
1030 1540 86 58 est
1067 1540 99 58 contra

442 1594 87 55 te:
491 1594 100 55 quia
554 1594 75 55 tu
591 1594 112 55 ponis
666 1594 100 55 quod
729 1594 75 55 ad
766 1594 125 55 nullam
854 1594 125 55 formam
941 1594 175 55 inclinatur
1066 1594 100 55 deter-

439 1631 146 60 minate:
545 1631 106 60 quia
611 1631 133 60 alitur
704 1631 173 60 violenter
837 1631 186 60 quiesceret
983 1631 93 60 sub
1036 1631 93 60 vna
1076 1631 93 60 forma

435 1672 77 64 per
479 1672 77 64 te.
523 1672 66 64 et
556 1672 77 64 hoc
600 1672 99 64 ponis
667 1672 176 64 differentiam
810 1672 99 64 inter
876 1672 121 64 quietem
964 1672 143 64 violentam
1075 1672 66 64 et
1097 1672 66 64 quie

440 1726 101 50 tam
497 1726 172 50 materie.
626 1726 101 50 sub
684 1726 129 50 forma
770 1726 86 50 in
813 1726 129 50 primo
899 1726 115 50 tuo.
971 1726 86 50 Si
1000 1726 172 50 inclinatio

442 1764 130 55 addat
528 1764 188 55 respectum
672 1764 101 55 aut
730 1764 115 55 ergo
802 1764 130 55 addit
889 1764 115 55 vnum
961 1764 188 55 respectum
1091 1764 72 55 aut

444 1807 134 53 plures.
541 1807 73 53 Si
578 1807 122 53 tantum
663 1807 98 53 vnum
724 1807 158 53 respectum
846 1807 73 53 ad
883 1807 122 53 formam
968 1807 73 53 in
1005 1807 146 53 communi.
1102 1807 61 53 Con

447 1850 96 59 tra.
507 1850 96 59 iste
567 1850 120 59 rectus
650 1850 72 59 si
686 1850 84 59 sit
734 1850 120 59 realis
818 1850 108 59 habet
890 1850 132 59 teminum
986 1850 120 59 realem
1069 1850 72 59 et
1093 1850 72 59 vnum

453 1898 118 46 numero
536 1898 106 46 sicut
606 1898 153 46 respectus
724 1898 82 46 est
771 1898 94 46 vnum
830 1898 129 46 numero:
924 1898 82 46 sed
971 1898 106 46 forma
1042 1898 71 46 in
1065 1898 106 46 communi

448 1932 72 56 est
489 1932 103 56 tantum
561 1932 72 56 ens
603 1932 135 56 rationis:
706 1932 83 56 ergo
758 1932 72 56 non
799 1932 103 56 potest
872 1932 83 56 esse
924 1932 103 56 tantum
996 1932 83 56 vnus
1048 1932 103 56 rectus
1110 1932 62 56 rea-

448 1980 78 51 lis
492 1980 78 51 nec
537 1980 133 51 rationis
637 1980 100 51 sicut
703 1980 100 51 patet
770 1980 111 51 alibi:
847 1980 78 51 sed
892 1980 67 51 si
925 1980 89 51 sint
980 1980 111 51 plures
1047 1980 122 51 respectus

452 2027 128 53 secundum
548 2027 170 53 pluralitatem
686 2027 138 53 formarum.
792 2027 117 53 Contra.
877 2027 74 53 hoc
920 2027 74 53 est
962 2027 106 53 contra
1037 2027 74 53 te:
1079 2027 85 53 quia
1122 2027 53 53 tun

451 2059 111 68 dicis
525 2059 99 68 quod
586 2059 135 68 materia
685 2059 86 68 non
734 2059 111 68 habet
808 2059 209 68 inclinationem
980 2059 74 68 ad
1017 2059 135 68 aliquam
1103 2059 62 68 for

446 2109 90 58 mam
498 2109 207 58 determinate:
666 2109 90 58 sed
717 2109 77 58 si
756 2109 155 58 ponantur
872 2109 90 58 tot
924 2109 129 58 rectus
1001 2109 168 58 determinati

460 2153 92 65 quot
518 2153 92 65 sunt
576 2153 173 65 determinate
714 2153 161 65 inducende.
840 2153 138 65 sequitur
944 2153 92 65 ergo
1001 2153 92 65 etc.
1047 2153 127 65 Similiter

462 2192 165 69 quaerendum
592 2192 83 69 est
639 2192 71 69 de
675 2192 95 69 illo
734 2192 118 69 rectum
817 2192 83 69 aut
864 2192 95 69 erit
923 2192 118 69 realis
1006 2192 83 69 aut
1041 2192 130 69 rationis.

453 2238 87 64 non
502 2238 112 64 primo
577 2238 112 64 modo:
651 2238 99 64 quia
713 2238 149 64 terminus
825 2238 87 64 non
874 2238 87 64 est
924 2238 136 64 realis.
1023 2238 87 64 nec
1060 2238 112 64 secundo

463 2274 94 75 modo
522 2274 94 75 quia
581 2274 82 75 non
628 2274 141 75 causatur
734 2274 82 75 per
781 2274 106 75 actum
851 2274 188 75 intellectus.
1004 2274 71 75 Si
1040 2274 106 75 dicas
1098 2274 71 75 quod

457 2319 127 70 materia
550 2319 81 70 non
596 2319 161 70 inclinatur
723 2319 138 70 secundum
826 2319 81 70 se:
872 2319 81 70 sed
918 2319 81 70 per
965 2319 127 70 aliquam
1045 2319 127 70 dispositi

461 2367 113 59 onem
531 2367 169 59 additam.
659 2367 141 59 Quero:
757 2367 99 59 aut
814 2367 113 59 illa
884 2367 198 59 dispositio
1040 2367 99 59 est
1082 2367 99 59 acti-

462 2409 73 62 ua
498 2409 86 62 aut
547 2409 147 62 passiua.
658 2409 73 62 si
694 2409 122 62 actiua
780 2409 135 62 habetur
878 2409 171 62 propositum
1013 2409 98 62 quod
1062 2409 110 62 numquam

466 2450 135 66 aliquod
564 2450 147 66 passiuum
674 2450 172 66 inclinatur
810 2450 74 66 ad
846 2450 111 66 aliud
920 2450 98 66 nisi
982 2450 123 66 quando
1067 2450 98 66 idem
1117 2450 61 66 est

453 2494 139 59 actiuum
554 2494 76 59 et
592 2494 164 59 passiuum:
719 2494 101 59 quia
782 2494 126 59 semper
870 2494 177 59 inclinatio
1009 2494 114 59 sonat
1085 2494 76 59 in
1110 2494 76 59 acti

452 2549 153 56 uitatem.
567 2549 140 56 Contra:
669 2549 230 56 essentialiorem
861 2549 217 56 inclinationem
1040 2549 77 56 et
1065 2549 115 56 ordinem

458 2594 96 72 habet
522 2594 149 72 receptiuum
639 2594 106 72 rectum
713 2594 96 72 actus
777 2594 85 72 sui:
830 2594 64 72 et
862 2594 138 72 similiter
968 2594 117 72 actiuum
1053 2594 85 72 quam
1106 2594 96 72 illud

1248 195 110 75 quod
1317 195 96 75 nec
1372 195 96 75 est
1427 195 152 75 actiuum
1538 195 96 75 nec
1593 195 179 75 passiuum.
1730 195 165 75 Secundum
1854 195 138 75 dubium
1937 195 69 75 est

1251 254 74 63 de
1288 254 135 63 ratione
1386 254 123 63 illius
1472 254 172 63 opinionis:
1607 254 98 63 quia
1669 254 184 63 extrinsecum
1816 254 111 63 agens
1890 254 86 63 non
1927 254 61 63 pri

1246 297 75 63 us
1284 297 126 63 natura
1372 297 101 63 agit
1435 297 101 63 quam
1498 297 201 63 intrinsecum.
1662 297 75 63 si
1699 297 138 63 ponatur
1800 297 101 63 puta
1863 297 113 63 ratio
1926 297 50 63 se

1259 350 124 49 minalis
1349 350 79 49 hoc
1394 350 113 49 patet:
1473 350 90 49 quia
1529 350 101 49 causa
1597 350 135 49 nobilior
1698 350 90 49 siue
1754 350 79 49 sit
1799 350 124 49 eiusdem
1878 350 113 49 rationis

1250 383 102 69 siue
1314 383 154 69 alterius
1429 383 90 69 non
1481 383 115 69 prius
1557 383 102 69 agit
1622 383 102 69 quam
1686 383 192 69 ignobilior:
1839 383 102 69 quia
1890 383 90 69 omnes

1253 429 107 60 cause
1324 429 107 60 simul
1395 429 118 60 agunt.
1478 429 59 60 â‹
1502 429 130 60 Tertium
1596 429 95 60 est:
1656 429 95 60 quia
1715 429 130 60 videtur
1809 429 95 60 quod
1869 429 71 60 in
1892 429 95 60 elemen

1247 473 90 60 tis
1299 473 90 60 sit
1350 473 128 60 poneda
1440 473 116 60 ratio
1517 473 180 60 seminalis:
1658 473 103 60 quia
1722 473 103 60 Aug.
1786 473 116 60 ponit
1851 473 128 60 rationes

1256 522 178 58 seminales
1393 522 82 58 vt
1434 522 178 58 quodlibet
1571 522 96 58 non
1626 522 109 58 fiat
1694 522 82 58 ex
1735 522 178 58 quolibet:
1872 522 96 58 sed
1913 522 68 58 de-

1256 560 188 61 terminatum
1403 560 81 61 ex
1444 560 215 61 determinato.
1618 560 81 61 si
1659 560 107 61 ergo
1726 560 175 61 elementum
1847 560 134 61 requirit

1258 606 210 65 determinatum
1429 606 184 65 principium
1573 606 66 65 a
1600 606 92 65 quo
1652 606 118 65 habet
1731 606 118 65 esse:
1797 606 184 65 determinatum

1251 647 154 64 elementum
1370 647 59 64 a
1394 647 83 64 quo
1441 647 119 64 potest
1524 647 154 64 generari:
1643 647 83 64 ita
1690 647 95 64 quod
1750 647 83 64 non
1797 647 119 64 potest
1880 647 71 64 ex
1904 647 71 64 alio

1255 691 144 66 generari:
1366 691 89 66 tunc
1421 691 66 66 in
1454 691 144 66 elementis
1565 691 100 66 esset
1632 691 100 66 ratio
1698 691 144 66 seminalis
1809 691 100 66 sicut
1875 691 66 66 in
1897 691 78 66 aliis

1255 740 67 53 â‹
1281 740 147 53 Quartum
1389 740 134 53 dubium
1482 740 94 53 est
1536 740 80 53 de
1576 740 214 53 descriptione
1750 740 147 53 seminis
1857 740 107 53 quam
1911 740 67 53 de-

1254 779 91 65 dit:
1311 779 91 65 quia
1368 779 126 65 videtur
1459 779 91 65 quod
1516 779 91 65 vnum
1574 779 103 65 semen
1642 779 80 65 non
1688 779 114 65 semper
1768 779 160 65 intendatur
1882 779 103 65 propter

1248 826 142 64 alterum:
1355 826 95 64 quia
1414 826 107 64 semen
1485 826 130 64 tritici
1580 826 83 64 est
1627 826 154 64 triticum:
1745 826 83 64 ita
1793 826 95 64 quod
1852 826 107 64 verum
1911 826 71 64 tri-

1255 877 109 52 ticum
1327 877 157 52 generatur
1448 877 72 52 ex
1484 877 97 52 vero
1545 877 133 52 tritico
1641 877 109 52 sicut
1714 877 72 52 ex
1750 877 121 52 semine
1834 877 145 52 secundum
1931 877 48 52 au

1245 914 152 62 gustinum.
1362 914 70 62 et
1397 914 105 62 tamen
1467 914 140 62 triticum
1572 914 82 62 non
1619 914 163 62 intenditur
1747 914 128 62 propter
1841 914 117 62 aliud.
1911 914 70 62 Quin

1251 955 87 57 tum
1300 955 124 57 dubium
1387 955 87 57 est
1437 955 75 57 de
1474 955 87 57 hoc
1524 955 99 57 quod
1586 955 112 57 dicit
1661 955 99 57 quod
1723 955 112 57 semen
1798 955 87 57 non
1847 955 87 57 est
1885 955 99 57 princi

1248 1004 85 58 pium
1302 1004 117 58 actiuum
1387 1004 181 58 generationis:
1536 1004 85 58 quia
1589 1004 74 58 est
1631 1004 170 58 imperfectius
1770 1004 74 58 hoc
1812 1004 74 58 est
1855 1004 106 58 contra
1919 1004 53 58 eum

1261 1053 104 48 dicit
1331 1053 93 48 enim
1389 1053 69 48 in
1423 1053 116 48 tertio
1504 1053 93 48 quod
1562 1053 104 48 pater
1632 1053 104 48 habet
1701 1053 139 48 rationem
1805 1053 116 48 actiui
1886 1053 69 48 et
1909 1053 81 48 mater

1255 1094 155 56 similiter:
1376 1094 66 56 et
1410 1094 99 56 pater
1476 1094 99 56 habet
1542 1094 133 56 rationem
1642 1094 110 56 actiui
1719 1094 177 56 principalis:
1862 1094 66 56 et
1896 1094 77 56 hoc
1929 1094 55 56 non

1245 1136 94 50 est
1298 1136 108 50 nisi
1366 1136 148 50 ratione
1473 1136 162 50 seminis:
1595 1136 108 50 quia
1662 1136 121 50 nihil
1743 1136 121 50 aliud
1823 1136 121 50 facit
1891 1136 94 50 pater

1259 1175 89 59 nisi
1315 1175 122 59 decidit
1404 1175 111 59 semen:
1481 1175 89 59 ergo
1537 1175 78 59 non
1582 1175 78 59 est
1626 1175 111 59 contra
1704 1175 134 59 rationem
1804 1175 122 59 agentis
1882 1175 100 59 princi-

1258 1221 131 64 palis
1345 1221 116 64 esse
1417 1221 232 64 imperfectius
1606 1221 116 64 ipso
1678 1221 189 64 producto.
1823 1221 73 64 â‹
1852 1221 116 64 Ideo
1910 1221 87 64 mihi

1251 1270 146 51 videtur
1357 1270 106 51 quod
1424 1270 120 51 semen
1504 1270 146 51 stricte
1610 1270 146 51 sumptum
1717 1270 120 51 sicut
1796 1270 160 51 loquitur
1903 1270 93 51 augu-

1249 1309 145 57 stinus
1350 1309 87 57 in
1393 1309 173 57 diuersis
1523 1309 130 57 locis
1610 1309 87 57 de
1653 1309 145 57 semine
1754 1309 101 57 est
1812 1309 145 57 corpus
1899 1309 101 57 deter

1251 1351 120 57 minate
1335 1351 132 57 speciei
1431 1351 72 57 ex
1466 1351 84 57 quo
1514 1351 84 57 per
1562 1351 120 57 causas
1646 1351 156 57 naturales
1766 1351 144 57 secundum
1861 1351 120 57 communem

1255 1404 137 53 cursum
1351 1404 137 53 nature
1447 1404 123 53 natum
1530 1404 96 53 est
1584 1404 137 53 corpus
1681 1404 192 53 consimilis
1831 1404 151 53 speciei
1927 1404 69 53 pro

1258 1438 116 61 duci:
1335 1438 90 61 ita
1387 1438 103 61 quod
1451 1438 90 61 non
1502 1438 77 61 ab
1541 1438 103 61 alio
1605 1438 141 61 corpore
1708 1438 154 61 alterius
1823 1438 154 61 speciei.
1926 1438 77 61 Quia

1256 1486 121 53 autem
1336 1486 94 53 sit
1390 1486 134 53 corpus
1483 1486 201 53 determinate
1644 1486 147 53 speciei
1751 1486 134 53 patet:
1845 1486 107 53 quia
1912 1486 94 53 non
1952 1486 54 53 ex

1265 1536 164 52 quolibet
1389 1536 96 52 fit
1443 1536 178 52 quodlibet
1580 1536 96 52 sed
1635 1536 219 52 determinatum
1813 1536 82 52 ex
1840 1536 151 52 determina

1264 1570 80 65 to.
1309 1570 80 65 tum
1355 1570 92 65 quia
1413 1570 138 65 secundum
1516 1570 161 65 augustinum
1643 1570 138 65 triticum
1746 1570 80 65 fit
1792 1570 69 65 ex
1827 1570 126 65 tritico
1919 1570 69 65 et
1942 1570 57 65 non

1254 1621 83 52 ex
1296 1621 111 52 alio
1365 1621 125 52 grano
1448 1621 111 52 quod
1518 1621 125 52 autem
1601 1621 83 52 ex
1642 1621 139 52 semine
1739 1621 97 52 per
1795 1621 139 52 causas
1878 1621 111 52 natura

1274 1665 72 57 les
1315 1665 93 57 natum
1377 1665 72 57 est
1418 1665 113 57 aliquod
1500 1665 123 57 generari
1593 1665 113 57 partet:
1675 1665 82 57 quia
1726 1665 82 57 ideo
1778 1665 123 57 christus
1871 1665 113 57 dicitur
1943 1665 51 57 de-

1261 1701 161 57 scendisse
1384 1701 74 57 de
1422 1701 99 57 adam
1483 1701 87 57 non
1533 1701 149 57 secundum
1644 1701 149 57 rationes
1756 1701 161 57 seminales
1880 1701 99 57 quia
1929 1701 62 57 non

1267 1756 147 54 secundum
1377 1756 147 54 communem
1487 1756 123 54 cursum
1573 1756 135 54 nature:
1671 1756 86 54 nec
1720 1756 123 54 habuit
1806 1756 147 54 christus
1916 1756 74 54 de
1941 1756 49 54 fa

1258 1791 99 59 cto
1315 1791 170 59 rationem
1442 1791 156 59 seminis
1555 1791 85 59 in
1598 1791 113 59 eius
1669 1791 227 59 productione.
1853 1791 113 59 Quod
1910 1791 99 59 autem

1260 1838 145 51 corpus
1361 1838 189 51 generatum
1506 1838 87 51 ex
1550 1838 145 51 semine
1651 1838 102 51 sit
1709 1838 189 51 consimile
1854 1838 87 51 et
1883 1838 116 51 produ-

1264 1879 129 61 ctiuum
1354 1879 181 61 consimilis
1496 1879 116 61 patet
1574 1879 181 61 inductiue:
1716 1879 103 61 quia
1781 1879 155 61 triticum
1897 1879 90 61 est
1935 1879 65 61 se-

1261 1927 90 49 men
1313 1927 155 49 respectu
1429 1927 155 49 tritici:
1544 1927 77 49 et
1583 1927 90 49 non
1635 1927 142 49 dicitur
1738 1927 103 49 nisi
1802 1927 116 49 sicut
1879 1927 116 49 pater
1944 1927 52 49 et

1264 1965 135 57 filius.
1362 1965 98 57 quod
1424 1965 111 57 autem
1497 1965 160 57 aliquando
1621 1965 86 57 sit
1670 1965 98 57 pars
1731 1965 160 57 generandi
1854 1965 111 57 patet
1928 1965 74 57 de
1953 1965 49 57 se

1263 2008 119 61 mine
1337 2008 89 61 in
1382 2008 134 61 pomo:
1471 2008 104 61 sed
1531 2008 104 61 non
1590 2008 104 61 est
1649 2008 134 61 semen
1739 2008 178 61 respectu
1872 2008 119 61 poni
1932 2008 74 61 sed

1267 2050 152 61 respectu
1381 2050 152 61 arboris:
1495 2050 76 61 et
1533 2050 101 61 ideo
1596 2050 88 61 non
1646 2050 88 61 est
1697 2050 76 61 de
1735 2050 139 61 ratione
1836 2050 139 61 seminis
1924 2050 76 61 quod

1269 2097 97 62 sit
1325 2097 223 62 imperfectius
1506 2097 167 62 producto
1631 2097 84 62 ex
1673 2097 153 62 semine:
1784 2097 125 62 neque
1868 2097 111 62 quod
1923 2097 70 62 in-

1262 2148 156 52 tendatur
1379 2148 143 52 propter
1483 2148 130 52 aliud:
1574 2148 91 52 nec
1626 2148 91 52 est
1678 2148 78 52 de
1717 2148 143 52 ratione
1821 2148 143 52 seminis
1912 2148 78 52 quod

1263 2195 106 54 sit
1324 2195 183 54 proximum
1461 2195 91 54 ex
1506 2195 106 54 quo
1567 2195 213 54 producitur
1734 2195 152 54 vltimo
1826 2195 167 54 generatum

1258 2231 103 49 nec
1317 2231 103 49 est
1376 2231 162 49 medium:
1494 2231 103 49 sed
1553 2231 103 49 est
1612 2231 162 49 primum.
1730 2231 118 49 Unde
1804 2231 89 49 si
1848 2231 118 49 sint
1907 2231 89 49 mul-

1259 2282 95 55 ta
1307 2282 175 55 agentia
1434 2282 191 55 ordinata
1577 2282 95 55 et
1625 2282 143 55 multe
1721 2282 191 55 actiones
1864 2282 95 55 ad
1896 2282 95 55 pro-

1258 2323 215 54 ductionem
1423 2323 198 54 alicuius
1571 2323 215 54 compositi
1736 2323 248 54 determinate
1918 2323 83 54 spe

1271 2363 110 55 ciei
1340 2363 124 55 sicut
1423 2363 83 55 in
1465 2363 207 55 generatione
1630 2363 166 55 tritici:
1754 2363 110 55 quia
1824 2363 97 55 ibi
1879 2363 110 55 sunt
1934 2363 69 55 mul

1274 2403 78 55 te
1313 2403 157 55 actiones
1431 2403 118 55 solum
1509 2403 118 55 illud
1588 2403 105 55 quod
1653 2403 92 55 est
1705 2403 131 55 primum
1797 2403 118 55 habet
1862 2403 131 55 rationem

1276 2445 152 57 seminis
1387 2445 166 57 respectu
1511 2445 138 57 vltimi
1607 2445 166 57 generati
1732 2445 83 57 et
1773 2445 97 57 non
1828 2445 166 57 secundum
1939 2445 55 57 re

1273 2493 136 60 spectu
1368 2493 163 60 alicuius
1491 2493 122 60 medii
1572 2493 81 60 et
1613 2493 109 60 ideo
1681 2493 149 60 quamuis
1789 2493 81 60 in
1817 2493 177 60 generatione

1276 2535 173 64 tritici
1402 2535 126 64 sunt
1480 2535 141 64 multe
1574 2535 251 64 generationes
1778 2535 94 64 et
1810 2535 188 64 corruptio-

1272 2576 105 72 nes
1332 2576 195 72 mediorum:
1482 2576 135 72 tamen
1572 2576 180 72 triticum
1708 2576 105 72 non
1768 2576 105 72 est
1828 2576 135 72 semen
1903 2576 105 72 eorum
