2268 3098
254 220 221 61 diminutione.
434 220 83 61 et
476 220 111 61 ille
545 220 97 61 est
600 220 235 61 commensuratio
794 220 83 61 et
822 220 152 61 proportio

256 277 149 55 humorum
365 277 81 55 et
406 277 95 55 non
460 277 122 55 dicit
542 277 190 55 qualitatem
691 277 177 55 absolutam
813 277 163 55 distinctam

252 332 77 53 a
282 332 247 53 qualitatibus
483 332 154 53 primis
591 332 231 53 augmentatis
776 332 92 53 et
806 332 170 53 diminutis

260 366 93 56 sed
313 366 172 56 aliquando
445 366 80 56 ad
485 366 159 56 habendum
604 366 106 56 ista
671 366 212 56 proportionem
830 366 159 56 requiritur

247 412 217 54 augmentatio
420 412 173 54 alicuius
550 412 202 54 qualitatis
709 412 130 54 prime
795 412 188 54 aliquando
925 412 58 54 di

253 462 152 48 minutio
364 462 180 48 aliquando
502 462 180 48 generatio
641 462 111 48 puta
710 462 83 48 si
752 462 83 48 de
793 462 152 48 infirmo
890 462 83 48 fiat

249 497 163 57 sanus.
363 497 180 57 oportet
493 497 212 57 aliquando
657 497 180 57 calorem
771 497 212 57 augmentari:

243 542 206 54 aliquando
402 542 190 54 diminui:
545 542 206 54 aliquando
703 542 206 54 generari:
862 542 111 54 sed
910 542 79 54 sa-

248 583 130 57 nitas
334 583 101 57 non
392 583 130 57 dicit
479 583 159 57 aliquam
595 583 188 57 qualitate
740 583 203 57 distinctam
899 583 87 57 ab
928 583 58 57 il

244 629 97 58 lis
299 629 263 58 proportionatis:
521 629 97 58 sed
576 629 97 58 est
631 629 138 58 quadam
728 629 180 58 conceptus
866 629 97 58 vel
908 629 69 58 vox

246 676 225 44 connotatiua
426 676 225 44 significans
606 676 135 44 ipsas
697 676 210 44 qualitates
862 676 105 44 sic
907 676 75 44 pro

253 719 217 53 portionatas
426 719 101 53 vel
484 719 203 53 significat
643 719 116 53 vnam
716 719 203 53 qualitatem
875 719 87 53 in
904 719 72 53 de-

250 762 208 56 terminato
410 762 144 56 gradu
506 762 272 56 principaliter
729 762 224 56 connotando
889 762 96 56 ali-

260 810 94 58 am.
313 810 67 58 ⁋
340 810 80 58 Ad
380 810 120 58 aliud
460 810 107 58 dico
527 810 107 58 quod
594 810 94 58 non
648 810 120 58 solum
728 810 161 58 qualitas
848 810 80 58 de
875 810 107 58 tertia

244 849 138 57 specie
341 849 97 57 est
396 849 152 57 actiua:
507 849 97 57 sed
562 849 124 57 etiam
645 849 83 57 de
687 849 138 57 prima.
784 849 111 57 ideo
839 849 152 57 assumptum

253 896 100 50 est
310 896 157 50 falsum.
424 896 71 50 ⁋
452 896 85 50 Ad
495 896 128 50 aliud
580 896 114 50 dico
651 896 100 50 per
708 896 114 50 idem
780 896 199 50 argumentum
922 896 57 50 po

258 939 104 53 test
323 939 144 53 probari
428 939 104 53 quod
493 939 157 53 obiectum
610 939 91 53 est
663 939 170 53 potentia:
793 939 104 53 quia
858 939 91 53 est
898 939 91 53 causa

245 982 178 58 partialis
382 982 165 58 respectu
506 982 137 58 actus.
602 982 110 58 ideo
671 982 110 58 dico
739 982 110 58 quod
808 982 165 58 potentia
917 982 69 58 vno

247 1026 109 56 modo
315 1026 176 56 accipitur
451 1026 95 56 pro
505 1026 122 56 forma
587 1026 176 56 elicitiua
722 1026 163 56 multorum
844 1026 136 56 actuum
926 1026 54 56 in

252 1070 213 56 differenter.
425 1070 80 56 et
464 1070 93 56 sic
518 1070 199 56 intellectus
677 1070 93 56 est
730 1070 160 56 potentia
850 1070 93 56 vel
890 1070 93 56 volun

257 1119 113 41 tas.
328 1119 113 41 Alio
399 1119 113 41 modo
470 1119 99 41 pro
526 1119 142 41 aliquo
626 1119 184 41 elicitiuo
767 1119 128 41 vnius
852 1119 128 41 actus
923 1119 57 41 de

256 1160 193 54 terminate.
408 1160 83 54 et
449 1160 96 54 sic
504 1160 151 54 habitus
614 1160 138 54 potest
710 1160 110 54 dici
779 1160 165 54 potentia
903 1160 83 54 et
930 1160 55 54 ob

254 1201 133 45 iectum
347 1201 186 45 similiter.
493 1201 106 45 Unde
560 1201 160 45 potentia
679 1201 146 45 proprie
786 1201 93 45 est
825 1201 160 45 illimitata

255 1244 88 57 ad
299 1244 147 57 multos
403 1244 147 57 actus:
506 1244 103 57 sed
565 1244 162 57 habitus
682 1244 88 57 et
727 1244 177 57 obiectum
859 1244 118 57 non.
918 1244 59 57 Si

256 1291 156 57 militer
369 1291 170 57 potentia
497 1291 156 57 recipit
610 1291 128 57 actum
695 1291 85 57 et
738 1291 170 57 obiectum
851 1291 128 57 habitus

265 1325 97 66 vero
326 1325 85 66 non
374 1325 61 66 ⁋
399 1325 73 66 Ad
435 1325 183 66 probationem
581 1325 97 66 dico
642 1325 97 66 quod
703 1325 73 66 in
740 1325 134 66 causais
837 1325 85 66 per
886 1325 73 66 se
910 1325 73 66 bene

251 1379 132 56 potest
343 1379 106 56 esse
409 1379 185 56 circulatio
555 1379 119 56 inter
634 1379 132 56 causas
727 1379 132 56 maxime
819 1379 79 56 si
859 1379 106 56 sint
912 1379 79 56 par-

256 1424 133 47 tiales:
353 1424 85 47 sic
401 1424 85 47 est
450 1424 73 47 in
486 1424 169 47 proposito.
619 1424 85 47 sed
667 1424 73 47 in
704 1424 121 47 causis
788 1424 85 47 per
837 1424 73 47 se
861 1424 121 47 essentia

256 1467 112 54 liter
330 1467 162 54 ordinatis
455 1467 87 54 non
505 1467 87 54 est
555 1467 187 54 circulatio.
705 1467 100 54 vnde
767 1467 137 54 habitus
867 1467 87 54 est
905 1467 87 54 causa

255 1510 129 57 actus:
345 1510 90 57 sed
397 1510 90 57 non
448 1510 142 57 eiusdem
552 1510 129 57 numero
642 1510 64 57 a
668 1510 90 57 quo
719 1510 193 57 causabatur:
874 1510 90 57 sed
913 1510 64 57 est

262 1558 104 50 causa
332 1558 139 50 alterius
436 1558 116 50 actus.
517 1558 150 50 similiter
633 1558 104 50 actus
702 1558 81 50 est
749 1558 104 50 causa
818 1558 139 50 habitus:
922 1558 81 50 sed

248 1602 91 46 non
300 1602 130 46 illius
391 1602 65 46 a
417 1602 91 46 quo
469 1602 195 46 causabatur:
625 1602 91 46 sed
677 1602 91 46 vel
729 1602 156 46 alterius
846 1602 130 46 gradus
924 1602 52 46 in

255 1637 147 53 habitu.
362 1637 80 53 et
402 1637 107 53 nota
468 1637 107 53 quod
535 1637 120 53 actus
615 1637 80 53 et
655 1637 147 53 habitus
762 1637 187 53 differunt.
896 1637 80 53 quod

254 1682 169 58 probatur:
384 1682 104 58 quia
449 1682 130 58 potest
540 1682 143 58 aliquid
645 1682 117 58 stare
723 1682 91 58 cum
775 1682 130 58 habitu
866 1682 104 58 quod
918 1682 65 58 non

262 1730 87 56 cum
311 1730 111 56 actu.
385 1730 111 56 sicut
460 1730 111 56 clara
534 1730 111 56 visio
608 1730 149 56 essentie
720 1730 136 56 diuine:
819 1730 149 56 scilicet
918 1730 62 56 cum

251 1771 131 52 habitu
343 1771 131 52 fidei:
434 1771 118 52 sicut
513 1771 105 52 post
579 1771 157 52 patebit.
697 1771 79 52 et
736 1771 118 52 tamen
815 1771 92 52 non
867 1771 105 52 stat
919 1771 66 52 cum

258 1817 103 54 actu
323 1817 116 54 fidei
400 1817 103 54 quod
464 1817 90 54 non
516 1817 116 54 esset
593 1817 116 54 verum
670 1817 77 54 si
709 1817 116 54 actus
786 1817 77 54 et
825 1817 142 54 habitus
928 1817 90 54 es¬

247 1860 112 56 sent
317 1860 98 56 vna
373 1860 112 56 res.
442 1860 168 56 Sciendum
568 1860 126 56 etiam
652 1860 112 56 quod
722 1860 154 56 habitus
833 1860 98 56 est
875 1860 98 56 causa

255 1905 191 56 efficiens
402 1905 177 56 respectu
535 1905 147 56 actus.
638 1905 88 56 ex
682 1905 103 56 quo
741 1905 132 56 actus
829 1905 103 56 est
873 1905 103 56 effi-

250 1948 131 53 ciens
338 1948 190 53 partialis
484 1948 175 53 respectu
615 1948 175 53 habitus.
747 1948 117 53 quod
819 1948 146 53 patet.
907 1948 73 53 per

263 1994 110 52 llam
332 1994 233 52 propositionem
524 1994 192 52 frequenter
675 1994 165 52 acceptam
799 1994 124 52 illud
881 1994 96 52 quo
922 1994 55 52 po

262 2036 114 56 sito
333 2036 156 56 ponitur
446 2036 128 56 aliud
532 2036 114 56 etc.
603 2036 85 56 Ad
645 2036 128 56 aliud
730 2036 114 56 dico
801 2036 114 56 quod
858 2036 128 56 habitus

267 2078 105 57 otest
337 2078 93 57 dici
395 2078 105 57 causa
465 2078 174 57 principalis
604 2078 70 57 et
639 2078 174 57 secundaria.
779 2078 70 57 et
813 2078 93 57 siue
871 2078 81 57 sic
906 2078 70 57 siue

260 2129 95 53 sic
315 2129 150 53 semper.
424 2129 122 53 actus
505 2129 163 53 elicitus
628 2129 68 53 a
655 2129 177 53 voluntate
791 2129 109 53 siue
859 2129 95 53 sit
899 2129 82 53 cau-

254 2170 81 54 sa
295 2170 204 54 principalis
458 2170 109 54 siue
526 2170 95 54 non
580 2170 122 54 actus
662 2170 109 54 erit
730 2170 122 54 liber
798 2170 177 54 denominatio

248 2211 77 55 ne
287 2211 192 55 extrinseca.
440 2211 102 55 Unde
504 2211 204 55 quandocumque
670 2211 77 55 ad
708 2211 140 55 aliquem
810 2211 115 55 actum
874 2211 115 55 elicien

256 2259 97 43 dum
312 2259 180 43 concurrit
450 2259 125 43 causa
533 2259 138 43 libera
630 2259 111 43 siue
699 2259 97 43 sit
755 2259 125 43 causa
824 2259 152 43 principa-

265 2298 84 60 lis
313 2298 96 60 siue
373 2298 84 60 non
421 2298 108 60 actus
493 2298 96 60 erit
553 2298 120 60 liber.
637 2298 72 60 Et
673 2298 120 60 quando
757 2298 132 60 dicitur
853 2298 96 60 quod
901 2298 84 60 actus

266 2343 191 53 voluntatis
417 2343 96 53 est
471 2343 82 53 in
512 2343 178 53 potestate
649 2343 205 53 voluntatis:
813 2343 82 53 si
840 2343 137 53 intelli-

268 2389 108 55 gitur
340 2389 84 55 sic
388 2389 96 55 quod
448 2389 84 55 non
496 2389 120 55 potest
580 2389 156 55 impediri.
700 2389 84 55 hoc
748 2389 120 55 nullus
820 2389 156 55 christianus

253 2432 103 55 habet
321 2432 160 55 concedere:
446 2432 103 55 licet
515 2432 171 55 philosophus
651 2432 114 55 habeat
731 2432 80 55 eam
777 2432 148 55 concedere
891 2432 80 55 qui
925 2432 57 55 non

259 2483 109 49 ponit
332 2483 97 49 deum
393 2483 158 49 immediate
514 2483 134 49 aliquid
611 2483 134 49 causare
708 2483 73 49 in
745 2483 109 49 istis
806 2483 182 49 inferioribus:

259 2515 75 62 sed
302 2515 160 62 christianus
430 2515 75 62 qui
473 2515 96 62 habet
537 2515 107 62 ponere
612 2515 86 62 quod
666 2515 86 62 deus
719 2515 139 62 concurrit
826 2515 64 62 in
858 2515 86 62 omni
901 2515 75 62 actio

259 2559 85 65 ne
301 2559 183 65 immediate
442 2559 127 65 habet
527 2559 141 65 ponere
625 2559 113 65 quod
696 2559 99 65 deo
752 2559 99 65 non
809 2559 169 65 coagente
922 2559 70 65 cum

253 2612 180 61 voluntate
391 2612 166 61 voluntas
516 2612 138 61 nullum
612 2612 124 61 actum
695 2612 152 61 elicit:
806 2612 110 61 quia
861 2612 124 61 deficit

1066 219 134 62 causa
1155 219 193 62 partialis
1304 219 208 62 necessario
1467 219 208 62 requisita:
1631 219 104 62 sed
1675 219 119 62 tamen-

1072 276 132 53 actus
1161 276 206 53 voluntatis
1322 276 103 53 sic
1381 276 103 53 est
1440 276 88 53 in
1484 276 191 53 potestate
1617 276 177 53 voluntatis

1065 317 97 62 quod
1125 317 84 62 per
1174 317 121 62 nullum
1258 317 133 62 creatum
1355 317 121 62 potest
1439 317 109 62 actus
1511 317 97 62 suus
1572 317 181 62 simpliciter
1705 317 84 62 impe-

1061 370 113 55 diri.
1137 370 63 55 ⁋
1162 370 75 55 Ad
1200 370 113 55 aliud
1275 370 75 55 de
1313 370 201 55 inclinatione
1476 370 126 55 potest
1564 370 113 55 dici.
1639 370 100 55 quod
1702 370 88 55 est
1740 370 50 55 in

1066 410 166 48 clinatio
1191 410 111 48 sine
1260 410 208 48 productione
1426 410 166 48 alicuius
1551 410 83 48 de
1592 410 111 48 nouo
1648 410 138 48 inclinam

1068 451 93 60 te.
1121 451 174 60 Exemplum.
1255 451 120 60 graue
1335 451 160 60 existens
1455 451 120 60 supra
1535 451 134 60 traben
1628 451 134 60 semper
1709 451 93 60 incli

1065 491 120 62 natur
1145 491 80 62 ad
1185 491 120 62 motum
1265 491 160 62 deorsum.
1385 491 93 62 hoc
1439 491 134 62 patet.
1532 491 107 62 quia
1599 491 93 62 sic
1639 491 160 62 inclinatur

1069 539 91 56 quod
1126 539 114 56 tandem
1205 539 125 56 frangit
1296 539 125 56 trabem.
1387 539 68 56 et
1421 539 102 56 tamen
1490 539 114 56 quando
1569 539 125 56 frangit
1660 539 80 56 non
1706 539 91 56 plus
1751 539 57 56 in-

1069 583 141 58 clinatur
1175 583 94 58 quam
1234 583 118 58 prius.
1316 583 106 58 causa
1387 583 106 58 autem
1458 583 106 58 quare
1528 583 94 58 nunc
1587 583 129 58 frangit
1681 583 118 58 traben
1752 583 47 58 et

1060 628 91 51 non
1112 628 117 51 prius
1190 628 91 51 est
1242 628 195 51 debilitatio
1398 628 143 51 trabis.
1503 628 91 51 sed
1555 628 91 51 non
1607 628 91 51 est
1659 628 91 51 sic
1711 628 78 51 in
1737 628 52 51 vo

1067 662 155 66 luntate:
1184 662 104 66 quia
1248 662 117 66 nihil
1326 662 91 66 ibi
1378 662 194 66 debilitatur
1533 662 91 66 nec
1585 662 194 66 corrupitur.
1727 662 78 66 Unde

1061 715 183 49 inclinatio
1205 715 131 49 grauis
1296 715 91 49 non
1348 715 91 49 est
1400 715 131 49 tantum
1492 715 104 49 ipsa
1557 715 170 49 grauitas.
1688 715 91 49 sed
1727 715 65 49 est

1063 760 136 57 aliquis
1161 760 123 57 actus:
1248 760 86 57 non
1297 760 123 57 quidem
1383 760 209 57 acquisitiuus.
1556 760 99 57 quia
1617 760 111 57 nihil
1691 760 86 57 vel
1728 760 74 57 pas-

1064 804 119 57 siuum
1143 804 186 57 acquiritur
1289 804 80 57 in
1329 804 119 57 graui
1409 804 93 57 nec
1462 804 80 57 in
1502 804 119 57 trabe
1581 804 93 57 per
1634 804 119 57 istam
1701 804 106 57 incli-

1067 846 158 61 natione.
1185 846 92 61 sed
1238 846 105 61 eius
1304 846 118 61 actio
1383 846 92 61 est
1435 846 211 61 deparditiua.
1607 846 105 61 quia
1672 846 92 61 per
1712 846 92 61 istam

1066 889 244 58 inclinationem
1267 889 144 58 virtus
1368 889 144 58 trabis
1468 889 201 58 resistendi
1612 889 187 58 debilitatur

1065 933 177 55 paulatim
1198 933 177 55 quousque
1330 933 177 55 deficiat
1463 933 88 55 in
1507 933 221 55 resistendo.
1683 933 88 55 et
1713 933 88 55 tunc

1069 979 107 56 trabs
1141 979 167 56 frangitur.
1272 979 72 56 et
1307 979 95 56 tunc
1367 979 107 56 graue
1439 979 131 56 mouetur
1534 979 167 56 localiter.
1665 979 72 56 et
1701 979 95 56 tunc
1748 979 48 56 in

1061 1021 172 63 clinatio
1190 1021 144 63 grauis
1291 1021 101 63 est
1348 1021 129 63 actio
1434 1021 230 63 acquisitiua:
1621 1021 144 63 saltem
1707 1021 101 63 noui.

1074 1065 93 56 vbi
1127 1065 93 56 vel
1180 1065 119 56 loci.
1259 1065 106 56 Unde
1325 1065 119 56 prima
1405 1065 119 56 actio
1484 1065 93 56 non
1537 1065 93 56 est
1590 1065 119 56 aliud
1670 1065 106 56 nisi
1723 1065 79 56 quod

1067 1110 80 61 ad
1107 1110 201 61 praesentiam
1268 1110 134 61 grauis
1362 1110 161 61 sequitur
1482 1110 174 61 diminutio
1616 1110 161 61 virtutim
1724 1110 80 61 tra-

1063 1148 96 68 bis
1118 1148 124 68 sicut
1201 1148 82 68 ad
1242 1148 206 68 praesentiam
1407 1148 151 68 caloris
1517 1148 82 68 ad
1558 1148 165 68 frigidum
1681 1148 96 68 est
1723 1148 82 68 dimi

1072 1200 135 55 nutio
1162 1200 180 55 frigoris
1296 1200 120 55 sine
1371 1200 224 55 productione
1551 1200 165 55 caloris
1655 1200 150 55 quousque

1070 1242 143 55 frigus
1170 1242 185 55 totaliter
1312 1242 228 55 corrumpatur.
1497 1242 86 55 et
1540 1242 171 55 respectu
1654 1242 157 55 vtriusque

1064 1285 148 52 istarum
1171 1285 162 52 actionum
1292 1285 94 52 est
1346 1285 162 52 grauitas
1467 1285 148 52 totalis
1575 1285 135 52 causa.
1669 1285 108 52 Quod
1723 1285 81 52 aute

1063 1328 204 52 inclinatio
1224 1328 146 52 grauis
1326 1328 131 52 dicit
1414 1328 131 52 talem
1501 1328 248 52 inclinationem
1691 1328 117 52 primam

1067 1382 130 51 patet.
1158 1382 91 51 Tum
1210 1382 104 51 quia
1275 1382 78 51 si
1314 1382 117 51 trabs
1392 1382 91 51 vel
1444 1382 130 51 corpus
1535 1382 156 51 detinens
1652 1382 91 51 sit
1704 1382 91 51 ita
1743 1382 65 51 po-

1075 1418 93 57 tens
1134 1418 70 57 ad
1168 1418 174 57 resistendum
1308 1418 93 57 quod
1366 1418 128 57 numquam
1459 1418 116 57 potest
1541 1418 116 57 frangi
1622 1418 81 57 per
1668 1418 116 57 graue.
1738 1418 70 57 tunc

1080 1462 89 59 non
1131 1462 140 59 dicitur
1233 1462 114 59 graue
1309 1462 140 59 proprie
1411 1462 178 59 inclinare.
1551 1462 102 59 quia
1614 1462 102 59 tunc
1678 1462 89 59 non
1716 1462 89 59 habet

1076 1504 158 54 aliquam
1191 1504 158 54 actione
1305 1504 230 54 debilitantem
1492 1504 172 54 respectu
1607 1504 201 54 resistentis.

1080 1549 90 51 Tum
1132 1549 103 51 quia
1196 1549 128 51 quando
1286 1549 116 51 graue
1363 1549 90 51 est
1414 1549 77 51 in
1452 1549 90 51 suo
1504 1549 103 51 loco
1568 1549 167 51 naturali:
1696 1549 103 51 tunc
1748 1549 51 51 no

1079 1596 188 52 inclinatur.
1230 1596 100 52 quia
1292 1596 88 52 non
1343 1596 113 52 habet
1418 1596 138 52 aliquem
1518 1596 113 52 actum
1593 1596 200 52 deperditiuum
1743 1596 63 52 vel

1068 1638 213 62 acquisitiuum.
1244 1638 100 62 quia
1307 1638 175 62 inclinatio
1445 1638 88 62 est
1495 1638 150 62 respectu
1607 1638 88 62 non
1658 1638 138 62 habiti.
1745 1638 63 62 sed

1072 1681 124 55 graue
1155 1681 124 55 solum
1238 1681 193 55 inclinatur
1390 1681 83 55 ad
1431 1681 124 55 locum
1514 1681 166 55 proprium
1638 1681 83 55 in
1680 1681 97 55 quo
1721 1681 83 55 iam.

1075 1728 97 56 est.
1136 1728 73 56 et
1172 1728 85 56 per
1221 1728 170 56 consequens
1355 1728 85 56 non
1403 1728 134 56 proprie
1501 1728 158 56 inclinat.
1622 1728 73 56 Et
1659 1728 110 56 eodem
1732 1728 97 56 modo

1066 1782 105 46 est
1126 1782 181 46 dicendum
1262 1782 90 46 de
1307 1782 150 46 habitu
1412 1782 90 46 in
1457 1782 196 46 appetitum
1607 1782 196 46 sensitiuo
1743 1782 60 46 et

1072 1814 231 49 intellectu.
1257 1814 108 49 Nam
1318 1814 170 49 habitus
1442 1814 200 49 appetitus
1596 1814 200 49 sensitiui
1734 1814 62 49 di

1073 1859 121 53 citur
1153 1859 175 53 inclinare
1288 1859 189 53 appetitum.
1437 1859 108 53 quia
1504 1859 175 53 appetitus
1639 1859 148 53 quantum
1734 1859 67 53 est

1078 1900 71 56 de
1114 1900 71 56 se
1149 1900 118 56 potest
1232 1900 71 56 in
1267 1900 118 56 plures
1350 1900 118 56 actus.
1433 1900 83 56 sed
1480 1900 130 56 habitus
1574 1900 142 56 inclinat
1681 1900 118 56 tantum
1752 1900 47 56 in

1072 1954 128 50 vnum.
1157 1954 114 50 puta
1229 1954 157 50 habitus
1343 1954 185 50 generatus
1485 1954 86 50 in
1528 1954 128 50 parte
1614 1954 185 50 sensitiua
1742 1954 57 50 ex

1068 1993 169 51 actibus
1191 1993 215 51 luxuriosis
1360 1993 246 51 inclinatiuum
1559 1993 92 51 ad
1605 1993 138 51 actus
1682 1993 123 51 consi-

1074 2031 131 63 miles.
1165 2031 117 63 licet
1244 2031 104 63 ipse
1309 2031 170 63 appetitus
1439 2031 131 63 potest
1531 2031 78 63 in
1570 2031 117 63 actum
1635 2031 170 63 castitatis.

1073 2078 146 53 quantum
1179 2078 93 53 est
1232 2078 79 53 de
1271 2078 93 53 se.
1324 2078 79 53 et
1364 2078 106 53 ista
1430 2078 185 53 inclinatio
1576 2078 119 53 addit
1655 2078 146 53 aliquid
1748 2078 53 53 su

1071 2129 84 52 pra
1119 2129 144 52 habitum.
1227 2129 120 52 patet:
1310 2129 96 52 quia
1370 2129 72 52 si
1406 2129 132 52 aliquis
1502 2129 108 52 primo
1574 2129 84 52 sit
1622 2129 156 52 occupatus
1729 2129 72 52 cir-

1078 2166 84 59 ca
1120 2166 153 59 aliquod
1231 2166 223 59 speculabile.
1412 2166 97 59 ita
1468 2166 111 59 quod
1537 2166 97 59 non
1593 2166 195 59 apprehedat
1732 2166 70 59 ali

1082 2215 110 51 quod
1151 2215 164 51 obiectum
1274 2215 260 51 concupiscibile.
1493 2215 82 51 et
1534 2215 110 51 post
1603 2215 192 51 apprehedat
1740 2215 68 51 ali

1080 2259 108 56 quod
1147 2259 108 56 tale
1214 2259 162 56 obiectum
1336 2259 216 56 sensibiliter
1511 2259 94 56 vel
1552 2259 256 56 intellectualiter.

1084 2304 96 51 vel
1139 2304 151 51 vtroque
1249 2304 96 51 vel
1304 2304 123 51 solum
1386 2304 219 51 sensibiliter
1564 2304 151 51 ponatur
1674 2304 110 51 hoc.
1729 2304 82 51 tunc

1068 2349 174 51 experitur
1202 2349 107 51 quod
1268 2349 121 51 habet
1349 2349 147 51 aliquam
1456 2349 228 51 inclinationem
1643 2349 80 51 ad
1684 2349 121 51 illud
1764 2349 67 51 .

1074 2392 176 54 obiectum
1207 2392 118 54 quam
1280 2392 132 54 prius
1368 2392 103 54 non
1427 2392 162 54 habuit:
1545 2392 103 54 sed
1603 2392 132 54 omnem
1677 2392 132 54 habitum

1081 2434 114 63 quem
1152 2434 114 63 nunc
1223 2434 128 63 habet
1308 2434 85 63 in
1351 2434 185 63 appetitum
1493 2434 128 63 prius
1578 2434 156 63 habuit.
1677 2434 128 63 igitur.

1066 2488 162 50 aliquid
1184 2488 132 50 nouum
1272 2488 103 50 est
1331 2488 88 50 in
1375 2488 191 50 appetitum
1522 2488 103 50 iam
1581 2488 191 50 inclinato
1714 2488 88 50 quod

1072 2531 112 47 prius
1146 2531 87 47 non
1196 2531 112 47 fuit.
1271 2531 112 47 licet
1345 2531 162 47 huiusmodi
1470 2531 87 47 non
1520 2531 124 47 potest
1607 2531 100 47 esse
1669 2531 100 47 nisi
1719 2531 87 47 actus

1081 2570 137 49 igitur
1177 2570 192 49 inclinatio
1328 2570 137 49 illius
1423 2570 151 49 habitus
1533 2570 96 49 est
1588 2570 123 49 actus
1656 2570 137 49 elicitus

1078 2617 87 62 et
1121 2617 173 62 respectu
1251 2617 130 62 huius
1337 2617 144 62 potest
1438 2617 115 62 poni
1510 2617 159 62 habitus
1626 2617 159 62 totalis
1726 2617 87 62 cau
