2207 3055
370 187 95 76 sa.
425 187 123 76 sicut
507 187 123 76 prius
589 187 150 76 positum
698 187 109 76 fuit
766 187 82 76 de
807 187 177 76 grauitate
943 187 95 76 vel
984 187 109 76 partia

366 254 98 57 lis
422 254 126 57 causa
506 254 98 57 cum
562 254 238 57 apprehensione
757 254 84 57 et
799 254 182 57 appetitum
939 254 112 57 quod
995 254 98 57 magis

370 299 150 54 videtur
479 299 123 54 verum
561 299 109 54 quod
629 299 150 54 nunquam
738 299 95 54 sic
793 299 164 54 inclinat
916 299 150 54 habitus
1011 299 82 54 nis-

367 339 150 62 facta
467 339 284 62 apprehensione
701 339 117 62 que
768 339 234 62 necessario
935 339 167 62 precedit

365 389 119 51 omnem
444 389 106 51 actu
511 389 186 51 appetitus.
656 389 80 51 Si
696 389 119 51 dicas
776 389 106 51 quod
842 389 159 51 secundum
961 389 119 51 istud
1028 389 66 51 po-

361 440 117 47 test
434 440 161 47 concedi
551 440 117 47 quod
624 440 175 47 obiectum
755 440 175 47 inclinat
887 440 190 47 potentiam
1018 440 73 47 ap-

371 486 233 49 prehensiuam:
561 486 117 49 quia
634 486 102 49 est
692 486 131 49 causa
779 486 189 49 partialis
910 486 175 49 concurrens

365 518 99 58 cum
421 518 169 58 potentia
548 518 84 58 ad
590 518 197 58 eliciendum
745 518 141 58 actum:
844 518 84 58 et
886 518 99 58 hoc
942 518 99 58 est
984 518 113 58 incli-

366 558 122 63 nare
442 558 92 63 in
488 558 199 63 appetitum
641 558 199 63 sensitiuo
794 558 76 63 â‹
825 558 214 63 Respondeo.
978 558 122 63 potest

366 604 170 61 concedi
489 604 216 61 conclusio.
659 604 139 61 tamen
751 604 170 61 habitus
875 604 170 61 proprie
983 604 108 61 incli

366 658 109 47 nat
429 658 217 47 potentiam:
599 658 124 47 quia
677 658 109 47 est
739 658 140 47 forma
832 658 217 47 perficiens
987 658 109 47 poten

363 691 132 60 tiam:
452 691 88 60 et
496 691 103 60 cum
555 691 103 60 hoc
613 691 88 60 vt
658 691 132 60 causa
746 691 191 60 partialis
893 691 191 60 inclinans
1040 691 88 60 ad

366 741 131 55 actum.
458 741 79 55 et
497 741 131 55 potest
589 741 105 55 poni
655 741 118 55 satis
734 741 105 55 bene
800 741 105 55 quod
865 741 92 55 est
918 741 118 55 causa
984 741 118 55 totalis

365 779 161 52 respectu
485 779 134 52 illius
579 779 134 52 actus.
673 779 81 52 et
714 779 107 52 tunc
781 779 148 52 oportet
888 779 161 52 secundum
1009 779 121 52 illud

382 825 132 53 ponere
474 825 172 53 appetitum
607 825 172 53 sesitiuum
739 825 172 53 passiuum.
871 825 79 53 et
911 825 106 53 ideo
977 825 106 53 alia
1030 825 66 53 via

369 869 124 52 forte
452 869 96 52 est
507 869 151 52 melior.
616 869 82 52 et
658 869 124 52 eodem
740 869 110 52 modo
809 869 96 52 est
864 869 82 52 de
905 869 137 52 habitu
1001 869 82 52 et
1028 869 69 52 im-

382 914 177 46 tellectu:
519 914 109 46 quia
587 914 136 46 homine
682 914 177 46 vigilante
819 914 177 46 experitur
955 914 150 46 aliquam
1050 914 55 46 in

385 953 217 53 clinationem
558 953 87 53 in
602 953 203 53 intellectu
761 953 87 53 ad
804 953 159 53 aliquod
920 953 174 53 obiectum
1036 953 58 53 de

372 996 173 61 structum
501 996 173 61 facilius
630 996 244 61 intelligendum
832 996 115 61 quam
904 996 129 61 prius
990 996 101 61 non
1033 996 72 61 sen

379 1048 101 46 tit
436 1048 202 46 dormiendo.
595 1048 87 46 et
638 1048 130 46 tamen
725 1048 144 46 eundem
826 1048 159 46 habitum
941 1048 130 46 habet
1013 1048 87 46 vtro

387 1088 100 61 quod
449 1088 150 61 tempore:
562 1088 75 61 et
599 1088 113 61 tamen
674 1088 163 61 experitur
799 1088 100 61 quod
862 1088 100 61 tunc
924 1088 138 61 aliquod
1012 1088 88 61 nouum

375 1132 103 48 est
434 1132 88 48 in
478 1132 205 48 intellectu
639 1132 117 48 quod
713 1132 132 48 prius
801 1132 103 48 non
860 1132 132 48 fuit.
948 1132 88 48 et
992 1132 103 48 hoc
1036 1132 73 48 non

376 1171 102 62 fuit
440 1171 102 62 nisi
504 1171 115 62 actus
580 1171 153 62 elicitus
695 1171 76 62 ab
733 1171 140 62 habitu.
835 1171 76 62 et
873 1171 89 62 per
924 1171 178 62 consequens
1051 1171 51 62 in

379 1221 170 51 clinatio
507 1221 99 51 non
563 1221 99 51 est
620 1221 114 51 nisi
691 1221 156 51 elicere
805 1221 142 51 actum.
904 1221 85 51 et
947 1221 114 51 ideo
1004 1221 99 51 dormi

386 1260 104 57 ens
445 1260 104 57 non
505 1260 222 57 inclinatur:
682 1260 118 57 quia
756 1260 118 57 tunc
830 1260 104 57 non
889 1260 148 57 elicit
978 1260 133 57 aliquem

377 1312 155 45 actum.
486 1312 109 45 Sed
548 1312 93 45 de
595 1312 202 45 voluntate
751 1312 109 45 est
813 1312 140 45 maior
890 1312 218 45 difficultas:

381 1350 152 57 posito
487 1350 121 57 quod
563 1350 167 57 aliquis
684 1350 137 57 primo
775 1350 152 57 habeat
881 1350 167 57 habitum
988 1350 121 57 vicio-

383 1393 92 54 sum
435 1393 184 54 acquisitum
580 1393 79 54 ex
619 1393 144 54 actibus
724 1393 171 54 viciosis.
856 1393 79 54 et
895 1393 118 54 tamen
974 1393 105 54 sibi
1026 1393 79 54 post

382 1444 137 48 subito
478 1444 191 48 infunditur
628 1444 150 48 gratia.
737 1444 109 48 tunc
806 1444 96 48 est
860 1444 137 48 dubium
956 1444 123 48 vtrum
1024 1444 82 48 stan

378 1478 89 57 te
423 1478 148 57 gratia
526 1478 89 57 in
570 1478 192 57 voluntate
718 1478 148 57 potest
821 1478 163 57 aliquis
940 1478 133 57 actus
1014 1478 103 57 elici

382 1523 152 54 secundum
496 1523 216 54 inclinationem
674 1523 139 54 habitus
775 1523 152 54 viciosi.
889 1523 139 54 videtur
991 1523 101 54 quod
1042 1523 63 54 non

391 1575 96 56 qui
446 1575 138 56 nullus
543 1575 138 56 potest
639 1575 152 56 peccare
750 1575 193 56 mortaliter
901 1575 96 56 dum
956 1575 96 56 est
1012 1575 83 56 in
1039 1575 69 56 gra

379 1613 123 57 tia:
456 1613 108 57 sed
517 1613 170 57 habitus
641 1613 123 57 ille
718 1613 185 57 inclinat
857 1613 93 57 ad
903 1613 139 57 actum
980 1613 139 57 peccati

381 1661 190 50 mortalis.
527 1661 146 50 igitur
629 1661 117 50 etc.
702 1661 102 50 Sed
761 1661 190 50 oppositum
907 1661 190 50 experitur
1038 1661 73 50 qui

383 1699 118 58 libet
462 1699 79 58 in
501 1699 79 58 se
540 1699 223 58 quantumcunque
724 1699 92 58 sic
777 1699 197 58 presentetur
934 1699 105 58 sibi
987 1699 131 58 obiectum

381 1743 147 51 illius
484 1743 162 51 habitus
602 1743 162 51 viciosi
720 1743 118 51 puta
794 1743 162 51 aliquod
897 1743 221 51 concupiscibi-

391 1787 85 55 le
433 1787 99 55 hic
490 1787 184 55 experitur
632 1787 113 55 quod
703 1787 99 55 non
760 1787 142 55 tantum
859 1787 128 55 habet
944 1787 128 55 actum
1029 1787 85 55 in
1057 1787 57 55 ap

382 1838 155 54 petitum
495 1838 197 54 sensitiuo:
650 1838 99 54 sed
706 1838 85 54 in
748 1838 197 54 voluntate.
904 1838 85 54 et
946 1838 155 54 maiorem
1045 1838 70 54 in-

381 1883 231 42 clinationem
565 1883 139 42 habet
658 1883 92 42 in
704 1883 200 42 voluntate
858 1883 123 42 quam
935 1883 154 42 habuit
1028 1883 92 42 ante

385 1914 255 61 apprehensionem
598 1914 255 61 intellectualem
810 1914 142 61 illius
909 1914 170 61 obiecti:
1023 1914 85 61 quia

390 1960 195 57 aliquando
540 1960 135 57 habet
630 1960 150 57 tantam
735 1960 255 57 inclinationem
944 1960 90 57 in
974 1960 150 57 volunta-

398 2008 77 49 te
437 2008 103 49 quod
501 2008 90 49 vix
552 2008 128 49 potest
642 2008 167 49 resistere
770 2008 77 49 et
809 2008 141 49 elicere
912 2008 116 49 actum
976 2008 141 49 oppositum

395 2047 81 53 ad
435 2047 108 53 quem
502 2047 161 53 inclinat
623 2047 135 53 gratia
717 2047 108 53 etc.
785 2047 175 53 huiusmodi
919 2047 121 53 autem
986 2047 135 53 inclina-

388 2096 104 51 tio
448 2096 104 51 non
507 2096 149 51 potest
612 2096 119 51 esse
686 2096 119 51 nisi
761 2096 134 51 actus
850 2096 179 51 elicitus
984 2096 89 51 ab
1014 2096 104 51 habi-

398 2133 100 67 tu.
455 2133 114 67 quod
526 2133 129 67 credo
612 2133 114 67 esse
684 2133 143 67 verum.
784 2133 100 67 Sed
841 2133 114 67 tunc
913 2133 100 67 est
970 2133 143 67 dubium
1056 2133 72 67 quo

395 2184 114 52 modo
466 2184 128 52 talis
551 2184 128 52 actus
637 2184 142 52 potest
737 2184 114 52 poni
808 2184 85 52 in
850 2184 185 52 voluntate
993 2184 114 52 sine
1050 2184 71 52 pec

389 2225 112 60 cato
459 2225 154 60 mortali
571 2225 98 60 cum
626 2225 154 60 habitus
738 2225 112 60 ille
808 2225 98 60 non
864 2225 168 60 inclinet
989 2225 112 60 nisi
1059 2225 84 60 ad

395 2270 123 52 actum
477 2270 178 52 viciosum.
614 2270 137 52 Potest
710 2270 110 52 dici
779 2270 96 52 vno
833 2270 110 52 modo
902 2270 110 52 quod
970 2270 110 52 ille
1025 2270 96 52 actus

391 2315 180 51 elicitur
526 2315 194 51 totaliter
675 2315 90 51 ab
720 2315 150 51 habitu
825 2315 105 51 non
885 2315 75 51 a
915 2315 194 51 voluntate
1049 2315 75 51 mo-

387 2357 91 50 do
432 2357 183 50 predicto
570 2357 91 50 de
615 2357 244 50 inclinatione
813 2357 168 50 grauis.
935 2357 91 50 et
981 2357 122 50 tunc
1042 2357 76 50 ex.

393 2401 155 49 cusatur
505 2401 183 49 peccatum:
646 2401 112 49 quia
716 2401 84 49 in
758 2401 127 49 nullo
843 2401 112 49 actu
913 2401 155 49 existit
1012 2401 112 49 pecca-

391 2448 101 51 tum
448 2448 115 51 nisi
520 2448 159 51 existat
636 2448 87 51 in
679 2448 115 51 actu
751 2448 216 51 voluntatis:
924 2448 130 51 sicut
1011 2448 101 51 nec
1054 2448 72 51 me-

394 2494 125 48 ritum
478 2494 112 48 quod
547 2494 98 48 non
603 2494 139 48 potest
701 2494 112 48 esse
771 2494 112 48 nisi
840 2494 181 48 eliciatur
980 2494 70 48 a
994 2494 139 48 volunta-

390 2528 83 54 te
432 2528 138 54 saltem
528 2528 221 54 partialiter:
707 2528 97 54 sed
763 2528 110 54 quia
831 2528 152 54 apparet
928 2528 193 54 inconueniens

380 2571 117 77 quod
454 2571 161 77 aliquis
571 2571 132 77 actus
659 2571 191 77 totaliter
806 2571 176 77 causetur
938 2571 88 77 in
968 2571 161 77 voluntate

1189 191 74 64 a
1219 191 134 64 causa
1308 191 149 64 creata
1413 191 119 64 alia
1487 191 74 64 a
1517 191 209 64 voluntate:
1681 191 164 64 propter
1785 191 149 64 liberta-

1186 241 100 54 tem
1243 241 199 54 voluntatis
1399 241 100 54 que
1456 241 100 54 non
1513 241 142 54 potest
1612 241 114 54 cogi
1683 241 128 54 salte
1769 241 100 54 per
1811 241 114 54 causam

1196 297 172 44 creatam.
1324 297 129 44 licet
1410 297 129 44 talis
1496 297 129 44 actus
1582 297 143 44 posset
1682 297 157 44 causari
1796 297 71 44 a
1825 297 100 44 deo
1868 297 71 44 to-

1192 331 172 56 taliter.
1321 331 115 56 Ideo
1393 331 144 56 potest
1493 331 115 56 dici
1565 331 115 56 quod
1637 331 115 56 ille
1709 331 129 56 actus
1780 331 144 56 causatur

1197 375 195 63 partialiter
1353 375 78 63 ab
1392 375 130 63 habitu
1483 375 78 63 et
1522 375 195 63 partialiter
1677 375 65 63 a
1703 375 182 63 voluntate.
1846 375 65 63 â‹
1859 375 65 63 Sed

1195 409 111 68 tunc
1265 409 111 68 stat
1334 409 209 68 difficultas
1501 409 97 68 quo
1557 409 84 68 in
1599 409 111 68 illo
1668 409 111 68 actu
1738 409 97 68 non
1780 409 139 68 cosistit

1200 460 162 59 peccatum
1321 460 94 59 cum
1375 460 162 59 elicitur
1496 460 67 59 a
1523 460 175 59 voluntate
1657 460 67 59 â‹
1684 460 135 59 Potest
1778 460 108 59 dici
1832 460 81 59 quod

1193 514 125 55 licet
1277 514 167 55 voluntas
1402 514 98 55 sit
1458 514 139 55 libera
1556 514 167 55 respectu
1681 514 195 55 cuiuslibet
1820 514 98 55 actus

1184 551 80 48 ab
1224 551 80 48 eo
1264 551 147 48 eliciti
1371 551 160 48 absolute
1491 551 214 48 considerati.
1664 551 120 48 tamen
1731 551 187 48 considerando

1195 594 158 53 aliquem
1310 594 129 53 actum
1396 594 201 53 voluntatis
1554 594 187 53 inquantum
1697 594 115 53 ille
1769 594 129 53 actus
1841 594 86 53 ante

1188 644 131 50 cedit
1276 644 87 50 in
1319 644 203 50 voluntate:
1479 644 102 50 non
1537 644 102 50 est
1595 644 174 50 voluntas
1726 644 145 50 libera
1813 644 102 50 respe

1185 678 106 63 ctu
1246 678 152 63 illius
1352 678 152 63 actus.
1459 678 183 63 Exemplum
1595 678 167 63 ponamus
1717 678 122 63 quod
1778 678 152 63 obiectum

1199 732 175 47 caritatis
1333 732 94 47 sit
1387 732 121 47 totum
1467 732 121 47 istud
1548 732 107 47 deus
1615 732 81 47 et
1655 732 107 47 omne
1722 732 107 47 quod
1790 732 107 47 vult
1843 732 81 47 deus

1195 768 139 54 diligi
1292 768 83 54 et
1334 768 111 54 quod
1404 768 153 54 diligam
1515 768 111 54 deum
1584 768 195 54 caritatiue
1737 768 111 54 actu
1793 768 125 54 elicito

1184 812 92 61 ita
1236 812 105 61 quod
1302 812 132 61 aliquo
1394 812 92 61 vno
1447 812 105 61 actu
1513 812 145 61 diligam
1618 812 118 61 deum:
1697 812 79 61 et
1737 812 105 61 omne
1802 812 105 61 quod
1855 812 79 61 vult

1199 850 112 70 deus
1269 850 140 70 diligi
1367 850 70 70 a
1394 850 98 70 me:
1450 850 112 70 quod
1520 850 98 70 est
1576 850 195 70 possibile.
1730 850 140 70 situnc
1813 850 112 70 cogno-

1198 904 125 49 scaua
1281 904 97 49 per
1337 904 208 49 intellectum
1503 904 111 49 quod
1572 904 111 49 deus
1642 904 111 49 vult
1711 904 125 49 Iohem
1794 904 139 49 diligi
1877 904 42 49 a

1200 947 91 52 me
1245 947 106 52 per
1306 947 228 52 reuelatione
1488 947 106 52 vel
1549 947 106 52 per
1609 947 197 52 quacunque
1761 947 137 52 aliam
1837 947 91 52 viam

1202 990 143 52 stante
1302 990 129 52 prima
1388 990 200 52 dilectione
1545 990 86 52 in
1588 990 186 52 voluntate
1731 990 100 52 cum
1774 990 157 52 cognitio-

1200 1042 90 53 ne
1245 1042 195 53 praedicta
1395 1042 210 53 necessario
1560 1042 135 53 habeo
1651 1042 180 53 diligere
1771 1042 150 53 iohannem

1191 1088 105 42 actu
1257 1088 197 42 caritatiuo.
1415 1088 79 42 et
1454 1088 105 42 ille
1520 1088 92 42 est
1573 1088 118 42 alius
1652 1088 66 42 a
1678 1088 118 42 primo
1757 1088 105 42 quia
1810 1088 118 42 possunt

1203 1122 155 53 separari:
1322 1122 72 53 et
1358 1122 95 53 vnus
1418 1122 155 53 praecedit
1537 1122 119 53 alium.
1620 1122 72 53 et
1656 1122 95 53 vnus
1716 1122 143 53 scilicet
1811 1122 119 53 secundus

1197 1163 99 65 est
1254 1163 170 65 praecise
1381 1163 170 65 respectu
1509 1163 128 65 vnius
1594 1163 213 65 incomplexi.
1765 1163 114 65 puta
1822 1163 99 65 iohis

1192 1206 133 58 alius
1281 1206 118 58 puta
1355 1206 148 58 primus
1458 1206 118 58 non.
1532 1206 74 58 â‹
1562 1206 103 58 Sia
1621 1206 118 58 ista
1695 1206 163 58 arguunt
1798 1206 133 58 distin-

1203 1257 130 48 ctione
1294 1257 117 48 inter
1372 1257 117 48 illos
1450 1257 130 48 actus.
1541 1257 78 48 et
1579 1257 117 48 tamen
1657 1257 156 48 voluntas
1774 1257 91 48 non
1826 1257 91 48 est
1865 1257 65 48 li-

1207 1301 115 47 bera
1278 1301 172 47 respectu
1408 1301 158 47 secundi
1522 1301 129 47 actus
1608 1301 143 47 stante
1709 1301 129 47 primo
1795 1301 115 47 actu
1852 1301 72 47 cur

1199 1345 216 53 apprehesione
1374 1345 189 53 praedicta.
1522 1345 108 53 quia
1589 1345 94 53 est
1643 1345 202 53 impossibile
1805 1345 108 53 quod
1859 1345 81 53 ego-

1201 1388 99 55 vno
1257 1388 113 55 actu
1328 1388 155 55 diligam
1440 1388 127 55 deum:
1525 1388 84 55 et
1567 1388 113 55 omne
1637 1388 113 55 quod
1708 1388 113 55 vult
1778 1388 113 55 deus
1834 1388 99 55 dili-

1197 1434 78 53 gi
1236 1434 65 53 a
1262 1434 78 53 me
1301 1434 78 53 in
1340 1434 169 53 generali.
1471 1434 78 53 et
1510 1434 104 53 quod
1575 1434 117 53 sciam
1653 1434 104 53 quod
1718 1434 104 53 deus
1784 1434 104 53 vult
1836 1434 91 53 iohem

1208 1479 141 55 diligi
1306 1479 70 55 a
1335 1479 84 55 me
1377 1479 113 55 nisi
1447 1479 155 55 diligam
1560 1479 169 55 iohannem
1687 1479 84 55 in
1729 1479 183 55 speciali.
1856 1479 84 55 quia

1213 1525 235 47 contradictio
1404 1525 103 47 est
1463 1525 147 47 dicere
1566 1525 191 47 oppositum
1713 1525 88 47 et
1757 1525 132 47 tunc.
1830 1525 103 47 licet

1207 1557 83 56 in
1249 1557 124 56 primo
1332 1557 111 56 actu
1401 1557 194 56 voluntatis
1553 1557 180 56 consistat
1691 1557 166 56 meritum.
1816 1557 111 56 quia
1871 1557 69 56 est

1202 1602 78 57 in
1241 1602 170 57 potestate
1372 1602 196 57 voluntatis:
1529 1602 92 57 non
1581 1602 118 57 tamen
1659 1602 78 57 in
1699 1602 105 57 actu
1764 1602 144 57 secundo
1856 1602 78 57 quam

1211 1655 100 49 non
1268 1655 100 49 est
1325 1655 86 49 in
1368 1655 186 49 potestate
1512 1655 215 49 voluntatis.
1684 1655 129 49 Eodem
1770 1655 115 49 modo
1827 1655 115 49 potest

1214 1694 110 54 dici
1283 1694 83 54 in
1324 1694 179 54 proposito
1462 1694 110 54 quod
1531 1694 193 54 apprehenso
1682 1694 138 54 aliquo
1764 1694 179 54 concupisci-

1211 1735 120 53 bili
1286 1735 90 53 et
1331 1735 150 53 stante
1436 1735 255 53 inclinatione.
1647 1735 165 53 habitus
1767 1735 90 53 in
1797 1735 150 53 volunta-

1197 1778 111 55 te:
1261 1778 254 55 inclinatione
1467 1778 127 55 dico
1546 1778 190 55 actuali:
1689 1778 143 55 sicut
1784 1778 127 55 homo
1848 1778 95 55 plus

1197 1826 177 54 experitur
1333 1826 82 54 in
1374 1826 95 54 vno
1429 1826 150 54 tempore
1537 1826 109 54 quod
1606 1826 82 54 in
1646 1826 122 54 alio.
1728 1826 109 54 Tunc
1796 1826 109 54 dico
1850 1826 82 54 quod

1204 1865 98 58 non
1260 1865 98 58 est
1316 1865 84 58 in
1358 1865 183 58 potestate
1499 1865 211 58 voluntatis:
1667 1865 112 58 quin
1737 1865 154 58 eliciat
1850 1865 98 58 cum
1892 1865 56 58 ha

1220 1909 101 56 bitu
1283 1909 176 56 inclinante
1422 1909 138 56 aliquem
1522 1909 113 56 actum
1598 1909 113 56 circa
1673 1909 126 56 illud.
1761 1909 75 56 et
1799 1909 101 56 ille
1849 1909 88 56 actus

1215 1953 154 61 potest
1322 1953 123 61 dici
1399 1953 154 61 primus
1507 1953 138 61 motus
1599 1953 108 61 qui
1660 1953 200 61 excusatur
1814 1953 77 61 a
1829 1953 108 61 pecca

1215 1998 84 57 to
1257 1998 168 57 secundum
1383 1998 183 57 doctores.
1524 1998 84 57 Et
1566 1998 98 57 hoc
1622 1998 126 57 etiam
1706 1998 154 57 videtur
1805 1998 126 57 Augusti

1208 2044 99 59 nus
1265 2044 142 59 dicere
1364 2044 114 59 quod
1435 2044 99 59 non
1492 2044 99 59 est
1549 2044 85 59 in
1591 2044 185 59 potestate
1733 2044 156 59 nostra.
1832 2044 114 59 quibus

1208 2084 115 60 visis
1285 2084 90 60 per
1336 2084 192 60 intellectum
1490 2084 153 60 tangamur
1605 2084 77 60 in
1643 2084 179 60 voluntate.
1784 2084 77 60 et
1809 2084 128 60 secundum

1220 2133 124 54 istam
1303 2133 110 54 viam
1371 2133 110 54 tunc
1440 2133 179 54 excusatur
1577 2133 165 54 voluntas
1701 2133 69 54 a
1728 2133 151 54 peccato
1824 2133 124 54 quantum

1210 2178 81 49 ad
1251 2178 122 49 illum
1333 2178 136 49 actum.
1427 2178 109 49 quia
1495 2178 95 49 non
1550 2178 95 49 est
1604 2178 81 49 in
1645 2178 190 49 potenstate
1780 2178 163 49 voluntatis

1219 2217 114 55 ideo
1290 2217 99 55 nec
1347 2217 85 55 in
1389 2217 85 55 eo
1432 2217 185 55 consistit
1574 2217 156 55 meritum
1687 2217 99 55 nec
1744 2217 199 55 demeritum.
1886 2217 57 55 et

1214 2259 152 57 secundum
1328 2259 89 57 hoc
1379 2259 139 57 oportet
1480 2259 127 57 dicere
1569 2259 101 57 quod
1632 2259 152 57 voluntas
1746 2259 89 57 non
1797 2259 89 57 sit
1835 2259 101 57 libera

1215 2304 177 58 respectu
1348 2304 206 58 cuiuslibet
1510 2304 133 58 actus
1598 2304 88 58 ab
1643 2304 88 58 ea
1687 2304 162 58 eliciti
1805 2304 103 58 sed
1849 2304 103 58 respe

1223 2349 100 54 ctu
1280 2349 172 54 alicuius
1409 2349 100 54 sic
1466 2349 86 54 et
1509 2349 172 54 alicuius
1637 2349 114 54 non.
1709 2349 100 54 Sed
1766 2349 114 54 tunc
1838 2349 100 54 est
1881 2349 72 54 du-

1225 2400 122 49 bium
1301 2400 138 49 quomo
1393 2400 183 49 voluntas
1530 2400 183 49 secundum
1668 2400 260 49 inclinationem
1867 2400 76 49 gra

1216 2438 97 56 tie
1272 2438 139 56 elicit
1369 2438 181 56 oppositum
1508 2438 125 56 actum
1591 2438 153 56 intense
1702 2438 139 56 stante
1799 2438 111 56 tali
1855 2438 97 56 incli

1222 2479 165 55 natione:
1346 2479 138 55 potest
1443 2479 110 55 dici
1512 2479 110 55 quod
1581 2479 152 55 habitus
1691 2479 138 55 gratie
1788 2479 83 55 in
1829 2479 110 55 tali
1884 2479 69 55 est

1217 2525 182 57 intensior
1357 2525 112 57 quam
1427 2525 126 57 alius
1511 2525 154 57 habitus
1622 2525 182 57 inclinans
1762 2525 84 57 ad
1804 2525 154 57 vicium.
1902 2525 56 57 et

1216 2570 172 66 voluntas
1345 2570 100 66 cum
1402 2570 143 66 maiori
1502 2570 157 66 conatum
1616 2570 143 66 elicit
1717 2570 129 66 actum
1803 2570 100 66 sed
1845 2570 115 66 gratie
