2209 3053
382 213 108 72 quod
450 213 189 72 inclinaret
599 213 95 72 per
653 213 122 72 modum
734 213 176 72 principii
869 213 135 72 actiui
963 213 81 72 et
990 213 122 72 passiui

374 269 113 53 non
438 269 145 53 tamen
535 269 113 53 per
599 269 145 53 modum
696 269 209 53 neutrius.
857 269 97 53 Ad
906 269 145 53 aliud
1002 269 97 53 de
1034 269 81 53 li-

367 309 111 63 gno
431 309 158 63 humido
541 309 143 63 sicco
637 309 95 63 et
684 309 158 63 neutro
795 309 127 63 dico
874 309 127 63 quod
938 309 174 63 humiditas

376 356 171 57 prohibet
504 356 171 57 actionem
632 356 214 57 caliditatis
803 356 85 57 et
846 356 171 57 siccitas
974 356 100 57 est
1017 356 85 57 remo

387 401 118 53 uens
461 401 191 53 prohibens
608 401 88 53 et
652 401 103 53 est
711 401 221 53 dispositio.
887 401 88 53 et
932 401 118 53 ideo
1005 401 103 53 ibi
1049 401 59 53 et

378 445 93 47 in
424 445 170 47 talibus
548 445 108 47 vbi
610 445 170 47 aliquid
734 445 108 47 est
795 445 263 47 indispositum.
997 445 108 47 conce

382 486 84 59 do
424 486 112 59 quod
494 486 98 59 ibi
550 486 196 59 requiritur
704 486 196 59 necessario
857 486 140 59 aliqua
941 486 168 59 dispositio

376 531 182 53 remouens
512 531 212 53 prohibens.
679 531 91 53 et
724 531 106 53 sic
785 531 106 53 non
845 531 106 53 est
906 531 91 53 in
936 531 182 53 intellectu

386 580 99 50 qui
442 580 99 50 ibi
499 580 99 50 non
555 580 99 50 est
612 580 197 50 dispositio
767 580 183 50 prohibens
908 580 169 50 actionem
1020 580 85 50 ideo

389 617 91 52 non
441 617 91 52 est
493 617 143 52 simile.
597 617 65 52 ⁋
623 617 78 52 Ad
662 617 182 52 principale
806 617 104 52 dico
871 617 104 52 quod
936 617 143 52 habitus
1027 617 78 52 eust

395 662 108 50 ausa
463 662 163 50 secunda.
585 662 68 50 ⁋
612 662 81 50 Ad
653 662 122 50 aliud
734 662 81 50 de
775 662 108 50 motu
843 662 136 50 locali
938 662 108 50 dico
1006 662 108 50 quod
1060 662 54 50 il

382 704 95 59 le
430 704 175 59 habitus
557 704 206 59 generatus
715 704 95 59 in
763 704 175 59 corpore
890 704 111 59 per
953 704 143 59 motum
1033 704 79 59 lo-

393 747 115 59 calem
470 747 89 59 est
521 747 166 59 absolutus
649 747 77 59 et
687 747 115 59 motus
763 747 140 59 localis
865 747 153 59 secundum
980 747 115 59 prius
1044 747 64 59 di-

393 791 105 49 cta
453 791 105 49 non
513 791 135 49 dicit
602 791 165 49 aliquid
722 791 135 49 vltra
812 791 105 49 res
872 791 239 49 permanentes:
1051 791 60 49 ni

393 836 91 52 si
438 836 151 52 tantum
544 836 211 52 negationes
710 836 91 52 et
755 836 106 52 res
816 836 227 52 permanentes
982 836 136 52 causan-

379 884 106 47 tes
439 884 136 47 istum
530 884 136 47 motum
621 884 136 47 etiam
712 884 167 47 possunt
833 884 121 47 poni
909 884 212 47 substantie
1060 884 61 47 et

384 923 120 48 ideo
459 923 165 48 ponitur
579 923 135 48 minor
669 923 195 48 perfectio
818 923 90 48 in
863 923 120 48 actu
938 923 120 48 quam
1013 923 90 48 in
1043 923 75 48 ha-

390 971 146 47 bitu.
487 971 97 47 Si
535 971 162 47 queras
649 971 81 47 a
681 971 113 47 quo
746 971 194 47 causatur
891 971 129 47 ille
956 971 162 47 habitus.

394 1016 198 45 Respondeo
546 1016 137 45 eadem
637 1016 167 45 questio
759 1016 106 45 est
819 1016 76 45 a
850 1016 106 45 quo
910 1016 182 45 causatur
1032 1016 76 45 ca-

392 1055 95 54 lor
447 1055 150 54 genitus
556 1055 95 54 per
611 1055 123 54 motum
692 1055 164 54 localem:
815 1055 109 54 quia
883 1055 82 54 ab
924 1055 123 54 eodem
992 1055 123 54 princi-

382 1100 97 59 pio
438 1100 181 59 generatur
577 1100 111 59 vnum
646 1100 83 59 et
688 1100 125 59 aliud
771 1100 111 59 etc.
840 1100 69 59 ⁋
868 1100 83 59 Ad
910 1100 125 59 aliud
979 1100 139 59 scilicet

404 1153 76 45 de
442 1153 139 45 sessore
544 1153 76 45 et
582 1153 139 45 gratia:
683 1153 101 45 dico
746 1153 101 45 quod
810 1153 114 45 illud
886 1153 89 45 est
937 1153 114 45 verum
1013 1153 89 45 quo
1063 1153 76 45 ad

394 1186 243 48 acceptationem
594 1186 172 48 divinam.
723 1186 115 48 Unde
795 1186 143 48 gratia
895 1186 86 48 et
938 1186 158 48 caritas
1038 1186 86 48 idem

391 1228 121 53 sunt
467 1228 151 53 omnino
572 1228 91 53 vt
618 1228 121 53 nunc
693 1228 182 53 suppono.
830 1228 91 53 Et
875 1228 227 53 impossibile
1041 1228 76 53 est

393 1275 124 52 quod
470 1275 170 52 aliquis
593 1275 139 52 actus
686 1275 216 52 meritorius
856 1275 216 52 eliceretur
1026 1275 77 52 a
1041 1275 93 52 qua-

392 1315 155 58 cunque
501 1315 171 58 virtute
626 1315 187 58 naturali
766 1315 109 58 vel
828 1315 264 58 supernaturali
1030 1315 93 58 nisi

400 1367 225 45 concurrente
580 1367 180 45 caritate
715 1367 135 45 sicut
805 1367 135 45 causa
895 1367 180 45 partiali
1015 1367 105 45 secun

397 1409 88 54 da
441 1409 132 54 actus
530 1409 206 54 meritorii:
691 1409 162 54 quantum
809 1409 88 54 ad
853 1409 220 54 substantiam
1014 1409 118 54 illius

377 1447 393 56 actus.
652 1447 472 56 Questio.
967 1447 157 56 p.

538 1497 275 105 Trum
709 1497 343 105 preter
915 1497 206 105 spi-

574 1576 118 60 itum
648 1576 163 60 sanctum
766 1576 222 60 tripliciter
944 1576 133 60 datum
1033 1576 103 60 sit
1077 1576 59 60 ne

578 1626 119 61 esse
653 1626 149 61 ponere
757 1626 194 61 caritatem
906 1626 224 61 informantem
1070 1626 60 61 a-

391 1666 110 67 nima
460 1666 82 67 ad
501 1666 96 67 hoc
556 1666 110 67 quod
624 1666 123 67 anima
706 1666 96 67 sit
761 1666 110 67 cara
829 1666 82 67 et
871 1666 151 67 accepta
980 1666 96 67 deo
1035 1666 68 67 ⁋
1049 1666 68 67 Una

398 1712 106 55 noua
464 1712 132 55 opinio
556 1712 119 55 dicit
635 1712 106 55 quod
701 1712 132 55 preter
794 1712 158 55 specitum
913 1712 145 55 sanctum
1005 1712 119 55 necesse

397 1756 108 60 est
458 1756 155 60 ponere
567 1756 186 60 caritate
706 1756 170 60 creatam
830 1756 232 60 informantem
1000 1756 124 60 animam

403 1800 75 62 ad
440 1800 87 62 hoc
490 1800 99 62 quod
552 1800 112 62 anima
626 1800 87 62 sit
676 1800 112 62 grata
751 1800 75 62 et
788 1800 99 62 cara
850 1800 99 62 deo:
912 1800 87 62 ita
962 1800 99 62 quod
1024 1800 99 62 sine
1074 1800 62 62 il-

405 1847 92 50 lo
451 1847 122 50 deus
527 1847 107 50 non
588 1847 153 50 potest
695 1847 199 50 acceptare
848 1847 153 50 animam
940 1847 183 50 rationalem

413 1888 110 58 Pro
476 1888 266 58 confirmatione
695 1888 156 58 istius
804 1888 203 58 opinionis
961 1888 141 58 ponit
1039 1888 94 58 ipse

401 1929 113 58 tres
472 1929 241 58 propositiones
670 1929 85 58 et
712 1929 127 58 ipsas
797 1929 156 58 probat.
911 1929 71 58 ⁋
939 1929 142 58 Quarum
1024 1929 99 58 prima

403 1972 101 53 est
460 1972 116 53 quod
533 1972 101 53 est
591 1972 145 53 aliqua
692 1972 130 53 forma
779 1972 145 53 creata
880 1972 130 53 super
967 1972 116 53 quam
1025 1972 116 53 neces-

407 2018 133 51 sario
496 2018 133 51 cadit
585 2018 237 51 complacentia
777 2018 148 51 diuina
881 2018 163 51 tanquam
999 2018 133 51 super
1073 2018 59 51 ob

398 2064 135 46 iectum
493 2064 135 46 diuiue
588 2064 216 46 complacentie
764 2064 162 46 secundum
885 2064 108 46 quam
953 2064 135 46 habens
1034 2064 95 46 illam

405 2109 189 52 necessario
553 2109 94 52 est
607 2109 121 52 carus
687 2109 108 52 deo.
755 2109 67 52 ⁋
782 2109 148 52 Secunda
890 2109 94 52 est
943 2109 108 52 ista
1011 2109 108 52 quod
1065 2109 67 52 hec

407 2157 250 44 complacentia
610 2157 109 44 non
673 2157 140 44 cadit
766 2157 140 44 super
860 2157 156 44 animam
954 2157 187 44 rationalem

404 2194 185 54 immediate
546 2194 85 54 ex
589 2194 114 54 illa
660 2194 242 54 acceptatione:
859 2194 100 54 sed
916 2194 114 54 illa
987 2194 128 54 forma
1058 2194 71 54 est

410 2237 169 53 obiectum
536 2237 141 53 diuine
635 2237 239 53 complacentie.
832 2237 84 53 et
874 2237 98 53 hec
930 2237 98 53 est
986 2237 127 53 ratio
1057 2237 84 53 qua-

405 2287 91 47 re
450 2287 137 47 talis
541 2287 137 47 anima
632 2287 152 47 habena
739 2287 121 47 tale
814 2287 182 47 obiectum
951 2287 212 47 acceptatur
1103 2287 46 47 a

412 2325 103 49 deo
471 2325 73 49 ⁋
500 2325 147 49 Tertia
603 2325 103 49 est
662 2325 118 49 quod
736 2325 118 49 illa
809 2325 132 49 forma
897 2325 103 49 est
956 2325 118 49 amor
1015 2325 132 49 habitu-

413 2366 113 59 alis
484 2366 198 59 possibilis
639 2366 156 59 infundi
752 2366 71 59 a
780 2366 113 59 solo
851 2366 99 59 deo
908 2366 99 59 ita
964 2366 113 59 quod
1035 2366 99 59 per
1077 2366 71 59 ni-

422 2413 96 48 hil
477 2413 124 48 aliud
560 2413 137 48 potest
656 2413 151 48 causari
765 2413 82 48 in
807 2413 137 48 anima.
903 2413 69 48 ⁋
930 2413 124 48 Prima
999 2413 137 48 proposi-

407 2461 109 55 tio
470 2461 188 55 probatur
611 2461 188 55 quinquam
751 2461 234 55 rationibus.
939 2461 156 55 Quarum
1033 2461 109 55 prima

411 2495 147 55 nullus
514 2495 132 55 actus
602 2495 220 55 immutabilis
778 2495 161 55 transit
895 2495 132 55 super
983 2495 161 55 aliquod
1085 2495 59 55 ob

417 2547 132 47 iectum
509 2547 79 47 de
549 2547 106 47 nouo
615 2547 106 47 nisi
681 2547 106 47 eius
747 2547 159 47 obiectum
866 2547 93 47 sit
919 2547 145 47 eternum
1025 2547 79 47 et
1051 2547 93 47 immu-

409 2591 153 56 tabile:
520 2591 84 56 et
562 2591 84 56 de
604 2591 111 56 nouo
674 2591 209 56 percipiatur
841 2591 84 56 ab
882 2591 111 56 illo
952 2591 153 56 obiecto
1050 2591 97 56 super

1221 188 104 84 iuod
1286 188 156 84 transit.
1403 188 169 84 Exemplum.
1533 188 78 84 si
1572 188 117 84 visio
1650 188 91 84 mea
1702 188 91 84 sit
1754 188 130 84 eterna
1845 188 78 84 et
1871 188 65 84 im-

1216 250 170 61 mutabilis
1347 250 91 61 non
1399 250 131 61 potest
1490 250 157 61 transire
1608 250 118 61 super
1686 250 131 61 lignum
1777 250 91 61 vel
1817 250 118 61 lapiden

1207 298 111 51 nisi
1277 298 125 51 color
1360 298 97 51 qui
1416 298 97 51 est
1471 298 167 51 obiectum
1596 298 209 51 percipiatur
1763 298 70 51 a
1791 298 125 51 ligno
1860 298 70 51 vel

1211 337 139 59 lapide.
1313 337 114 59 Cuius
1389 337 114 59 ratio
1465 337 101 59 est.
1528 337 101 59 quia
1592 337 76 59 de
1630 337 101 59 actu
1693 337 89 59 non
1744 337 178 59 transeunte
1871 337 63 59 non

1207 380 140 64 potest
1305 380 126 64 fieri
1389 380 126 64 actus
1473 380 182 64 transiens
1612 380 112 64 sine
1682 380 182 64 mutatione
1822 380 84 64 in
1850 380 84 64 actu

1212 433 102 48 vel
1271 433 175 48 obiecto:
1402 433 102 48 sed
1461 433 88 48 in
1504 433 117 48 actu
1578 433 146 48 eterno
1680 433 131 48 nulla
1767 433 102 48 est
1811 433 117 48 muta

1202 470 102 52 tio.
1266 470 127 52 planum
1355 470 102 52 est.
1419 470 178 52 requiritur
1559 470 102 52 ergo
1622 470 102 52 quod
1686 470 89 52 sit
1737 470 140 52 mutatio
1839 470 76 52 in
1864 470 64 52 ob-

1206 513 104 53 iecto
1276 513 104 53 super
1345 513 93 53 quod
1403 513 104 53 actus
1473 513 139 53 transit.
1577 513 104 53 patet
1647 513 116 53 igitur
1728 513 116 53 maior.
1809 513 81 53 sed
1844 513 81 53 actus

1199 564 131 52 diuine
1291 564 223 52 acceptationis
1475 564 144 52 transit
1580 564 118 52 super
1658 564 144 52 aliquod
1763 564 158 52 obiectum
1868 564 66 52 su-

1202 600 87 65 per
1251 600 100 65 quod
1314 600 112 65 prius
1388 600 87 65 non
1438 600 174 65 transiuit.
1575 600 75 65 et
1612 600 100 65 nunc
1675 600 112 65 super
1749 600 100 65 vnum
1812 600 87 65 non
1849 600 87 65 super

1213 652 121 46 aliud.
1297 652 108 46 patet
1370 652 121 46 istud.
1454 652 96 46 quia
1514 652 145 46 christus
1623 652 84 46 ita
1671 652 157 46 specialit
1791 652 84 46 non
1828 652 108 46 dilexit

1207 688 117 65 Iohem
1285 688 117 65 prius
1363 688 117 65 sicut
1441 688 117 65 post.
1519 688 130 65 igitur
1609 688 104 65 nunc
1674 688 182 65 percipitur
1817 688 78 65 ab
1843 688 91 65 anima

1207 734 123 55 iohis
1290 734 123 55 forma
1372 734 110 55 illa
1440 734 110 55 quae
1509 734 96 55 est
1564 734 165 55 obiectum
1687 734 137 55 diuine
1769 734 165 55 acceptatio

1203 774 89 66 nis
1254 774 76 66 et
1292 774 216 66 complacentie.
1470 774 152 66 obiectum
1584 774 127 66 inquam
1673 774 140 66 eternum
1774 774 76 66 et
1812 774 114 66 prius
1876 774 63 66 non

1208 818 227 66 percipiebatur.
1397 818 164 66 huiusmodi
1523 818 88 66 est
1574 818 151 66 caritas.
1687 818 126 66 igitur
1775 818 101 66 etc.
1838 818 63 66 ⁋
1863 818 76 66 Si
1889 818 50 66 di

1209 864 82 54 cis
1256 864 94 54 quod
1315 864 94 54 dato
1374 864 94 54 isto
1432 864 106 54 esset
1503 864 153 54 processus
1620 864 70 54 in
1655 864 164 54 infinitum.
1784 864 94 54 quia
1843 864 70 54 si
1867 864 70 54 ideo

1211 908 103 60 modo
1275 908 103 60 vult
1340 908 128 60 creare
1429 908 167 60 caritatem
1558 908 77 60 in
1596 908 116 60 anima
1673 908 77 60 et
1712 908 116 60 prius
1789 908 90 60 non
1827 908 103 60 voluit

1220 950 78 57 et
1259 950 91 57 per
1311 950 182 57 consequens
1454 950 104 57 modo
1519 950 104 57 vult
1585 950 169 57 acceptare
1715 950 78 57 et
1754 950 117 57 prius
1819 950 117 57 noluit.

1220 994 123 62 igitur
1306 994 86 62 hoc
1355 994 98 62 erit
1416 994 135 62 propter
1514 994 135 62 aliquod
1612 994 135 62 preuium
1710 994 98 62 quod
1772 994 86 62 est
1808 994 123 62 obiectum

1212 1039 154 56 eternum
1324 1039 140 56 diuine
1422 1039 210 56 volitionis.
1590 1039 84 56 Et
1632 1039 84 56 de
1674 1039 112 56 illo
1744 1039 98 56 est
1786 1039 154 56 querendum

1222 1082 121 58 sicut
1302 1082 80 58 de
1342 1082 134 58 primo.
1436 1082 107 58 quia
1503 1082 107 58 deus
1570 1082 107 58 vult
1637 1082 107 58 modo
1704 1082 134 58 creare
1798 1082 121 58 illud
1865 1082 80 58 prae

1225 1125 97 57 uium
1286 1125 73 57 et
1322 1125 109 57 prius
1395 1125 97 57 non.
1455 1125 97 57 nunc
1516 1125 121 57 igitur
1601 1125 170 57 supponitur
1735 1125 134 57 aliquod
1820 1125 121 57 praeuium

1226 1173 89 61 sti
1277 1173 101 61 quod
1340 1173 89 61 est
1391 1173 127 61 diuine
1480 1173 190 61 volitionis.
1631 1173 76 61 et
1669 1173 89 61 sic
1720 1173 101 61 erit
1783 1173 165 61 processus
1897 1173 51 61 in

1217 1216 197 57 infinitum.
1372 1216 84 57 si
1414 1216 99 57 non
1470 1216 155 57 standum
1583 1216 99 57 est
1639 1216 84 57 in
1682 1216 141 57 primo.
1780 1216 70 57 ⁋
1794 1216 155 57 Respondeo

1227 1261 102 60 quod
1291 1261 140 60 preuium
1393 1261 102 60 quod
1457 1261 153 60 voluntas
1572 1261 128 60 diuina
1661 1261 115 60 creat
1738 1261 77 60 in
1776 1261 115 60 anima
1853 1261 89 60 est
1891 1261 64 60 ca-

1220 1300 143 55 ritas.
1320 1300 129 55 cuius
1406 1300 129 55 causa
1491 1300 100 55 est
1549 1300 114 55 sola
1620 1300 172 55 voluntas
1749 1300 143 55 diuina
1849 1300 86 55 et
1878 1300 72 55 sua

1220 1340 210 64 complacentia
1390 1340 105 64 quae
1456 1340 92 64 non
1508 1340 157 64 supponit
1626 1340 144 64 aliquod
1731 1340 144 64 preuium
1823 1340 131 64 caritati

1219 1388 61 55 a
1243 1388 109 55 parte
1316 1388 146 55 creature
1425 1388 182 55 rationalis.
1571 1388 73 55 et
1608 1388 85 55 sic
1656 1388 85 55 non
1705 1388 85 55 est
1754 1388 158 55 procedere
1875 1388 73 55 in
1899 1388 49 55 in

1221 1436 146 49 finitum.
1330 1436 85 49 nec
1379 1436 133 49 standum
1476 1436 85 49 est
1524 1436 73 49 in
1561 1436 121 49 primo.
1646 1436 85 49 sic
1694 1436 97 49 quia
1755 1436 97 49 deus
1816 1436 121 49 potest
1888 1436 61 49 ac-

1222 1479 151 57 ceptare
1332 1479 165 57 rationem
1455 1479 178 57 naturalem
1593 1479 110 57 sine
1661 1479 178 57 caritate.
1798 1479 110 57 quia
1853 1479 96 57 cari-

1219 1522 96 60 tas
1274 1522 96 60 est
1329 1522 165 60 obiectum
1452 1522 137 60 primum
1548 1522 233 60 acceptationis
1740 1522 151 60 diuine.
1850 1522 69 60 ⁋
1864 1522 82 60 Item

1225 1569 153 49 secundo
1336 1569 111 49 sic.
1406 1569 97 49 sic
1462 1569 84 49 se
1504 1569 125 49 habet
1587 1569 111 49 esse
1657 1569 139 49 oditum
1754 1569 84 49 ad
1782 1569 167 49 detestatio

1222 1606 99 58 nem
1278 1606 155 58 diuinam
1391 1606 127 58 sicut
1476 1606 113 58 esse
1547 1606 127 58 carum
1631 1606 85 58 ad
1674 1606 254 58 acceptationem.
1871 1606 71 58 sed

1235 1662 114 49 actus
1311 1662 178 49 detestandi
1451 1662 140 49 diuinus
1553 1662 89 49 non
1603 1662 140 49 transit
1705 1662 102 49 nisi
1768 1662 114 49 super
1832 1662 114 49 aliquod

1234 1699 174 53 obiectum
1364 1699 232 53 detestabile.
1552 1699 116 53 puta
1625 1699 232 53 iniquitatem.
1813 1699 145 53 igitur
1900 1699 58 53 et

1234 1738 122 53 actus
1316 1738 190 53 acceptandi
1465 1738 135 53 diuine
1559 1738 217 53 complacentie
1735 1738 176 53 transibit
1857 1738 95 53 super

1231 1783 149 54 aliquid
1340 1783 108 54 tale
1408 1783 176 54 obiectum.
1543 1783 95 54 per
1597 1783 108 54 quod
1665 1783 108 54 tale
1733 1783 163 54 obiectum
1855 1783 95 54 sit
1895 1783 68 54 ca-

1224 1826 108 56 rum.
1291 1826 135 56 igitur
1385 1826 94 56 etc
1439 1826 67 56 ⁋
1466 1826 216 56 Confirmatur.
1641 1826 108 56 quia
1709 1826 121 56 cause
1790 1826 162 56 formales
1898 1826 67 56 op-

1231 1869 153 60 posite
1338 1869 138 60 habet
1430 1869 184 60 effectus
1568 1869 184 60 formales
1706 1869 215 60 oppositos.
1860 1869 107 60 Exem-

1231 1912 129 65 plum.
1317 1912 129 65 sicut
1403 1912 144 65 albedo
1504 1912 129 65 dicit
1590 1912 115 65 esse
1662 1912 129 65 album
1748 1912 86 65 et
1791 1912 158 65 nigredo
1892 1912 72 65 ni-

1231 1957 131 62 grum.
1318 1957 102 62 sed
1376 1957 189 62 iniquitas
1521 1957 87 62 et
1564 1957 116 62 alia
1637 1957 145 62 forma.
1738 1957 116 62 puta
1811 1957 160 62 caritas
1912 1957 58 62 ex

1229 2012 135 45 natura
1324 2012 95 45 rei
1378 2012 108 45 sunt
1446 2012 122 45 cause
1527 2012 189 45 formaliter
1676 2012 176 45 opposite.
1811 2012 108 45 ergo
1865 2012 108 45 habent

1229 2053 164 49 effectus
1352 2053 191 49 oppositos.
1503 2053 123 49 sicut
1585 2053 137 49 igitur
1680 2053 150 49 propter
1776 2053 191 49 iniquaitatem

1242 2094 118 51 anima
1320 2094 92 51 est
1373 2094 92 51 deo
1425 2094 157 51 odibilis
1543 2094 78 51 et
1582 2094 222 51 detestabilis.
1765 2094 92 51 ita
1817 2094 144 51 propter
1909 2094 52 51 ca

1239 2130 161 53 ritatem
1357 2130 117 53 erit
1430 2130 103 53 deo
1489 2130 117 53 cara
1562 2130 88 53 et
1606 2130 191 53 amabilis.
1753 2130 73 53 ⁋
1782 2130 117 53 Item
1856 2130 117 53 deus
1915 2130 73 53 est

1245 2174 188 56 rationabilior
1400 2174 133 56 dilector
1499 2174 77 56 qui
1544 2174 133 56 cogitari
1643 2174 122 56 potest.
1732 2174 66 56 et
1765 2174 77 56 per
1809 2174 155 56 consequens
1920 2174 44 56 di

1246 2218 128 60 ligentem
1342 2218 64 60 se
1374 2218 128 60 diligit.
1470 2218 170 60 consequentia
1608 2218 106 60 patet.
1682 2218 85 60 quia
1735 2218 64 60 si
1767 2218 138 60 virtuosus
1863 2218 106 60 virtuose

1243 2264 145 57 diligat
1349 2264 93 57 non
1401 2264 132 57 potest
1494 2264 172 57 virtuosum
1626 2264 93 57 non
1679 2264 159 57 diligere
1798 2264 119 57 licet
1864 2264 106 57 potest

1238 2308 90 54 non
1289 2308 153 54 diligere
1404 2308 166 54 viciosum.
1532 2308 102 54 ergo
1596 2308 77 54 si
1635 2308 141 54 aliquis
1737 2308 141 54 diligat
1839 2308 102 54 deum
1890 2308 77 54 cari

1245 2351 124 57 tatiue
1331 2351 161 57 diligitur
1455 2351 62 57 a
1480 2351 99 57 deo.
1542 2351 74 57 et
1579 2351 99 57 quae
1641 2351 87 57 non
1691 2351 136 57 diligit
1790 2351 99 57 deum
1852 2351 87 57 non
1889 2351 87 57 dili-

1238 2399 119 55 gitur
1317 2399 66 55 a
1343 2399 92 55 deo
1396 2399 66 55 ⁋
1422 2399 119 55 Istem
1501 2399 145 55 quarto.
1607 2399 119 55 omnis
1686 2399 158 55 diligens
1805 2399 158 55 virtutes
1910 2399 66 55 di-

1239 2440 108 53 ligit
1311 2440 180 53 neccessario
1455 2440 204 53 participantem
1624 2440 108 53 illas
1696 2440 156 53 virtutes.
1816 2440 84 53 sed
1864 2440 96 53 deus
1912 2440 60 53 di-

1253 2480 96 59 igit
1313 2480 181 59 caritatiue.
1458 2480 96 59 ergo
1518 2480 96 59 etc.
1578 2480 60 59 ⁋
1602 2480 96 59 Item
1663 2480 133 59 quanto.
1759 2480 145 59 quicquid
1868 2480 84 59 est
1904 2480 72 59 pul-

1242 2527 198 56 cherrimum
1394 2527 91 56 et
1440 2527 228 56 delectabile
1622 2527 107 56 est
1683 2527 183 56 obiectum
1820 2527 152 56 diuine
1912 2527 76 56 di-

1252 2568 187 69 lectionis.
1399 2568 94 69 sed
1452 2568 147 69 caritas
1560 2568 80 69 et
1600 2568 107 69 alie
1667 2568 161 69 virtutes
1787 2568 107 69 sunt
1841 2568 147 69 huiusmodi
