2257 3094
229 276 190 56 absolutis
376 276 147 56 quorum
478 276 117 56 vnus
552 276 176 56 peccauit
684 276 88 56 et
728 276 132 56 alius
815 276 117 56 non.
889 276 103 56 ad¬

236 327 97 54 huc
292 327 111 54 post
361 327 167 54 peccatum
486 327 111 54 sunt
555 327 153 54 equales
666 327 139 54 igitur
764 327 83 54 et
805 327 139 54 prius.
889 327 69 54 hoc

232 373 97 56 est
287 373 194 56 possibile:
440 373 124 56 tamen
523 373 111 56 deus
592 373 138 56 potest
688 373 111 56 vnum
758 373 180 56 acceptare
882 373 83 56 puta

232 419 112 46 illum
306 419 100 46 quae
368 419 87 46 non
418 419 149 46 peccauit
530 419 75 46 et
567 419 112 46 alium
642 419 100 46 non.
704 419 187 46 Confirmatur
853 419 87 46 per
891 419 62 46 il-

237 462 119 44 lud.
311 462 134 44 Iacob
401 462 149 44 dilexi
505 462 119 44 esau
579 462 119 44 odio
653 462 149 44 habui.
757 462 119 44 Item
816 462 149 44 possibi-

233 504 80 57 le
273 504 93 57 est
326 504 107 57 quod
392 504 107 57 deus
459 504 120 57 prius
539 504 160 57 acceptet
659 504 146 57 aliquem
765 504 146 57 tanquam
858 504 107 57 dignum

242 550 116 48 vita
314 550 144 48 eterna
415 550 87 48 et
458 550 116 48 post
531 550 87 48 in
574 550 188 48 duratione
718 550 116 48 alia
791 550 173 48 impendat
906 550 58 48 si

227 592 77 50 bi
266 592 154 50 gratiam.
381 592 103 50 ergo
445 592 141 50 infusio
548 592 128 50 gratie
638 592 90 50 non
689 592 180 50 necessario
818 592 141 50 praecedit

233 638 242 41 acceptationem.
434 638 94 41 Ite
488 638 134 41 contra
582 638 94 41 hoc
636 638 107 41 quod
703 638 121 41 ponit
783 638 107 41 quod
851 638 107 41 ille
904 638 54 41 a-

233 683 94 49 mor
286 683 94 49 est
340 683 187 49 habitualis
487 683 94 49 non
540 683 174 49 actualis:
674 683 107 49 quia
741 683 120 49 illud
821 683 94 49 est
861 683 94 49 vlti-

234 723 106 52 mum
295 723 243 52 complementum
492 723 182 52 amicitie
628 723 106 52 quo
689 723 212 52 perficitur
841 723 121 52 amici-

232 767 100 51 tia
289 767 186 51 alterius.
432 767 100 51 sed
490 767 115 51 amor
561 767 172 51 actualis
691 767 100 51 non
748 767 201 51 habitualis
891 767 72 51 est

242 813 158 47 huiusmodi.
366 813 102 47 patet
434 813 68 47 in
468 813 113 47 nobis.
547 813 113 47 igitur
626 813 90 47 etc.
682 813 90 47 Item
739 813 68 47 si
773 813 90 47 sint
829 813 90 47 haoc
886 813 79 47 duo
920 813 45 47 a-

241 855 113 49 mici
312 855 99 49 qui
368 855 85 49 se
411 855 127 49 amant
495 855 127 49 amore
580 855 156 49 actuali
693 855 85 49 et
736 855 184 49 habituali
863 855 99 49 infir

238 904 131 48 metur
326 904 117 48 vnus
399 904 88 48 et
443 904 161 48 perdant
559 904 102 48 per
618 904 233 48 infirmitatem
807 904 131 48 omnem
880 904 88 48 ami-

233 942 138 60 citiam
330 942 180 60 habituale
468 942 83 60 et
509 942 180 60 actualem:
647 942 110 60 iste
716 942 124 60 sanus
799 942 152 60 diligit
896 942 69 60 in-

232 985 138 56 firmum
329 985 83 56 in
370 985 207 56 infirmitate
536 985 83 56 et
578 985 111 56 post
647 985 124 56 sicut
730 985 138 56 prius.
827 985 111 56 quia
882 985 83 56 pla-

234 1028 86 49 cet
283 1028 98 49 sibi
344 1028 74 49 in
381 1028 74 49 ea
418 1028 74 49 et
455 1028 147 49 procurat
565 1028 98 49 sibi
627 1028 98 49 bona
688 1028 86 49 pro
737 1028 123 49 posse.
823 1028 98 49 ergo
872 1028 86 49 alius

243 1075 120 49 post
318 1075 240 49 infirmitatem
513 1075 135 49 habet
603 1075 165 49 aliquem
722 1075 135 49 actum
812 1075 150 49 amoris
902 1075 60 49 a-

232 1121 171 49 micitie:
360 1121 114 49 quia
431 1121 142 49 aliter
531 1121 128 49 alius
616 1121 100 49 non
673 1121 185 49 diligeret
816 1121 100 49 eum
858 1121 100 49 amore

232 1161 185 44 amicitie:
374 1161 86 44 et
417 1161 128 44 tamen
503 1161 128 44 omnis
588 1161 114 44 amor
660 1161 200 44 habitualis
816 1161 86 44 in
859 1161 86 44 eo
888 1161 71 44 ces

238 1205 141 46 sauit.
337 1205 113 46 ergo
407 1205 141 46 potest
506 1205 113 46 esse
576 1205 113 46 amor
647 1205 169 46 amicitie
774 1205 169 46 actualis
886 1205 85 46 sine

234 1248 118 49 amore
313 1248 184 49 habituali.
457 1248 105 49 Item
522 1248 131 49 contra
614 1248 92 49 hoc
666 1248 105 49 quod
732 1248 144 49 dicitur
837 1248 105 49 quod
889 1248 79 49 ille

240 1295 188 43 infunditur
387 1295 121 43 anime
468 1295 67 43 a
494 1295 107 43 solo
562 1295 107 43 deo:
629 1295 107 43 quia
696 1295 94 43 non
749 1295 121 43 maior
816 1295 148 43 supernatu

227 1337 139 47 ralitas
328 1337 176 47 requiritur
467 1337 76 47 in
505 1337 101 47 actu
568 1337 101 47 quam
630 1337 76 47 in
668 1337 139 47 habitu.
769 1337 101 47 quia
819 1337 139 47 quaelibet

248 1382 112 43 plus
318 1382 154 43 diligit
430 1382 112 43 actu
500 1382 112 43 quam
570 1382 154 43 habitu.
681 1382 98 43 Sed
737 1382 126 43 omnes
821 1382 126 43 actus
891 1382 70 43 di-

230 1421 193 49 lectionis
379 1421 179 49 respectu
513 1421 104 49 dei
572 1421 164 49 possunt
691 1421 119 49 esse
766 1421 193 49 naturales
900 1421 74 49 igi

244 1469 102 53 tur
303 1469 174 53 habitus:
433 1469 116 53 quia
506 1469 116 53 deus
579 1469 145 53 potest
680 1469 102 53 ita
739 1469 189 53 acceptare
869 1469 102 53 actum

236 1511 188 58 naturalis
380 1511 217 58 dilectionis
553 1511 130 58 sicut
640 1511 202 58 quemcunque
799 1511 130 58 alium
871 1511 101 58 actum

242 1555 169 51 elicitum
369 1555 169 51 mediante
496 1555 184 51 caritate.
637 1555 85 51 Si
680 1555 127 51 dicas
764 1555 113 51 quod
821 1555 141 51 requitur

245 1600 157 44 habitus
359 1600 257 44 supernaturalis
574 1600 157 44 propter
688 1600 257 44 circumstantias
888 1600 86 44 igno

239 1641 113 48 tas.
310 1641 156 48 Contra.
423 1641 99 48 non
480 1641 156 48 videtur
593 1641 127 48 ratio
678 1641 127 48 quare
763 1641 113 48 deus
834 1641 99 48 non
876 1641 85 48 pos-

237 1685 103 48 sit
296 1685 192 48 acceptare
444 1685 133 48 actum
533 1685 103 48 cum
592 1685 207 48 ignorantia
740 1685 236 48 circumstantia-

240 1727 83 49 rum
288 1727 107 49 sicut
359 1727 83 49 cum
406 1727 142 49 scientia
513 1727 249 49 circumstantiarum.
727 1727 95 49 Item
786 1727 107 49 licet
857 1727 95 49 ille
905 1727 59 49 cir

242 1774 194 48 cumstantie
394 1774 111 48 sint
464 1774 138 48 ignote
561 1774 221 48 naturaliter:
741 1774 125 48 tamen
810 1774 152 48 possibile

244 1818 96 48 est
299 1818 110 48 quod
368 1818 110 48 deus
437 1818 124 48 creet
520 1818 165 48 notitiam
644 1818 193 48 obiectiuam
795 1818 151 48 illarum
891 1818 83 48 cir-

245 1860 229 48 cumstantiarum
433 1860 135 48 absque
527 1860 94 48 hoc
581 1860 108 48 quod
648 1860 135 48 causet
742 1860 175 48 caritatem
877 1860 81 48 in
904 1860 67 48 vo-

241 1904 167 50 luntate:
366 1904 84 50 et
408 1904 111 50 tunc
478 1904 139 50 posset
575 1904 125 50 actum
659 1904 181 50 naturalis
784 1904 181 50 dilectionis

245 1949 176 47 acceptare.
384 1949 75 47 et
421 1949 88 47 per
472 1949 176 47 consequens
610 1949 113 47 talis
685 1949 113 47 esset
761 1949 113 47 carus
836 1949 101 47 deo.
887 1949 75 47 Item

256 1991 123 55 contra
342 1991 86 55 hoc
391 1991 98 55 quod
452 1991 110 55 dicit
526 1991 98 55 quod
587 1991 74 55 in
624 1991 98 55 omni
685 1991 184 55 dilectionem
820 1991 147 55 consistitu

256 2040 215 58 velectatio:
428 2040 115 58 quia
500 2040 172 58 damnatus
629 2040 129 58 habet
715 2040 201 58 intensiuum
858 2040 115 58 amorem

250 2080 204 47 suiipsius:
411 2080 88 47 et
455 2080 131 47 tamen
542 2080 102 47 non
600 2080 204 47 delectatur
761 2080 88 47 in
805 2080 131 47 amore
878 2080 88 47 suo-

271 2120 74 49 Ad
308 2120 186 49 quaestionem
457 2120 124 49 igitur
543 2120 99 49 tria
605 2120 149 49 declaro.
717 2120 112 49 primo
791 2120 99 49 quod
841 2120 124 49 spiritus

256 2161 144 56 anctus
356 2161 86 56 et
400 2161 158 56 caritas
515 2161 115 56 siue
587 2161 130 56 aliud
673 2161 130 56 donum
759 2161 202 56 distinctum
903 2161 58 56 do

249 2211 188 55 nationibus
396 2211 161 55 donantur
517 2211 175 55 rationali
652 2211 175 55 creature.
786 2211 148 55 Secundo
880 2211 81 55 quod

258 2255 81 49 de
298 2255 161 49 potentia
419 2255 94 49 dei
473 2255 161 49 absoluta
594 2255 134 49 potest
688 2255 161 49 spiritus
809 2255 148 49 sanctus
903 2255 67 49 da-

247 2299 84 48 ri
289 2299 113 48 sine
360 2299 169 48 missione
486 2299 169 48 alicuius
613 2299 169 48 alterius
740 2299 113 48 doni
810 2299 155 48 creati.
909 2299 56 48 et

247 2343 99 48 hoc
303 2343 170 48 creature
431 2343 170 48 ratioali
558 2343 99 48 ita
615 2343 113 48 quod
685 2343 127 48 talis
770 2343 141 48 natura
869 2343 99 48 cui
911 2343 57 48 do

245 2385 120 47 natur
325 2385 187 47 acceptatur
472 2385 80 47 et
512 2385 174 47 efficitur
646 2385 120 47 digna
726 2385 107 47 vita
793 2385 147 47 eterna.
887 2385 80 47 Ter-

259 2430 86 63 tio
308 2430 74 63 de
345 2430 148 63 potentia
456 2430 86 63 dei
505 2430 148 63 ordinata
616 2430 86 63 non
665 2430 123 63 potest
752 2430 148 63 spiritus
850 2430 111 63 sanctus

241 2474 111 46 dari
310 2474 111 46 sine
380 2474 166 46 caritate
505 2474 83 46 et
546 2474 125 46 aliis
629 2474 139 46 donis.
726 2474 69 46 ⁋
754 2474 139 46 Primum
837 2474 139 46 probatur

260 2518 107 50 sic.
327 2518 188 50 quaecunque
474 2518 188 50 distinctis
622 2518 215 50 habitionibus
797 2518 161 50 habentur
904 2518 67 50 di-

264 2564 145 53 tinctis
370 2564 212 53 donationibus
542 2564 159 53 donantur
661 2564 159 53 creature
780 2564 185 53 rationali:
912 2564 66 53 sed

259 2605 164 53 spiritus
382 2605 151 53 sanctus
492 2605 82 53 et
533 2605 151 53 caritas
643 2605 192 53 distinctis
779 2605 192 53 habitionibus

242 2648 158 69 habentur
360 2648 66 69 a
387 2648 158 69 ereatura
505 2648 185 69 rationali.
650 2648 132 69 igitur
743 2648 105 69 etc.
809 2648 119 69 Maior
875 2648 105 69 patet.

1049 263 117 82 minor
1127 263 170 82 probatur:
1258 263 104 82 quia
1323 263 144 82 caritas
1428 263 144 82 habetur
1532 263 65 82 a
1558 263 157 82 creatura
1663 263 117 82 rationa

1053 337 73 42 li
1089 337 73 42 vt
1126 337 110 42 forma
1199 337 147 42 existens
1309 337 171 42 subiectiue
1444 337 73 42 in
1481 337 122 42 anima.
1566 337 147 42 spiritus
1664 337 110 42 sanctus

1051 380 117 44 habetur
1136 380 53 44 a
1158 380 117 44 creatur
1243 380 53 44 a
1264 380 138 44 rationali
1370 380 64 44 vt
1402 380 96 44 causa
1466 380 138 44 partialis
1572 380 128 44 secundum
1668 380 96 44 illum
1721 380 53 44 mo-

1043 420 94 52 dum
1096 420 161 52 loquendi
1217 420 188 52 concurrens
1365 420 81 52 ad
1406 420 175 52 causandum
1540 420 121 52 actum
1608 420 161 52 distinctum

1046 464 112 47 iste
1116 464 98 47 aut
1172 464 112 47 sunt
1242 464 168 47 disticte
1368 464 210 47 habitiones.
1537 464 140 47 igitur
1635 464 98 47 etc
1691 464 70 47 ⁋
1705 464 70 47 Cir

1057 508 74 54 ca
1094 508 147 54 secundum
1204 508 159 54 articulum
1326 508 135 54 ostendo
1425 508 147 54 quattuor
1535 508 208 54 conclusiones.
1706 508 61 54 ⁋
1719 508 61 54 Pri

1043 552 78 60 ma
1082 552 91 60 est
1134 552 104 60 quod
1199 552 117 60 nulla
1277 552 91 60 est
1329 552 117 60 forma
1407 552 78 60 ex
1447 552 130 60 natura
1538 552 91 60 rei
1590 552 91 60 qua
1629 552 156 60 informante

1044 597 186 56 necessario
1190 597 93 56 sit
1243 597 186 56 informatum
1389 597 186 56 acceptari.
1536 597 106 56 quae
1602 597 160 56 probatur
1709 597 66 56 sic

1056 639 166 55 quaecumque
1187 639 107 55 forma
1258 639 142 55 absoluta
1365 639 119 55 potest
1448 639 107 55 stare
1519 639 119 55 aliquo
1602 639 131 55 tempore
1685 639 83 55 deter

1052 685 136 47 minato
1147 685 95 47 cum
1202 685 163 47 carentia
1324 685 163 47 alterius
1446 685 122 47 forme
1528 685 163 47 absolute
1650 685 81 47 in
1677 685 95 47 eodem

1042 725 156 51 subiecto
1159 725 130 51 potest
1251 725 117 51 stare
1329 725 78 51 in
1368 725 169 51 perpetuum
1498 725 91 51 cum
1550 725 104 51 illo
1616 725 156 51 subiecto
1720 725 65 51 cum

1054 772 147 45 carentia
1164 772 123 45 illius
1250 772 123 45 forme.
1336 772 159 45 Exemplum.
1458 772 74 45 si
1495 772 123 45 albedo
1581 772 123 45 potest
1667 772 110 45 stare
1728 772 49 45 in

1043 821 113 47 lacte
1119 821 88 47 cum
1169 821 151 47 carentia
1282 821 176 47 dulcedinis
1420 821 88 47 per
1471 821 100 47 vnum
1533 821 100 47 diem
1596 821 113 47 eadem
1659 821 113 47 ratione

1062 857 157 55 ipepetuum
1183 857 84 55 per
1231 857 217 55 conseruationem
1412 857 145 55 diuinam:
1521 857 97 55 quia
1581 857 109 55 eadem
1653 857 84 55 est
1690 857 84 55 ratio

1064 904 159 56 vtrobique:
1189 904 80 56 sed
1234 904 125 56 caritas
1326 904 91 56 quam
1382 904 91 56 ipse
1439 904 102 56 ponit
1508 904 114 56 potest
1587 904 102 56 stare
1656 904 68 56 in
1679 904 102 56 tempore

1062 946 175 46 deterinato
1199 946 88 46 cum
1249 946 150 46 carentia
1362 946 163 46 giaualie.
1487 946 113 46 patet
1562 946 75 46 de
1599 946 125 46 multis
1674 946 100 46 viato-

1064 990 107 61 ribus.
1139 990 107 61 igitur
1214 990 86 61 etc.
1268 990 64 61 Ex
1300 990 75 61 quo
1343 990 129 61 sequitur
1439 990 86 61 quod
1493 990 118 61 aliquis
1578 990 107 61 potest
1653 990 86 61 esse
1707 990 64 61 in
1728 990 54 61 ca-

1053 1030 124 63 ritate
1140 1030 87 63 cui
1189 1030 100 63 deus
1252 1030 137 63 nunquam
1351 1030 149 63 disponit
1463 1030 100 63 dare
1526 1030 149 63 gloriam:
1638 1030 100 63 quia
1687 1030 100 63 potest

1053 1078 171 58 imppetuum
1184 1078 92 58 eum
1237 1078 184 58 conseruare
1382 1078 79 58 in
1421 1078 158 58 caritate
1539 1078 105 58 sine
1605 1078 145 58 gulria.
1697 1078 79 58 Tunc

1062 1122 103 58 lic.
1126 1122 103 58 ille
1191 1122 90 58 cui
1242 1122 103 58 deus
1306 1122 90 58 non
1358 1122 154 58 disponit
1473 1122 90 58 pro
1525 1122 129 58 aliquo
1615 1122 141 58 tempore
1705 1122 77 58 dare

1051 1165 154 50 gloriam
1163 1165 98 50 non
1219 1165 98 50 est
1275 1165 168 50 acceptus
1401 1165 98 50 nec
1457 1165 126 50 carus
1541 1165 112 50 deo:
1611 1165 112 50 quia
1681 1165 98 50 hoc
1723 1165 70 50 est

1056 1216 191 39 acceptari
1203 1216 73 39 a
1232 1216 117 39 deo:
1306 1216 117 39 quia
1379 1216 117 39 deus
1453 1216 117 39 sibi
1526 1216 176 39 disponit
1658 1216 117 39 dare
1717 1216 73 39 glo

1055 1251 119 60 riam.
1134 1251 105 60 ergo
1200 1251 79 60 et
1239 1251 92 60 cui
1292 1251 158 60 disponit
1411 1251 198 60 imperpetuum
1569 1251 92 60 non
1622 1251 105 60 dare
1674 1251 119 60 gloriam

1063 1295 137 52 nunquam
1162 1295 99 52 ille
1224 1295 99 52 erit
1286 1295 149 52 acceptus
1398 1295 62 52 a
1423 1295 99 52 deo.
1485 1295 74 52 et
1522 1295 112 52 tamen
1596 1295 99 52 ille
1658 1295 124 52 potest
1733 1295 62 52 ha-

1065 1334 104 67 bere
1130 1334 169 67 caritatem
1260 1334 195 67 imperpetuum
1416 1334 78 67 vt
1455 1334 156 67 probatum
1572 1334 104 67 est.
1637 1334 130 67 igitur
1715 1334 78 67 etc.

1054 1383 114 54 Item
1125 1383 100 54 non
1182 1383 128 54 minus
1267 1383 100 54 est
1324 1383 199 54 acceptatum
1480 1383 100 54 deo
1537 1383 128 54 illud
1622 1383 114 54 quod
1693 1383 100 54 est
1736 1383 57 54 in

1044 1432 117 43 actu
1117 1432 190 43 meritorio
1263 1432 117 43 quam
1336 1432 204 43 quodcunque
1497 1432 204 43 acceptatum
1658 1432 88 43 in
1687 1432 102 43 habi-

1054 1468 97 54 tum
1110 1468 194 54 caritatis.
1262 1468 97 54 sed
1318 1468 83 54 in
1360 1468 111 54 actu
1429 1468 181 54 meritorio
1568 1468 125 54 nihil
1651 1468 97 54 est
1693 1468 97 54 acce-

1068 1512 120 59 ptatum
1152 1512 96 59 quin
1212 1512 120 59 possit
1297 1512 108 59 esse:
1369 1512 72 59 et
1405 1512 108 59 tamen
1477 1512 84 59 non
1525 1512 156 59 acceptari
1646 1512 60 59 a
1670 1512 96 59 deo.
1718 1512 72 59 ergo

1054 1557 101 65 nec
1111 1557 87 65 in
1155 1557 159 65 habitum
1270 1557 202 65 caritatis.
1429 1557 188 65 assumptum
1573 1557 188 65 probatur:
1703 1557 87 65 quia

1055 1601 124 47 nihil
1138 1601 96 47 est
1193 1601 179 47 absolutum
1330 1601 83 47 in
1372 1601 110 47 actu
1440 1601 179 47 meritorio
1578 1601 110 47 quin
1647 1601 138 47 possit
1729 1601 55 47 in

1057 1647 168 44 mediate
1179 1647 137 44 fieri
1271 1647 76 44 a
1301 1647 107 44 deo
1362 1647 137 44 nulla
1454 1647 183 44 creatura
1591 1647 199 44 coagente.
1729 1647 61 44 et

1056 1691 85 51 per
1105 1691 171 51 consequens
1239 1691 110 51 etiam
1312 1691 85 51 non
1361 1691 159 51 voluntate
1483 1691 159 51 coagente.
1605 1691 73 51 et
1642 1691 85 51 sic
1690 1691 98 51 ille
1739 1691 49 51 a-

1061 1732 111 50 ctus
1130 1732 97 50 non
1186 1732 125 50 esset
1269 1732 208 50 meritorius:
1436 1732 111 50 quia
1505 1732 125 50 nihil
1588 1732 97 50 est
1630 1732 166 50 meritorium

1062 1777 93 62 quod
1121 1777 81 62 non
1167 1777 81 62 est
1214 1777 70 62 in
1249 1777 116 62 ptante
1330 1777 175 62 voluntatis.
1470 1777 70 62 et
1505 1777 81 62 per
1551 1777 163 62 consequens
1679 1777 105 62 talis
1737 1777 47 62 a-

1061 1822 105 51 ctus
1126 1822 92 51 non
1179 1822 118 51 esset
1258 1822 118 51 actus
1336 1822 66 51 a
1362 1822 92 51 deo
1415 1822 131 51 igitur
1507 1822 118 51 eodem
1585 1822 105 51 modo
1651 1822 79 51 de
1677 1822 118 51 habitum

1061 1862 104 59 Item
1126 1862 156 59 dilectio
1243 1862 91 59 dei
1295 1862 78 59 et
1334 1862 117 59 odium
1412 1862 104 59 sunt
1478 1862 156 59 opposita
1595 1862 91 59 per
1647 1862 104 59 eum:
1712 1862 91 59 sed

1059 1916 132 55 odium
1147 1916 103 55 dei
1206 1916 103 55 non
1265 1916 103 55 est
1323 1916 88 55 ex
1367 1916 147 55 natura
1470 1916 103 55 rei
1529 1916 147 55 dignum
1632 1916 117 55 pena
1690 1916 103 55 etrna

1066 1950 112 58 ergo
1136 1950 98 58 nec
1192 1950 168 58 dilectio
1318 1950 98 58 dei
1374 1950 84 58 ex
1416 1950 140 58 natura
1514 1950 98 58 rei
1570 1950 98 58 est
1626 1950 126 58 digna
1696 1950 84 58 vita

1060 1997 134 52 eterna.
1157 1997 158 52 assumptum
1279 1997 158 52 probatur:
1401 1997 97 52 quia
1461 1997 97 52 deus
1522 1997 122 52 potest
1607 1997 158 52 remittere
1717 1997 73 52 omne

1065 2038 146 53 pectatum
1174 2038 85 53 quo
1223 2038 73 53 ad
1259 2038 121 53 culpam
1344 2038 97 53 sine
1405 2038 97 53 omni
1465 2038 121 53 gratia
1550 2038 73 53 et
1587 2038 146 53 caritate
1684 2038 97 53 infusa

1055 2085 76 50 et
1093 2085 89 50 per
1144 2085 178 50 consequens
1284 2085 102 50 tale
1348 2085 114 50 odium
1424 2085 89 50 non
1475 2085 89 50 est
1526 2085 127 50 dignum
1615 2085 102 50 pena
1679 2085 114 50 etna.
1742 2085 51 50 Si

1054 2122 123 65 dicas
1136 2122 109 65 quod
1204 2122 109 65 sine
1272 2122 163 65 caritate
1395 2122 95 65 est
1449 2122 136 65 dignum
1545 2122 109 65 pena
1613 2122 150 65 eterna.
1708 2122 82 65 Con-

1062 2170 100 45 tra.
1124 2170 125 45 statim
1211 2170 100 45 post
1273 2170 187 45 remissionem
1423 2170 137 45 peccati
1522 2170 75 45 et
1560 2170 125 45 statim
1647 2170 112 45 etiam
1709 2170 75 45 post

1067 2218 137 54 peccatum
1169 2218 91 54 sine
1226 2218 160 54 remissione
1352 2218 80 54 eum
1397 2218 160 54 annihilare
1522 2218 125 54 potest.
1614 2218 91 54 ergo
1671 2218 80 54 non
1716 2218 80 54 est
1750 2218 46 54 ne

1061 2255 115 63 cesse
1138 2255 102 63 quod
1201 2255 140 63 propter
1303 2255 115 63 odium
1380 2255 115 63 illud
1456 2255 102 63 sibi
1520 2255 178 63 conferatur
1660 2255 127 63 eterna
1736 2255 51 63 pe

1056 2302 92 56 na:
1108 2302 92 56 nec
1161 2302 145 56 propter
1266 2302 145 56 gratiam
1372 2302 145 56 gloria.
1477 2302 211 56 Confirmatur.
1648 2302 105 56 quia
1701 2302 92 56 eodem

1065 2346 98 54 modo
1126 2346 123 54 quando
1212 2346 197 54 infundebatur
1372 2346 123 54 gratia
1458 2346 111 54 anime
1532 2346 111 54 beati
1606 2346 111 54 Iohis
1667 2346 123 54 baptiste

1064 2391 136 51 potuit
1159 2391 95 51 eum
1214 2391 217 51 annihilasse:
1390 2391 81 51 et
1431 2391 109 51 tunc
1499 2391 177 51 habuisset
1621 2391 163 51 caritatem.

1058 2426 78 67 et
1097 2426 117 67 tamen
1175 2426 91 67 non
1228 2426 144 67 fuisset
1332 2426 157 67 acceptus
1450 2426 78 67 ad
1489 2426 117 67 vitam
1567 2426 157 67 eternam.
1685 2426 104 67 Item
1737 2426 65 67 si-

1073 2488 96 49 cut
1128 2488 82 49 se
1169 2488 123 49 habet
1251 2488 109 49 pena
1319 2488 82 49 ad
1360 2488 178 49 peccatum:
1497 2488 96 49 ita
1552 2488 164 49 secundum
1675 2488 96 49 eum
1716 2488 68 49 gra

1065 2528 103 48 tia
1124 2528 89 48 ad
1169 2528 177 48 gloriam:
1302 2528 103 48 sed
1361 2528 118 48 deus
1435 2528 148 48 potest
1538 2528 148 48 punire
1627 2528 162 48 eternali-

1062 2567 107 52 ter
1123 2567 123 52 sine
1200 2567 153 52 aliquo
1307 2567 169 52 peccato
1430 2567 169 52 actuali
1553 2567 215 52 precedente
1706 2567 77 52 vel

1064 2610 274 47 concomitante.
1290 2610 145 47 patet
1387 2610 97 47 de
1435 2610 161 47 pueris
1548 2610 113 47 non
1596 2610 194 47 baptisatis

1070 2660 162 50 damnatis
1192 2660 108 50 quae
1260 2660 176 50 puniuntur
1395 2660 108 50 pena
1463 2660 135 50 damni.
1557 2660 135 50 Igitur
1652 2660 122 50 eodem
1720 2660 81 50 modo
