2626 3091
901 187 117 72 plus
974 187 175 72 competit
1106 187 175 72 partibus
1237 187 131 72 illis
1325 187 146 72 facere
1427 187 117 72 vnum
1500 187 117 72 sine
1558 187 73 72 ex-

902 246 158 56 tensione
1020 246 105 56 quam
1086 246 92 56 cum
1139 246 197 56 extensione.
1296 246 79 56 Et
1336 246 105 56 ideo
1402 246 158 56 predicta
1507 246 105 56 opinio

894 284 128 68 tantum
984 284 166 68 discordat
1112 284 77 68 ab
1150 284 153 68 opinione
1265 284 102 68 quam
1329 284 115 68 teneo
1405 284 153 68 scilicet
1508 284 102 68 opinio

895 330 85 55 Ioh.
949 330 107 55 tantum
1023 330 64 55 in
1055 330 85 55 voce
1108 330 64 55 et
1140 330 160 55 contradicit
1268 330 139 55 sibiipsi:
1375 330 85 55 quia
1428 330 107 55 quando
1503 330 96 55 dicit
1556 330 64 55 quod

897 382 94 43 non
950 382 94 43 est
1004 382 148 43 integra
1112 382 162 43 realitas
1233 382 94 43 aut
1287 382 188 43 intelligit
1435 382 108 43 quod
1502 382 94 43 non
1543 382 67 43 est

895 424 110 56 vnum
964 424 193 56 indiuiduum
1116 424 152 56 aliquod
1226 424 110 56 siue
1295 424 124 56 totum
1378 424 96 56 non
1433 424 152 56 faciens
1529 424 83 56 vnum

895 465 83 47 cum
943 465 107 47 forma
1014 465 131 47 priori:
1109 465 83 47 sed
1156 465 83 47 est
1204 465 83 47 per
1251 465 71 47 se
1287 465 178 47 distinctum.
1429 465 71 47 et
1465 465 83 47 sic
1512 465 83 47 non
1548 465 59 47 di-

878 509 144 46 cordat
979 509 87 46 ab
1022 509 115 46 alia
1094 509 173 46 opinone:
1224 509 115 46 quia
1296 509 115 46 alia
1368 509 144 46 opinio
1469 509 101 46 non
1512 509 101 46 ponit

880 547 98 54 hoc:
941 547 86 54 aut
990 547 172 54 intelligit
1125 547 98 54 quod
1186 547 86 54 non
1235 547 86 54 est
1284 547 135 54 eiusdem
1382 547 147 54 rationis
1492 547 86 54 cum
1529 547 86 54 forma

886 596 114 47 priori
966 596 126 47 faciens
1057 596 91 47 vnum
1114 596 80 47 cum
1160 596 80 47 ea:
1206 596 69 47 et
1240 596 91 47 tunc
1297 596 172 47 contradicit
1434 596 149 47 sibiipsi.
1537 596 69 47 pro-

880 642 122 50 batur:
965 642 98 50 quia
1027 642 98 50 omne
1088 642 171 50 compositum
1222 642 73 50 ex
1259 642 147 50 partibus
1369 642 147 50 realiter
1467 642 147 50 distinctis

876 685 100 59 siue
939 685 150 59 realibus
1052 685 175 59 distinctis
1189 685 88 59 aut
1239 685 175 59 componitur
1377 685 75 59 ex
1414 685 150 59 partibus
1514 685 88 59 eius-

876 728 89 44 dem
927 728 152 44 rationis
1041 728 89 44 aut
1092 728 165 44 alterius:
1219 728 89 44 sed
1270 728 114 44 illud
1346 728 89 44 est
1396 728 101 44 vnum
1460 728 101 44 tale
1511 728 101 44 compo-

873 770 121 49 situm
953 770 108 49 post
1021 770 256 49 augmentationem.
1237 770 135 49 igitur
1331 770 108 49 etc.
1399 770 81 49 si
1439 770 108 49 ille
1493 770 108 49 partes

866 817 108 51 sint
933 817 162 51 alterius
1054 817 175 51 rationis:
1189 817 108 51 tunc
1256 817 94 51 vna
1310 817 108 51 erit
1377 817 162 51 potentia
1498 817 81 51 et
1525 817 81 51 alia

872 869 115 43 erit
944 869 144 43 actus:
1045 869 87 43 et
1088 869 115 43 erit
1160 869 101 43 vna
1218 869 202 43 compositio
1376 869 130 43 sicut
1463 869 87 43 in
1492 869 115 43 genere

871 904 182 57 substantie.
1016 904 97 57 quod
1077 904 97 57 ipse
1137 904 121 57 negat.
1222 904 73 57 si
1258 904 133 57 eiusdem
1355 904 145 57 rationis
1464 904 121 57 igitur
1536 904 61 57 non

870 948 169 54 discordat
1000 948 65 54 a
1026 948 130 54 priori
1118 948 169 54 opinione:
1248 948 104 54 quia
1313 948 130 54 quando
1404 948 143 54 aliquid
1496 948 104 54 compo-

880 993 112 57 nitur
954 993 75 57 ex
991 993 149 57 partibus
1103 993 137 57 eiusdem
1203 993 149 57 rationis
1314 993 161 57 quaelibet
1439 993 99 57 pars
1488 993 112 57 recipit

872 1033 202 53 praedicationem
1040 1033 112 53 illius
1118 1033 123 53 speciei
1208 1033 101 53 sicut
1275 1033 112 53 totum:
1354 1033 101 53 sicut
1421 1033 146 53 quaelibet
1522 1033 67 53 pars

870 1084 113 55 aquae
946 1084 88 55 est
996 1084 101 55 aqua
1059 1084 76 55 et
1097 1084 164 55 quaelibet
1223 1084 101 55 pars
1286 1084 101 55 aqua
1349 1084 88 55 est
1399 1084 101 55 vnum
1450 1084 151 55 indiuiduum

871 1121 133 60 existens
970 1121 77 60 per
1015 1121 66 60 se
1048 1121 66 60 in
1081 1121 111 60 genere
1159 1121 100 60 sicut
1225 1121 100 60 tota.
1291 1121 66 60 et
1324 1121 77 60 ita
1369 1121 77 60 est
1413 1121 77 60 per
1457 1121 66 60 se
1490 1121 66 60 in
1513 1121 88 60 genere

874 1169 107 59 quando
949 1169 75 59 est
992 1169 86 59 pars
1046 1169 96 59 sicut
1110 1169 107 59 quando
1185 1169 75 59 est
1227 1169 75 59 per
1270 1169 75 59 se.
1313 1169 86 59 vnde
1367 1169 107 59 dicere
1441 1169 86 59 quod
1495 1169 75 59 est
1538 1169 64 59 in
1559 1169 43 59 ge

869 1214 83 58 nere
920 1214 72 58 per
962 1214 62 58 se
993 1214 103 58 quando
1065 1214 72 58 est
1106 1214 72 58 per
1148 1214 62 58 se
1179 1214 62 58 et
1210 1214 72 58 per
1251 1214 155 58 reductionem
1375 1214 103 58 quondo
1447 1214 72 58 est
1488 1214 83 58 pars
1530 1214 72 58 nihil

877 1252 123 58 valet:
963 1252 98 58 quia
1024 1252 98 58 idem
1085 1252 123 58 manens
1171 1252 98 58 idem
1233 1252 74 58 si
1270 1252 110 58 semel
1343 1252 86 58 sit
1392 1252 74 58 in
1429 1252 123 58 genere
1515 1252 86 58 per
1552 1252 49 58 se

863 1298 125 63 semper
951 1298 88 63 dum
1001 1298 113 63 manet
1076 1298 88 63 est
1126 1298 88 63 per
1176 1298 75 63 se
1214 1298 75 63 in
1251 1298 125 63 genere
1339 1298 100 63 siue
1401 1298 88 63 sit
1451 1298 113 63 totum
1514 1298 75 63 siue

861 1342 83 63 sit
909 1342 107 63 pars:
980 1342 95 63 quia
1039 1342 95 63 esse
1099 1342 83 63 per
1146 1342 71 63 se
1182 1342 71 63 in
1218 1342 119 63 genere
1301 1342 83 63 non
1348 1342 83 63 est
1396 1342 119 63 partem
1467 1342 119 63 existere

857 1390 92 60 nec
909 1390 105 60 esse
975 1390 92 60 per
1027 1390 79 60 se
1067 1390 118 60 totum
1145 1390 157 60 quoddam:
1263 1390 92 60 sed
1316 1390 92 60 est
1368 1390 105 60 esse
1434 1390 118 60 illud
1512 1390 66 60 a
1525 1390 66 60 quo

857 1435 168 57 conceptus
986 1435 142 57 generis
1089 1435 129 57 potest
1180 1435 168 57 abstrahi:
1309 1435 77 57 et
1348 1435 77 57 de
1386 1435 90 57 quo
1438 1435 129 57 potest
1516 1435 77 57 pre-

856 1470 117 67 dicari
938 1470 70 67 et
973 1470 82 67 hoc
1020 1470 105 67 ptest
1090 1470 129 67 saluari
1184 1470 94 67 siue
1243 1470 82 67 sit
1289 1470 105 67 totum
1360 1470 94 67 siue
1418 1470 105 67 pars:
1488 1470 70 67 et
1512 1470 70 67 eode

856 1518 121 51 modo
932 1518 91 51 de
977 1518 197 51 albedine.
1129 1518 91 51 Si
1174 1518 136 51 dicas
1265 1518 121 51 quod
1341 1518 121 51 vnum
1401 1518 182 51 indiuiduum

862 1568 86 61 per
911 1568 74 61 se
948 1568 74 61 in
984 1568 123 61 genere
1070 1568 86 61 non
1119 1568 123 61 potest
1205 1568 135 61 componi
1303 1568 74 61 ex
1340 1568 147 61 pluribus
1438 1568 147 61 existenti-

868 1608 85 49 bus
916 1608 85 49 per
965 1608 73 49 se
1001 1608 73 49 in
1037 1608 133 49 genere.
1134 1608 169 49 Respondeo.
1267 1608 109 49 verum
1340 1608 85 49 est
1388 1608 73 49 ex
1425 1608 145 49 pluribus
1521 1608 61 49 to-

865 1655 137 57 taliter
964 1655 175 57 distinctis
1102 1655 87 57 non
1151 1655 187 57 facientibus
1301 1655 87 57 per
1351 1655 75 57 se
1388 1655 112 57 vnum:
1463 1655 87 57 sed
1513 1655 75 57 si
1538 1655 50 57 fa

858 1698 110 59 ciant
931 1698 86 59 per
980 1698 74 59 se
1017 1698 98 59 vnum
1079 1698 74 59 et
1116 1698 98 59 sint
1177 1698 135 59 eiusdem
1275 1698 147 59 rationis
1386 1698 98 59 tunc
1447 1698 86 59 est
1484 1698 98 59 falsum

854 1736 75 57 et
892 1736 88 57 ita
942 1736 126 57 potest
1030 1736 163 57 conceptus
1156 1736 138 57 generis
1256 1736 151 57 abstrahi
1369 1736 75 57 et
1407 1736 176 57 praedicari
1533 1736 50 57 de

850 1788 118 57 toto
924 1788 192 57 composito
1072 1788 89 57 ex
1117 1788 133 57 illis
1205 1788 178 57 pluribus
1338 1788 207 57 indiuiduis
1486 1788 104 57 sicut

862 1823 67 57 de
895 1823 134 57 quolibet
996 1823 78 57 per
1041 1823 78 57 se.
1085 1823 89 57 Item
1141 1823 179 57 conclusiohoc
1286 1823 89 57 quod
1342 1823 101 57 dicit
1409 1823 89 57 quod
1465 1823 89 57 illa
1510 1823 67 57 real

851 1863 80 69 tas
896 1863 149 69 adueniens
1011 1863 80 69 non
1057 1863 114 69 potest
1137 1863 103 69 fieri
1205 1863 80 69 per
1251 1863 69 69 se
1285 1863 57 69 a
1308 1863 92 69 deo:
1366 1863 92 69 quia
1423 1863 114 69 quando
1491 1863 92 69 aliqua

865 1903 94 63 sunt
924 1903 129 63 eiusdem
1017 1903 140 63 rationis
1123 1903 70 63 si
1158 1903 94 63 vnum
1216 1903 82 63 est
1263 1903 152 63 factibile
1380 1903 82 63 per
1427 1903 70 63 se
1462 1903 82 63 per
1497 1903 82 63 poten

862 1956 97 51 tiam
922 1956 133 51 diuinam
1019 1956 73 51 et
1056 1956 121 51 aliud:
1141 1956 85 51 sed
1189 1956 97 51 iste
1250 1956 170 51 realitates
1383 1956 97 51 sunt
1432 1956 145 51 huiusmodi-

862 1994 67 70 et
895 1994 100 70 prima
962 1994 78 70 est
1007 1994 156 70 factibilis
1129 1994 78 70 per
1173 1994 67 70 se
1207 1994 89 70 sine
1262 1994 100 70 alia.
1329 1994 100 70 tamen
1396 1994 78 70 per
1440 1994 89 70 deum
1496 1994 78 70 sed
1529 1994 45 70 no

862 2048 87 59 per
911 2048 149 59 naturam.
1023 2048 124 59 igitur
1109 2048 99 59 deus
1171 2048 124 59 potest
1258 2048 124 59 facere
1345 2048 149 59 secundam
1456 2048 99 59 sine
1506 2048 74 59 pri-

843 2092 88 55 ma.
894 2092 101 55 Item
957 2092 101 55 illa
1020 2092 152 55 realitas
1134 2092 164 55 adueniens
1260 2092 126 55 potest
1349 2092 101 55 esse
1412 2092 177 55 perfectior
1538 2092 51 55 in

849 2127 114 69 duplo
926 2127 102 69 quam
989 2127 178 69 precedens:
1129 2127 102 69 quia
1192 2127 127 69 potest
1281 2127 127 69 augeri
1370 2127 76 69 in
1408 2127 127 69 duplo.
1497 2127 76 69 et
1522 2127 64 69 per

858 2177 168 64 consequens
990 2177 120 64 potest
1074 2177 108 64 illud
1146 2177 132 64 additum
1243 2177 120 64 habere
1327 2177 120 64 partem
1411 2177 168 64 duplicatam
1531 2177 48 64 re

853 2212 129 58 spectu
943 2212 116 58 forme
1020 2212 219 58 praecedentis:
1201 2212 77 58 et
1239 2212 103 58 sunt
1304 2212 142 58 eiusdem
1407 2212 154 58 rationis
1510 2212 64 58 cu-

851 2255 179 73 praecedenti.
996 2255 112 73 igitur
1074 2255 67 73 si
1108 2255 101 73 prima
1175 2255 89 73 quae
1231 2255 78 73 est
1275 2255 179 73 imperfectior
1421 2255 112 73 potest
1499 2255 78 73 per
1532 2255 45 73 se

850 2309 97 59 esse
910 2309 97 59 sine
971 2309 145 59 secunda:
1080 2309 170 59 multomagis
1213 2309 133 59 secunda
1310 2309 121 59 potest
1395 2309 97 59 esse
1456 2309 97 59 sine
1504 2309 73 59 pri-

853 2356 95 52 ma.
908 2356 108 52 Item
975 2356 135 52 quando
1070 2356 135 52 aliqua
1164 2356 189 52 factibilia
1313 2356 176 52 coueniunt
1448 2356 81 52 et
1475 2356 108 52 diffe-

843 2390 106 59 runt
909 2390 172 59 equaliter
1041 2390 119 59 inter
1120 2390 79 59 se
1160 2390 79 59 si
1200 2390 106 59 vnum
1266 2390 93 59 est
1319 2390 172 59 factibile
1451 2390 93 59 per
1504 2390 79 59 se
1530 2390 53 59 et

842 2426 129 76 aliud:
933 2426 91 76 sed
984 2426 91 76 sic
1036 2426 91 76 est
1088 2426 78 76 de
1127 2426 104 76 ista
1192 2426 181 76 realitante
1334 2426 155 76 respectu
1438 2426 142 76 preceden-

855 2476 101 57 tis:
918 2476 101 57 quia
981 2476 164 57 equaliter
1108 2476 177 57 conueniunt
1246 2476 76 57 et
1284 2476 164 57 differunt
1410 2476 76 57 et
1448 2476 113 57 prima
1511 2476 63 57 est

853 2517 190 63 factibilis
1003 2517 108 63 sine
1070 2517 163 63 secunda.
1192 2517 136 63 igitur
1287 2517 122 63 eodem
1369 2517 108 63 modo
1423 2517 149 63 econuerso

849 2564 94 84 Item
908 2564 175 84 coclusiohoc
1048 2564 94 84 quod
1107 2564 105 84 dicit
1177 2564 94 84 quod
1235 2564 94 84 ista
1294 2564 140 84 realitas
1399 2564 82 84 non
1446 2564 82 84 est
1481 2564 105 84 intelli

1708 187 132 85 gibilis
1804 187 84 85 per
1852 187 84 85 se:
1900 187 84 85 sed
1947 187 251 85 cointelligibilis:
2163 187 96 85 quia
2223 187 120 85 quando
2306 187 120 85 aliqua
2378 187 72 85 sunt

1709 260 144 54 eiusdem
1814 260 158 54 rationis
1932 260 79 54 si
1971 260 105 54 vnum
2037 260 92 54 est
2090 260 223 54 intelligibile
2273 260 171 54 intuitiue
2391 260 53 54 et

1702 300 188 58 reliquum:
1846 300 101 58 sed
1904 300 173 58 realitas
2034 300 188 58 adueniens
2178 300 87 58 et
2221 300 188 58 precedens
2351 300 87 58 sunt

1698 337 158 62 huiusmodi
1819 337 73 62 et
1856 337 170 62 praecedens
1989 337 121 62 potest
2074 337 158 62 intelligi
2195 337 170 62 intuitiue:
2329 337 97 62 quia
2377 337 61 62 an-

1700 388 121 60 gelus
1780 388 135 60 potest
1875 388 202 60 intelligere
2036 388 175 60 caritatem
2171 388 215 60 praexistente
2332 388 108 60 intui-

1696 434 112 48 tiue.
1770 434 74 48 et
1807 434 161 48 similiter
1931 434 99 48 homo
1993 434 124 48 potest
2080 434 186 48 intelligere
2229 434 149 48 albedine
2328 434 112 48 genera-

1694 478 93 54 tam
1747 478 80 54 de
1787 478 107 54 nouo
1854 478 173 54 intuitiue
1987 478 133 54 igitur
2080 478 80 54 et
2120 478 120 54 eodem
2200 478 107 54 modo
2267 478 80 54 et
2307 478 120 54 aliam
2373 478 67 54 ad-

1705 518 110 62 ditam.
1782 518 66 62 et
1815 518 77 62 per
1859 518 154 62 consequens
1980 518 77 62 non
2024 518 77 62 est
2068 518 231 62 conintelligibilis
2266 518 77 62 sed
2310 518 77 62 per
2354 518 66 62 se
2376 518 55 62 in-

1696 566 204 53 telligibilis.
1864 566 96 53 Item
1924 566 192 53 conclusiohoc
2081 566 96 53 quod
2141 566 108 53 ponit
2213 566 96 53 quod
2273 566 144 53 realitas
2369 566 72 53 adue

1700 607 114 52 niens
1776 607 88 52 est
1827 607 227 52 imprecisibilis
2016 607 63 52 a
2041 607 189 52 precedente:
2192 607 76 52 et
2230 607 101 52 ideo
2293 607 88 52 non
2331 607 101 52 potest

1689 646 156 59 intelligi
1809 646 84 59 sed
1857 646 192 59 cointelligi:
2013 646 96 59 quia
2072 646 144 59 accidens
2180 646 120 59 potest
2264 646 156 59 intelligi
2372 646 60 59 in-

1697 694 145 58 tuitiue
1802 694 106 58 sine
1868 694 172 58 subiecto:
2000 694 106 58 quia
2067 694 132 58 potest
2159 694 158 58 separari
2278 694 66 58 a
2291 694 132 58 subiecto

1698 744 121 56 patet
1778 744 81 56 in
1818 744 215 56 eucharistia:
1993 744 81 56 et
2033 744 121 56 sicut
2114 744 215 56 intelligitur
2275 744 148 56 intuitiue

1693 787 114 57 sine
1764 787 185 57 subiecto:
1906 787 128 57 eodem
1991 787 114 57 modo
2062 787 171 57 realitas
2190 787 185 57 adueniens
2318 787 114 57 potest

1697 825 181 57 intelligi
1836 825 111 57 sine
1905 825 222 57 praecedente.
2086 825 111 57 Item
2155 825 194 57 vnumquoque
2308 825 125 57 sicut
2377 825 56 57 se

1695 869 117 50 habet
1773 869 78 50 ad
1812 869 170 50 entitate:
1943 869 91 50 ita
1995 869 78 50 ad
2034 869 248 50 intellectionem:
2243 869 91 50 sed
2295 869 91 50 hec
2335 869 91 50 reali

1687 920 98 57 tas
1743 920 98 57 est
1799 920 154 57 entitas
1912 920 183 57 distincta
2052 920 168 57 absoluta
2178 920 168 57 realiter
2305 920 70 57 a
2319 920 98 57 prai-

1695 959 155 49 cedenti:
1811 959 116 49 patet
1888 959 103 49 quia
1953 959 90 49 hec
2004 959 155 49 realitas
2121 959 90 49 non
2172 959 90 49 est
2224 959 103 49 illa
2288 959 103 49 nunc
2340 959 77 49 sem-

1699 1007 80 58 per
1744 1007 115 58 posita
1825 1007 172 58 constantia.
1962 1007 137 58 sequitur
2065 1007 80 58 hoc
2111 1007 80 58 non
2157 1007 80 58 est
2202 1007 92 58 hoc.
2260 1007 92 58 ergo
2317 1007 92 58 haec
2363 1007 57 58 di-

1695 1050 181 59 stinguitur
1838 1050 78 59 ab
1877 1050 104 59 hoc.
1941 1050 130 59 igitur
2032 1050 130 59 potest
2123 1050 91 59 sic
2175 1050 181 59 intelligi.
2317 1050 91 59 Ite
2356 1050 65 59 non

1683 1093 142 65 minus
1778 1093 189 65 repugnat
1920 1093 189 65 entitati
2062 1093 205 65 distincte
2220 1093 205 65 intelligi
2362 1093 63 65 ab

1690 1136 193 56 intellectu
1842 1136 110 56 quam
1910 1136 138 56 videri
2007 1136 83 56 ab
2048 1136 124 56 oculo
2130 1136 193 56 corporali:
2282 1136 110 56 quia
2337 1136 83 56 quic

1688 1182 100 49 quid
1751 1182 126 49 potest
1839 1182 151 49 potentia
1952 1182 151 49 inferior
2065 1182 75 49 et
2103 1182 163 49 superior:
2229 1182 88 49 sed
2279 1182 126 49 oculus
2354 1182 63 49 cor

1686 1225 163 48 poralis
1805 1225 149 48 potest
1909 1225 149 48 videre
2013 1225 193 48 albedinem
2161 1225 104 48 non
2221 1225 163 48 videndo
2325 1225 89 48 sub-

1677 1268 177 48 stantiam
1810 1268 118 48 nisi
1884 1268 103 48 per
1943 1268 177 48 accidens
2076 1268 133 48 sicut
2165 1268 133 48 dyane
2253 1268 148 48 filius
2342 1268 74 48 vi-

1683 1312 102 62 detur
1751 1312 79 62 per
1796 1312 147 62 accidens:
1909 1312 91 62 quia
1966 1312 79 62 est
2011 1312 147 62 subiectum
2124 1312 113 62 illius
2204 1312 91 62 quod
2260 1312 125 62 videtur
2351 1312 79 62 per
2385 1312 45 62 se

1676 1353 105 59 Unde
1742 1353 79 59 si
1781 1353 132 59 albedo
1874 1353 119 59 esset
1953 1353 79 59 in
1992 1353 185 59 quantitate
2137 1353 105 59 sine
2203 1353 171 59 sustantia
2322 1353 92 59 sicut

1677 1403 232 55 eucharistia
1862 1403 139 55 adhuc
1955 1403 155 55 potest
2063 1403 155 55 videri
2172 1403 139 55 oculo
2249 1403 170 55 corporali

1679 1445 123 52 quare
1761 1445 137 52 igitur
1857 1445 96 52 non
1912 1445 137 52 potest
2008 1445 178 52 intelligi
2144 1445 109 52 sine
2213 1445 178 52 subiecto.
2336 1445 82 52 Item

1686 1485 240 63 iprsecisibilitas
1890 1485 84 63 non
1938 1485 132 63 impedit
2034 1485 96 63 quin
2095 1485 96 63 vnum
2155 1485 120 63 potest
2239 1485 156 63 intelligi
2347 1485 72 63 sine

1680 1533 118 60 alio:
1758 1533 92 60 aut
1811 1533 183 60 econuerso.
1954 1533 105 60 quia
2020 1533 78 60 si
2059 1533 92 60 sic
2111 1533 92 60 hoc
2164 1533 92 60 non
2216 1533 118 60 esset
2294 1533 105 60 nisi
2347 1533 78 60 quia

1684 1572 116 60 illa
1756 1572 174 60 realitas
1886 1572 116 60 vnum
1958 1572 116 60 fuit
2031 1572 101 60 cum
2088 1572 202 60 precedente
2247 1572 87 60 in
2291 1572 130 60 forma
2363 1572 58 60 ex

1686 1625 132 46 tensa
1774 1625 132 46 sicut
1862 1625 88 46 in
1906 1625 102 46 non
1964 1625 161 46 extensa
2081 1625 117 46 puta
2155 1625 88 46 in
2199 1625 190 46 albedine:
2345 1625 102 46 sed

1679 1664 92 53 non
1731 1664 157 53 obstante
1849 1664 105 53 tali
1915 1664 144 53 vnitate
2020 1664 79 53 et
2059 1664 184 53 identitate
2203 1664 131 53 potest
2295 1664 92 53 vna
2334 1664 79 53 pars

1679 1715 185 54 albedinis
1821 1715 85 54 in
1864 1715 100 54 vna
1920 1715 128 54 parte
2006 1715 213 54 superficiei
2176 1715 185 54 intuitiue
2304 1715 114 54 intel-

1684 1750 111 51 ligi
1753 1750 83 51 ab
1795 1750 194 51 intellectu
1948 1750 139 51 nostro
2045 1750 97 51 non
2100 1750 194 51 intellecta
2253 1750 111 51 alia
2308 1750 97 51 parte

1685 1790 116 56 sicut
1763 1790 142 56 partbet
1866 1790 77 56 ad
1905 1790 142 56 sensum.
2008 1790 129 56 igitur
2098 1790 116 56 eodem
2176 1790 103 56 modo
2240 1790 90 56 non
2279 1790 129 56 obstante

1670 1837 118 56 illa
1744 1837 281 56 ipscisibilitate
1981 1837 89 56 in
2025 1837 133 56 forma
2114 1837 104 56 non
2173 1837 163 56 extensa
2292 1837 118 56 puta
2351 1837 59 56 in

1678 1889 175 54 caritate
1809 1889 146 54 potest
1911 1889 218 54 intellectus
2086 1889 189 54 angelicus
2217 1889 189 54 intelligere

1670 1929 113 43 vnam
1740 1929 127 43 parte
1825 1929 212 43 aduenientem
1995 1929 99 43 non
2051 1929 226 43 intelligendo
2220 1929 184 43 praecedetur

1677 1972 105 51 tem
1767 1972 120 51 Ideo
1842 1972 135 51 teneo
1933 1972 196 51 opinionem
2083 1972 120 51 quam
2158 1972 135 51 prius
2249 1972 135 51 tenui
2324 1972 90 51 quam

1676 2016 107 58 iste
1742 2016 120 58 tenet
1822 2016 120 58 licet
1902 2016 93 58 eam
1955 2016 160 58 improbet
2075 2016 107 58 quod
2142 2016 107 58 sunt
2208 2016 93 58 due
2248 2016 160 58 realitates

1680 2060 140 56 eiusdem
1782 2060 153 56 rationis
1897 2060 166 56 facientes
2025 2060 89 56 per
2076 2060 77 56 se
2114 2060 102 56 vnum
2178 2060 128 56 quarum
2268 2060 89 56 vna
2306 2060 102 56 potest

1683 2097 90 67 per
1735 2097 77 67 se
1773 2097 103 67 esse
1837 2097 77 67 et
1876 2097 167 67 intelligi
2005 2097 103 67 sine
2069 2097 129 67 altera
2159 2097 103 67 etc.
2223 2097 77 67 Si
2262 2097 116 67 dicas
2326 2097 77 67 quod

1684 2147 98 59 ista
1745 2147 172 59 distinctio
1880 2147 86 59 non
1929 2147 196 59 intelligitur
2089 2147 98 59 nisi
2150 2147 86 59 per
2187 2147 209 59 argumentationem

1679 2185 97 67 dico
1739 2185 97 67 quod
1800 2185 109 67 licet
1873 2185 73 67 de
1909 2185 109 67 facto
1982 2185 85 67 non
2030 2185 121 67 potest
2115 2185 133 67 percipi
2212 2185 85 67 nec
2261 2185 145 67 discerni
2358 2185 48 67 di

1666 2226 165 69 stinctio
1790 2226 151 69 illarum
1900 2226 193 69 realitatum
2051 2226 110 69 nisi
2120 2226 96 69 per
2161 2226 234 69 argumentationem

1665 2277 113 46 tamen
1741 2277 100 46 deus
1803 2277 125 46 potest
1891 2277 125 46 facere
1978 2277 100 46 quod
2041 2277 88 46 vna
2091 2277 150 46 realitas
2204 2277 163 46 intuitiue
2316 2277 88 46 vide-

1675 2312 112 62 atur
1745 2312 112 62 sine
1816 2312 127 62 alia.
1928 2312 84 62 Ad
1970 2312 169 62 rationem
2097 2312 169 62 alterius
2223 2312 183 62 opinionis
2350 2312 56 62 ad

1669 2360 141 61 primam
1767 2360 99 61 de.
1824 2360 113 61 iii.
1894 2360 197 61 phisicorum
2049 2360 127 61 caplo
2134 2360 84 61 de
2176 2360 127 61 vacuo
2260 2360 113 61 dico
2317 2360 84 61 quod

1664 2417 140 53 quantum
1766 2417 77 53 ad
1805 2417 140 53 aliquid
1907 2417 89 53 est
1958 2417 128 53 simile
2047 2417 77 53 de
2086 2417 217 53 augmentatione
2252 2417 153 53 qualitatis

1679 2453 68 65 et
1713 2453 180 65 quantitatis:
1859 2453 68 65 et
1893 2453 124 65 quantum
1983 2453 68 65 ad
2017 2453 101 65 aliud
2084 2453 79 65 est
2129 2453 158 65 dissimile.
2253 2453 146 65 dissimile
2355 2453 56 65 est

1674 2497 79 53 in
1713 2497 105 53 hoc:
1779 2497 105 53 quia
1845 2497 197 53 naturaliter
2002 2497 92 53 per
2055 2497 223 53 augmentatonem
2238 2497 144 53 possunt
2330 2497 66 53 duo

1665 2546 126 54 partes
1754 2546 190 54 quantitatis
1906 2546 164 54 perficere
2032 2546 164 54 subiectum
2159 2546 114 54 omnio
2235 2546 101 54 idem
2298 2546 101 54 siue
2348 2546 51 54 il

1662 2589 88 66 le
1706 2589 146 66 partes
1808 2589 117 66 siut
1881 2589 146 66 extese
1984 2589 131 66 sicut
2071 2589 146 66 albedo
2173 2589 117 66 siue
2246 2589 117 66 non:
2305 2589 102 66 sicut
