2246 3090
422 249 126 64 sunt
501 249 173 64 eiusdem
627 249 173 64 speciei
753 249 189 64 quicquid
895 249 221 64 formaliter
1052 249 95 64 stat

420 303 116 47 cum
487 303 116 47 vno
553 303 99 47 et
602 303 182 47 altero:
734 303 99 47 et
784 303 198 47 quicquid
932 303 198 47 repugnat
1064 303 83 47 vni

418 354 84 52 et
460 354 154 52 alteri:
572 354 126 52 sicut
656 354 168 52 quicquid
782 354 112 52 stat
851 354 98 52 cum
907 354 168 52 albedine
1033 354 98 52 vna
1075 354 84 52 stat

428 388 83 55 et
470 388 97 55 cum
525 388 152 55 altera.
636 388 180 55 similiter
774 388 152 55 quicqud
884 388 166 55 repugnat
1009 388 97 55 vni
1050 388 97 55 albe-

435 431 100 56 dini
497 431 75 56 et
534 431 137 56 alteri.
634 431 112 56 patet
708 431 100 56 ergo
770 431 174 56 propositio
907 431 162 56 assumpta.
1032 431 87 56 sed
1069 431 87 56 fides

431 482 178 50 acquisita
569 482 124 50 circa
651 482 110 50 vnum
720 482 178 50 articulum
857 482 110 50 stat
925 482 96 50 cum
980 482 137 50 errore
1063 482 82 50 cir-

419 523 76 49 ca
457 523 126 49 alium.
546 523 114 49 patet
622 523 76 49 de
660 523 164 49 heretico.
786 523 89 49 sed
837 523 164 49 acquisita
963 523 114 49 fides
1039 523 76 49 et
1064 523 89 49 error

425 571 93 53 non
478 571 119 53 stant
557 571 119 53 circa
637 571 132 53 eundem
729 571 185 53 articulum.
875 571 106 53 ergo
941 571 119 53 fides
1007 571 146 53 acquisita

426 615 111 48 circa
500 615 99 48 vnum
562 615 161 48 articulum
686 615 74 48 et
723 615 111 48 alium
797 615 99 48 sint
859 615 161 48 distincte
983 615 149 48 speciei.
1082 615 74 48 quia

417 650 83 60 si
459 650 138 60 essent
555 650 151 60 eiusdem
665 650 165 60 speciei:
789 650 110 60 tunc
858 650 124 60 sicut
940 650 124 60 error
1009 650 138 60 repugnat

431 697 93 47 vni
484 697 93 47 ita
537 697 159 47 repugnat
656 697 145 47 alteri.
761 697 79 47 et
801 697 119 47 sicut
880 697 106 47 stat
946 697 93 47 cum
999 697 106 47 vno:
1065 697 79 47 et
1092 697 66 47 ita

431 740 86 49 cum
480 740 135 49 altero.
578 740 74 49 et
615 740 86 49 per
664 740 110 49 istam
737 740 98 49 viam
799 740 123 49 tenent
884 740 147 49 rationes
995 740 110 49 Iohis
1068 740 74 49 in
1093 740 61 49 qua

423 790 119 48 stione
507 790 167 48 praedicta.
638 790 95 48 quia
697 790 83 48 per
745 790 119 48 primam
828 790 119 48 probat
912 790 95 48 quod
971 790 95 48 sunt
1019 790 131 48 distincti

422 827 121 59 circa
502 827 121 59 istas
582 827 228 59 conclusiones.
770 827 94 59 per
824 827 161 59 secundam
944 827 107 59 quod
998 827 161 59 distinguum

414 870 102 66 tur
473 870 146 66 specie
575 870 73 66 â‹
604 870 160 66 Quantum
720 870 87 66 ad
764 870 175 66 secundam
895 870 248 66 difficultatem
1084 870 73 66 quo

423 926 124 49 potest
509 926 99 49 esse
571 926 87 49 vna
621 926 112 49 fides
695 926 124 49 omnium
782 926 186 49 articulorum
931 926 124 49 fidei:
1018 926 124 49 potest
1092 926 50 49 du

418 961 170 60 pliciter
545 961 128 60 dici.
630 961 99 60 Uno
687 961 113 60 modo
758 961 113 60 quod
829 961 128 60 fides
914 961 142 60 infusa
1013 961 128 60 habet
1084 961 71 60 ali

431 1005 106 63 quod
497 1005 172 63 complexum
630 1005 93 63 pro
683 1005 146 63 obiecto
789 1005 186 63 immediato:
935 1005 106 63 quod
1001 1005 133 63 potest
1080 1005 80 63 esse

431 1048 148 54 prmissa
538 1048 81 54 et
579 1048 188 54 principium
727 1048 162 54 partiale
848 1048 162 54 inferens
969 1048 121 54 omnem
1036 1048 108 54 articu

420 1093 86 52 lum
469 1093 74 52 in
506 1093 147 52 spaiali.
616 1093 74 52 et
653 1093 86 52 est
702 1093 110 52 istud
776 1093 160 52 complexum
898 1093 98 52 omne
960 1093 160 52 reuelatum
1082 1093 61 52 a
1095 1093 61 52 deo

424 1143 86 53 est
473 1143 123 53 verum:
559 1143 110 53 sicut
632 1143 159 53 reuelatur
755 1143 98 53 esse
816 1143 123 53 verum.
902 1143 86 53 nam
951 1143 110 53 istud
1024 1143 123 53 potest
1098 1143 49 53 in

428 1188 114 50 ferre
504 1188 114 50 omnem
580 1188 164 50 articulum
706 1188 126 50 fidei.
795 1188 126 50 potest
883 1188 101 50 enim
946 1188 88 50 sic
997 1188 114 50 argui
1060 1188 88 50 respe

428 1224 104 56 ctu
488 1224 208 56 cuiuslibet
651 1224 179 56 articuli
785 1224 119 56 omne
860 1224 193 56 reuelatum
1008 1224 74 56 a
1038 1224 104 56 deo
1083 1224 74 56 est

428 1274 126 48 verum:
516 1274 113 48 sicut
592 1274 163 48 reuelatum
717 1274 88 48 est
768 1274 100 48 esse
830 1274 126 48 verum.
918 1274 88 48 sed
969 1274 100 48 deum
1031 1274 100 48 esse
1082 1274 75 48 tri-

419 1313 92 63 num
471 1313 79 63 et
511 1313 105 63 vnum
576 1313 184 63 incarnatum
721 1313 79 63 et
760 1313 131 63 passum
852 1313 105 63 etc.
918 1313 105 63 Unde
983 1313 118 63 sicut
1049 1313 92 63 istud

438 1357 175 51 complexum
572 1357 94 51 est
626 1357 188 51 principium
774 1357 162 51 inferens
895 1357 121 51 omnem
976 1357 175 51 articulum
1097 1357 54 51 in

415 1400 162 57 spaiali.
537 1400 95 57 ita
591 1400 149 57 habitus
699 1400 122 57 fidei
780 1400 149 57 infuse:
889 1400 122 57 cuius
970 1400 95 57 hoc
1010 1400 149 57 complexum

419 1451 113 52 est
483 1451 226 52 immediatum
661 1451 194 52 obiectum
806 1451 194 52 inclinat
951 1451 194 52 mediante
1080 1451 65 52 ad

417 1496 118 45 actum
495 1496 157 45 elicitum
613 1496 118 45 circa
692 1496 118 45 omnem
770 1496 170 45 articulum
901 1496 79 45 in
941 1496 144 45 spaiali
1032 1496 118 45 virtute

416 1533 118 52 huius
495 1533 170 52 complexi.
626 1533 79 52 et
665 1533 92 52 sic
717 1533 92 52 est
770 1533 92 52 vna
822 1533 118 52 fides
901 1533 131 52 omnium
980 1533 170 52 articulorum

428 1582 129 48 fidei
514 1582 172 48 mediate.
643 1582 100 48 sed
700 1582 100 48 non
757 1582 201 48 immediate.
915 1582 100 48 Sed
973 1582 115 48 alio
1044 1582 115 48 modo
1102 1582 57 48 in

420 1624 149 52 clinat
525 1624 134 52 fides
614 1624 90 52 ad
659 1624 134 52 actum
748 1624 179 52 credendi
883 1624 194 52 articulos
1032 1624 90 52 in
1062 1624 104 52 span-

419 1672 95 53 li.
474 1672 81 53 et
514 1672 108 53 alio
582 1672 108 53 modo
649 1672 149 53 habitus
758 1672 176 53 principii
893 1672 81 53 ad
934 1672 122 53 actum
1015 1672 81 53 de
1055 1672 95 53 quo
1096 1672 54 53 su

419 1710 92 56 pra
471 1710 131 56 dictum
563 1710 105 56 est.
629 1710 105 56 quia
695 1710 118 56 fides
774 1710 131 56 infusa
866 1710 92 56 sic
918 1710 158 56 inclinat
1037 1710 79 56 ad
1063 1710 92 56 actum

426 1762 120 45 fidei
506 1762 160 45 elicitum
626 1762 120 45 circa
706 1762 174 45 articulos
840 1762 80 45 in
880 1762 160 45 spciali.
1000 1762 107 45 quod
1067 1762 93 45 nec
1107 1762 53 45 ha

419 1795 119 59 bitus
498 1795 119 59 fidei
578 1795 133 59 infuse
671 1795 93 59 nec
724 1795 119 59 actus
804 1795 133 59 potest
897 1795 93 59 cum
950 1795 186 59 intellectu
1082 1795 80 59 esse

436 1845 199 51 principium
592 1845 199 51 sufficiens
749 1845 85 51 ad
792 1845 199 51 eliciendum
948 1845 128 51 actum
1020 1845 142 51 credendi

426 1895 110 48 circa
499 1895 159 48 articulum
621 1895 134 48 aliquem
719 1895 73 48 in
756 1895 159 48 spaciali.
878 1895 122 48 patet.
963 1895 86 48 Nam
1012 1895 134 48 pruulus
1098 1895 61 48 ba-

417 1935 176 52 ptisatus
549 1935 176 52 nutritus
681 1935 191 52 solitarie
828 1935 161 52 alicubi
945 1935 103 52 vbi
1004 1935 161 52 nunquam
1106 1935 59 52 in

424 1979 166 44 struitur
549 1979 83 44 in
590 1979 180 44 articulis
728 1979 124 44 fidei
811 1979 111 44 ille
880 1979 124 44 habet
963 1979 124 44 fidem
1033 1979 124 44 infusam

438 2018 71 54 et
474 2018 95 54 vsum
533 2018 154 54 rationis.
652 2018 71 54 et
688 2018 107 54 tamen
759 2018 119 54 nullum
842 2018 107 54 actum
913 2018 143 54 credendi
1020 2018 107 54 circa
1080 2018 83 54 quen-

429 2062 122 50 cumque
514 2062 158 50 articulum
636 2062 122 50 potest
721 2062 146 50 elicere.
831 2062 122 50 igitur
916 2062 73 50 ad
953 2062 110 50 actum
1014 2062 146 50 eliciendum

437 2114 113 46 circa
513 2114 164 46 articulum
639 2114 151 46 spaialem
753 2114 189 46 neccessario
904 2114 177 46 requiritur
1043 2114 113 46 fides
1106 2114 50 46 ad

434 2161 138 44 quisita
535 2161 113 44 circa
610 2161 113 44 illum
685 2161 175 44 articulum.
822 2161 100 44 puta
885 2161 88 44 per
935 2161 150 44 auditum.
1047 2161 100 44 quia
1097 2161 63 44 fi-

444 2196 84 52 des
492 2196 156 52 acquisita
612 2196 144 52 secundum
721 2196 156 52 prophetam
841 2196 84 52 est
889 2196 72 52 ex
925 2196 132 52 auditum
1022 2196 84 52 vel
1070 2196 84 52 per
1106 2196 60 52 vi-

440 2240 110 55 sum.
509 2240 110 55 puta
578 2240 83 55 si
619 2240 138 55 videat
716 2240 152 55 aliquem
826 2240 124 55 actum
909 2240 165 55 scriptum
1033 2240 83 55 in
1061 2240 96 55 libro

439 2280 73 58 et
475 2280 73 58 ei
512 2280 134 58 credat.
610 2280 73 58 et
647 2280 86 58 hoc
695 2280 86 58 est
744 2280 122 58 simile
830 2280 73 58 de
867 2280 122 58 aliquo
952 2280 86 58 qui
1001 2280 147 58 crederet
1099 2280 61 58 to-

444 2329 89 53 tam
495 2329 166 53 historiam
623 2329 153 53 scriptam
738 2329 77 53 in
777 2329 141 53 biblia:
879 2329 77 53 et
917 2329 115 53 totam
994 2329 141 53 bibliam
1083 2329 77 53 esse

446 2376 123 56 vera.
528 2376 123 56 etiam
610 2376 82 56 si
651 2376 96 56 hoc
706 2376 164 56 crederet
829 2376 109 56 actu
897 2376 150 56 elicito
1007 2376 150 56 nunquam
1102 2376 55 56 ex

437 2413 90 53 hoc
489 2413 103 53 solo
553 2413 128 53 potest
643 2413 231 53 sufficitunrter
835 2413 128 53 habere
925 2413 116 53 actum
1002 2413 154 53 credendi
1105 2413 64 53 re-

445 2465 126 56 pectu
529 2465 195 56 cuiuslibet
682 2465 168 56 historie
808 2465 84 56 in
850 2465 168 56 spaciali
976 2465 112 56 nisi
1031 2465 140 56 mediante

441 2505 106 49 fide
507 2505 172 49 acquisita
640 2505 80 49 de
679 2505 106 49 illa
746 2505 186 49 hiystoria.
892 2505 80 49 et
932 2505 93 49 hoc
985 2505 106 49 erit
1051 2505 93 49 vel
1091 2505 66 49 per

430 2553 163 45 doctorem
552 2553 95 45 cui
607 2553 135 45 credit
701 2553 95 45 vel
756 2553 95 45 per
810 2553 217 45 inspectionem
986 2553 81 45 in
1027 2553 135 45 libro.
1108 2553 54 45 ha

447 2598 131 53 ditus
535 2598 116 53 ergo
607 2598 131 53 fidei
694 2598 145 53 infuse
796 2598 174 53 inclinat
927 2598 160 53 mediate
1043 2598 87 53 ad
1072 2598 102 53 actum

449 2644 155 61 credendi
565 2644 116 61 circa
643 2644 168 61 quemlibet
772 2644 168 61 articulum
901 2644 77 61 in
940 2644 168 61 spaciali.
1069 2644 103 61 quia
1120 2644 52 61 me

1241 236 144 66 diante
1341 236 115 66 actu
1413 236 158 66 elicito
1528 236 129 66 circa
1614 236 172 66 obiectum
1743 236 115 66 suum
1801 236 172 66 immediatum

1238 294 93 52 qui
1291 294 120 52 actus
1371 294 93 52 cum
1424 294 106 52 fide
1491 294 173 52 acquisita
1624 294 120 52 circa
1704 294 173 52 articulum
1837 294 80 52 in
1863 294 120 52 spaiali

1243 341 104 48 est
1303 341 134 48 causa
1392 341 194 48 partialis
1541 341 194 48 immediata
1691 341 179 48 respectu
1825 341 134 48 actus
1899 341 75 48 cre

1244 383 114 53 dendi
1320 383 114 53 illum
1396 383 177 53 articulum.
1536 383 89 53 non
1586 383 127 53 inquam
1675 383 127 53 primum
1764 383 190 53 simpliciter
1903 383 76 53 quia

1244 429 140 50 prius
1338 429 140 50 circa
1431 429 156 50 eundem
1540 429 202 50 articulum
1696 429 93 50 ex
1743 429 156 50 multis
1836 429 140 50 actibus

1242 473 185 50 credendi
1380 473 201 50 generatur
1535 473 139 50 fides
1627 473 216 50 acquisita:
1797 473 108 50 sed
1859 473 108 50 non
1905 473 77 50 est

1233 514 138 57 causa
1324 514 199 57 immediata
1477 514 168 57 secundi
1600 514 138 57 actus
1691 514 184 57 credendi
1814 514 168 57 theologi-

1244 558 75 50 ce
1282 558 75 50 et
1320 558 113 50 forte
1395 558 176 50 meritorie:
1534 558 88 50 ita
1584 558 101 50 quod
1647 558 113 50 fides
1722 558 126 50 infusa
1810 558 101 50 quae
1873 558 88 50 est
1911 558 63 50 ha-

1243 606 130 46 bitus
1329 606 101 46 est
1387 606 144 46 tantum
1488 606 130 46 causa
1575 606 173 46 mediata:
1705 606 116 46 quia
1777 606 101 46 est
1835 606 130 46 causa
1907 606 72 46 cau

1231 647 100 48 se.
1288 647 71 48 â‹
1316 647 100 48 Sed
1374 647 143 48 dubium
1474 647 100 48 est
1531 647 129 48 vtrum
1617 647 129 48 fides
1702 647 143 48 infusa
1802 647 100 48 cum
1845 647 129 48 intelle

1236 692 94 54 ctu
1289 692 134 54 potest
1383 692 107 54 esse
1450 692 187 54 sufficiens
1597 692 80 54 ad
1637 692 187 54 eliciendum
1785 692 121 54 actum
1852 692 121 54 creden-

1237 736 130 51 dendi
1323 736 130 51 circa
1410 736 116 51 suum
1482 736 173 51 obiectum
1612 736 144 51 primum
1713 736 116 51 puta
1785 736 116 51 omne
1843 736 130 51 reuela-

1234 780 98 56 tum
1290 780 70 56 a
1318 780 98 56 deo
1374 780 112 56 etc.
1445 780 112 56 sine
1515 780 112 56 fide
1585 780 183 56 acquisita
1725 780 70 56 â‹
1753 780 183 56 Respondeo
1880 780 84 56 quod

1234 823 112 52 non.
1304 823 126 52 patet
1388 823 84 52 de
1430 823 126 52 puero
1514 823 154 52 nutrito
1626 823 168 52 secundum
1752 823 126 52 casum
1822 823 154 52 predictum

1233 868 107 53 qui
1294 868 137 53 habet
1385 868 137 53 fidem
1477 868 168 53 infusam
1599 868 183 53 respectu
1737 868 214 53 cuiuslibet
1890 868 76 53 com

1249 919 142 47 plexi.
1348 919 85 47 et
1391 919 128 47 tamen
1476 919 156 47 nunquam
1590 919 142 47 potest
1689 919 156 47 aliquem
1803 919 128 47 actum
1874 919 99 47 circa

1243 960 159 52 aliquam
1358 960 159 52 elicere
1473 960 115 52 nisi
1546 960 216 52 instruatur:
1719 960 115 52 quia
1791 960 115 52 omne
1849 960 115 52 reuela

1241 994 99 61 tum
1297 994 71 61 a
1326 994 99 61 deo
1382 994 99 61 sit
1439 994 127 61 verum
1524 994 113 61 etc.
1595 994 85 61 et
1637 994 142 61 credat
1736 994 99 61 per
1793 994 127 61 fidem
1864 994 127 61 acquisi

1242 1044 107 58 tam
1303 1044 91 58 ex
1348 1044 168 58 actibus
1470 1044 183 58 credendi
1607 1044 229 58 instruendo.
1790 1044 91 58 et
1836 1044 122 58 ideo
1912 1044 91 58 ad

1237 1086 135 50 actum
1327 1086 180 50 credendi
1462 1086 135 50 illud
1552 1086 195 50 complexum
1702 1086 105 50 ita
1762 1086 210 50 requiritur
1912 1086 60 50 fi

1237 1137 99 50 des
1293 1137 184 50 acquisita
1435 1137 127 50 sicut
1520 1137 85 50 ad
1562 1137 198 50 quemcunque
1718 1137 184 50 articulum
1859 1137 85 50 in
1887 1137 85 50 spe-

1245 1175 151 50 ciali.
1351 1175 106 50 Sed
1411 1175 151 50 quando
1517 1175 166 50 dicitur
1638 1175 196 50 inclinare
1789 1175 91 50 ad
1834 1175 136 50 actum
1909 1175 76 50 cre

1244 1224 125 51 dendi
1327 1224 166 51 elicitum
1452 1224 125 51 circa
1535 1224 125 51 illud
1618 1224 194 51 complexum.
1770 1224 180 51 Respondeo
1895 1224 83 51 quod

1241 1267 158 51 habita
1352 1267 127 51 fide
1431 1267 206 51 acquisita
1589 1267 142 51 circa
1684 1267 142 51 illud
1779 1267 206 51 complexum
1922 1267 63 51 po

1245 1314 119 48 test
1320 1314 119 48 tunc
1394 1314 194 48 immediate
1543 1314 209 48 concurrere
1707 1314 104 48 cum
1766 1314 209 48 intellectu
1915 1314 60 48 et

1234 1359 118 46 fide
1308 1359 191 46 acquisita
1455 1359 132 46 sicut
1543 1359 132 46 causa
1631 1359 176 46 partiali
1763 1359 88 46 ad
1793 1359 176 46 eliciendum

1235 1401 140 48 actum
1329 1401 156 48 primum
1438 1401 187 48 credendi
1578 1401 233 48 theologicum
1764 1401 93 48 et
1795 1401 187 48 meritorium

1242 1440 126 52 circa
1326 1440 126 52 illud
1410 1440 195 52 complexum:
1563 1440 98 52 ita
1619 1440 112 52 quod
1689 1440 154 52 habitus
1801 1440 98 52 est
1856 1440 126 52 causa
1926 1440 56 52 in

1245 1483 163 49 mediata
1364 1483 149 49 illius
1468 1483 134 49 actus
1557 1483 89 49 et
1602 1483 134 49 prius
1691 1483 104 49 non
1750 1483 149 49 potuit
1854 1483 104 49 est
1899 1483 74 49 cau

1245 1531 89 47 sa
1290 1531 209 47 immediata:
1454 1531 119 47 quia
1528 1531 164 47 deficit
1647 1531 134 47 causa
1737 1531 194 47 partialis
1871 1531 104 47 neces

1233 1578 138 52 sario
1325 1578 200 52 requisita
1478 1578 123 52 puta
1555 1578 138 52 fides
1647 1578 215 52 acquisita:
1816 1578 107 52 sed
1862 1578 123 52 respe-

1239 1615 105 51 ctu
1299 1615 164 51 aliorum
1418 1615 224 51 articulorum
1598 1615 105 51 non
1657 1615 105 51 est
1717 1615 164 51 habitus
1837 1615 134 51 causa
1911 1615 75 51 im-

1238 1659 186 53 mediata:
1378 1659 109 53 sed
1440 1659 140 53 actus
1534 1659 155 53 illius
1642 1659 171 53 habitus
1767 1659 93 53 et
1813 1659 171 53 habitus
1922 1659 62 53 in

1239 1708 139 52 fusus
1331 1708 108 52 est
1393 1708 155 52 tantum
1501 1708 139 52 causa
1594 1708 139 52 cause
1687 1708 139 52 sicut
1780 1708 139 52 prius
1857 1708 124 52 dictum

1244 1752 124 47 est.
1322 1752 78 47 â‹
1353 1752 93 47 Ex
1400 1752 140 47 istis
1493 1752 155 47 potest
1602 1752 155 47 patere
1711 1752 171 47 quomodo
1835 1752 124 47 fuit
1897 1752 78 47 vna

1238 1793 144 53 fides
1334 1793 96 53 et
1382 1793 144 53 eadem
1478 1793 96 53 in
1526 1793 192 53 antiquis
1671 1793 192 53 patribus
1815 1793 96 53 et
1847 1793 128 53 moderi

1247 1835 125 57 nis.
1326 1835 125 57 quia
1404 1835 125 57 alio
1482 1835 125 57 modo
1561 1835 204 57 credebant
1718 1835 94 57 in
1765 1835 188 57 speciali
1890 1835 94 57 ipsi

1248 1882 116 55 quam
1321 1882 102 55 nos
1379 1882 87 55 et
1423 1882 116 55 alia
1495 1882 174 55 complexa
1626 1882 160 55 fuerunt
1743 1882 87 55 ab
1786 1882 131 55 ipsis
1859 1882 116 55 credit

1240 1930 85 47 ta
1282 1930 114 47 quam
1353 1930 71 47 a
1382 1930 142 47 nobis:
1481 1930 114 47 quia
1552 1930 128 47 illud
1637 1930 114 47 quod
1708 1930 185 47 credebant
1850 1930 85 47 de
1879 1930 99 47 futu-

1249 1968 106 55 rao
1309 1968 106 55 nos
1370 1968 182 55 credimus
1506 1968 91 55 de
1551 1968 212 55 preterito.
1718 1968 136 55 sicut
1809 1968 121 55 ipsi
1869 1968 121 55 crede-

1254 2010 107 56 bant
1321 2010 161 56 christum
1441 2010 107 56 fore
1508 2010 201 56 incarnandum
1669 2010 80 56 et
1710 2010 161 56 passurum
1830 2010 80 56 et
1857 2010 121 56 resurre

1256 2052 135 56 cturum
1351 2052 81 56 et
1392 2052 203 56 ascensurum:
1554 2052 81 56 et
1595 2052 95 56 nos
1649 2052 163 56 credimus
1771 2052 95 56 eum
1825 2052 135 56 fuisse
1907 2052 81 56 pas-

1252 2098 99 55 sum
1309 2098 199 55 incarnatum
1465 2098 227 55 resurrexisse
1649 2098 85 55 et
1692 2098 213 55 ascendisse:
1862 2098 99 55 sed
1905 2098 85 55 ista

1248 2143 122 55 sunt
1324 2143 167 55 diuersa
1446 2143 198 55 complexa.
1598 2143 198 55 probatur:
1750 2143 122 55 quia
1826 2143 106 55 est
1871 2143 122 55 impos-

1250 2187 128 52 sibile
1340 2187 102 52 quod
1403 2187 102 52 vnum
1467 2187 77 52 et
1505 2187 102 52 idem
1569 2187 166 52 complexum
1697 2187 115 52 simul
1773 2187 77 52 et
1811 2187 115 52 semel
1888 2187 89 52 sit
1926 2187 64 52 vel

1247 2236 107 48 rum:
1313 2236 80 48 et
1354 2236 147 48 falsum:
1461 2236 94 48 sed
1514 2236 94 48 hoc
1568 2236 174 48 complexum
1701 2236 160 48 christus
1822 2236 160 48 morietur
1929 2236 53 48 an

1247 2278 83 50 te
1289 2278 180 50 passionem
1427 2278 152 50 christi
1537 2278 110 50 fuit
1606 2278 138 50 verum.
1703 2278 83 50 et
1744 2278 97 50 sic
1800 2278 110 50 fuit
1869 2278 83 50 in
1896 2278 97 50 antei

1251 2328 126 49 quis
1330 2328 205 49 patribus:
1487 2328 110 49 sed
1550 2328 126 49 tunc
1629 2328 110 49 hoc
1692 2328 205 49 complexum
1834 2328 157 49 christus

1251 2367 170 52 mortuus
1374 2367 108 52 est
1436 2367 123 52 fuit
1513 2367 170 52 falsum:
1636 2367 93 52 et
1682 2367 123 52 nunc
1760 2367 108 52 est
1806 2367 185 52 econuerso:

1255 2413 111 46 quia
1324 2413 111 46 nunc
1394 2413 97 46 hec
1449 2413 97 46 est
1505 2413 111 46 vera
1574 2413 166 46 christus
1699 2413 153 46 mortuus
1810 2413 111 46 est.
1879 2413 83 46 et
1907 2413 83 46 nunc

1257 2451 91 55 hec
1309 2451 91 55 est
1361 2451 130 55 falsa.
1453 2451 156 55 christus
1570 2451 169 55 morietur:
1700 2451 104 55 quia
1765 2451 91 55 iam
1818 2451 91 55 non
1857 2451 130 55 moritur.

1255 2492 131 61 secundum
1353 2492 153 61 apostotum.
1473 2492 109 61 igitur
1549 2492 163 61 impossibile
1680 2492 76 61 est
1724 2492 87 61 quod
1778 2492 87 61 ista
1833 2492 87 61 sint
1887 2492 87 61 idem
1931 2492 65 61 com-

1261 2548 144 52 plexum
1362 2548 173 52 christus
1492 2548 173 52 morietur
1622 2548 173 52 christus
1752 2548 159 52 mortuus
1867 2548 116 52 est:
1925 2548 72 52 ta-

1257 2587 109 55 men
1320 2587 140 55 licet
1413 2587 172 55 diuersa
1538 2587 187 55 complexa
1679 2587 172 55 credita
1804 2587 94 55 ab
1851 2587 109 55 eis
1913 2587 94 55 et
1944 2587 47 55 a

1250 2631 162 65 nobis:
1363 2631 130 65 idem
1445 2631 130 65 fuit
1526 2631 227 65 articulus:
1705 2631 130 65 quia
1786 2631 211 65 articulus
1932 2631 65 65 de
