2255 3091
457 222 110 77 beum
526 222 82 77 et
567 222 110 77 omne
636 222 110 77 quod
704 222 110 77 vult
773 222 110 77 deus
842 222 69 77 a
869 222 82 77 me
910 222 137 77 diligi
1006 222 82 77 et
1047 222 110 77 post
1102 222 69 77 con

458 296 103 49 stet
523 296 103 49 mihi
587 296 90 49 per
639 296 181 49 scripturam
781 296 103 49 quod
846 296 103 49 deus
910 296 103 49 vult
975 296 65 49 a
1001 296 129 49 diligi
1091 296 65 49 a
1104 296 65 49 men

453 334 179 59 inclinat
588 334 120 59 tunc
662 334 165 59 caritas
782 334 150 59 infusa
887 334 179 59 mediate:
1021 334 120 59 quia
1081 334 90 59 medi

454 384 116 53 ante
526 384 116 53 actu
598 384 101 53 suo
656 384 101 53 cum
714 384 174 53 caritate
844 384 188 53 acquisita
989 384 87 53 et
1018 384 159 53 voluntate

448 424 98 47 ad
497 424 229 47 diligendum
677 424 82 47 a
710 424 147 47 sicut
808 424 131 47 nunc
890 424 131 47 mihi
972 424 180 47 constat
1086 424 82 47 per

448 469 203 47 scripturam
607 469 116 47 quod
679 469 116 47 deus
752 469 116 47 vult
824 469 174 47 inimicum
955 469 116 47 meum
1027 469 101 47 pro
1071 469 101 47 statu

454 513 111 50 isto
524 513 139 50 diligi
621 513 70 50 a
649 513 97 50 me:
704 513 111 50 tunc
774 513 97 50 per
829 513 153 50 habitum
941 513 181 50 caritatis
1066 513 111 50 infuse

456 550 99 54 cum
513 550 170 54 caritate
640 550 113 54 eius
711 550 184 54 acquisita
853 550 170 54 inclinor
980 550 85 54 ad
1009 550 170 54 diligendum

444 606 189 54 inimicum.
590 606 87 54 et
634 606 116 54 hoc:
706 606 116 54 quia
779 606 116 54 deus
852 606 116 54 vult
925 606 116 54 nunc
997 606 87 54 me
1026 606 146 54 diligere

446 636 168 60 inimicum.
576 636 78 60 et
614 636 129 60 quando
705 636 104 60 erit
770 636 168 60 damnatus:
899 636 104 60 tunc
964 636 91 60 non
1016 636 129 60 diliga
1093 636 78 60 eun-

451 689 100 50 qui
508 689 114 50 deus
579 689 100 50 non
636 689 114 50 vult
707 689 85 50 me
750 689 100 50 eum
807 689 171 50 diligere
935 689 157 50 semper:
1049 689 128 50 tamen
1120 689 57 50 ma

448 730 113 49 net
512 730 129 49 idem
593 730 178 49 habitus
722 730 226 49 caritatis.
900 730 81 49 â‹
932 730 178 49 Quartus
1045 730 129 49 articu

453 775 100 48 lus
510 775 100 48 est
567 775 86 48 de
610 775 286 48 compossibilitate
853 775 86 48 et
882 775 286 48 incompossibilitate

440 824 148 54 istorum
547 824 162 54 habituum
669 824 94 54 cum
723 824 121 54 aliis
804 824 189 54 habitibus:
952 824 81 54 et
993 824 94 54 est
1033 824 135 54 difficui

454 857 95 62 tas
509 857 177 62 specialis
645 857 82 62 de
686 857 109 62 fide
754 857 95 62 quo
808 857 109 62 stet
876 857 95 62 cum
930 857 177 62 scientia:
1066 857 68 62 :
1080 857 95 62 dici-

444 899 79 63 tur
489 899 91 63 quod
546 899 91 63 sic.
602 899 91 63 quod
659 899 147 63 probatur:
772 899 91 63 quia
828 899 124 63 aliquid
919 899 113 63 potest
998 899 113 63 alteri
1066 899 102 63 conuen-

448 955 87 55 re
492 955 218 55 dupliciter.
666 955 102 55 vno
725 955 116 55 modo
797 955 203 55 intrinsece
957 955 189 55 quocumque
1088 955 87 55 alio

451 989 125 59 amoto
534 989 83 59 et
576 989 250 59 circumscripto.
784 989 83 59 et
826 989 125 59 illud
909 989 125 59 dicit
992 989 180 59 conuenire
1117 989 69 59 ali

448 1037 111 51 teri
518 1037 83 51 ex
559 1037 97 51 se.
615 1037 111 51 Alio
684 1037 111 51 modo
754 1037 194 51 extrinsece
906 1037 83 51 ex
948 1037 167 51 concursu
1059 1037 125 51 alteri-

446 1074 87 65 us:
495 1074 74 65 et
532 1074 112 65 illud
607 1074 137 65 dicitur
706 1074 99 65 sibi
768 1074 161 65 conuenire
892 1074 74 65 ex
930 1074 112 65 alio:
1004 1074 99 65 tunc
1066 1074 87 65 sic
1104 1074 74 65 com-

452 1132 134 49 traria
546 1132 107 49 quae
613 1132 94 49 sic
667 1132 175 49 competunt
801 1132 134 49 alicui
895 1132 148 49 possunt
1002 1132 121 49 simul
1070 1132 107 49 stare.

449 1169 175 58 Exemplum.
583 1169 148 58 materia
690 1169 121 58 habet
771 1169 81 58 ex
811 1169 81 58 se
852 1169 202 58 priuationem
1013 1169 81 58 et
1053 1169 81 58 ab
1080 1169 94 58 agen-

447 1209 72 54 te
483 1209 108 54 habet
555 1209 215 54 informationem:
734 1209 191 54 consimiliter
890 1209 144 54 creatura
998 1209 132 54 dicitur
1093 1209 84 54 non
1129 1209 48 54 es

452 1260 75 49 ex
489 1260 75 49 se
526 1260 75 49 et
564 1260 87 49 ens
613 1260 75 49 ab
651 1260 112 49 alio:
725 1260 162 49 similiter
850 1260 174 49 obscuritas
986 1260 149 49 conuenit
1086 1260 87 49 fider

443 1301 97 52 sed
499 1301 181 52 euidentia
638 1301 153 52 obiecti
749 1301 167 52 conuenit
875 1301 125 52 anime
958 1301 84 52 ex
1000 1301 167 52 concursu
1111 1301 70 52 sci

445 1341 144 58 entie.
545 1341 158 58 Contra.
660 1341 216 58 impossibile
833 1341 101 58 est
890 1341 187 58 contraria
1020 1341 158 58 competere

448 1385 123 60 eidem
531 1385 110 60 siue
599 1385 69 60 a
627 1385 82 60 se
668 1385 110 60 siue
736 1385 82 60 ab
777 1385 123 60 alio:
860 1385 96 60 sed
914 1385 192 60 obscuritas
1065 1385 82 60 et
1093 1385 82 60 eui-

446 1431 131 51 dentia
538 1431 105 51 sunt
603 1431 184 51 contraria.
748 1431 79 51 et
787 1431 92 51 per
840 1431 184 51 consequens
984 1431 184 51 formaliter
1115 1431 66 51 re-

445 1473 161 61 pugnant.
566 1473 135 61 igitur
660 1473 108 61 etc.
727 1473 81 61 Si
767 1473 121 61 dicas
848 1473 108 61 quod
915 1473 94 61 non
969 1473 108 61 sunt
1023 1473 148 61 contraria

449 1516 158 65 Contra.
564 1516 158 65 frustra
679 1516 158 65 ponitur
794 1516 130 65 totus
881 1516 187 65 processus
1025 1516 86 65 ad
1054 1516 115 65 saluam

450 1560 108 57 dum
511 1560 108 57 quo
573 1560 200 57 contraria
727 1560 170 57 possunt
850 1560 200 57 competere
1004 1560 154 57 eidem.
1097 1560 77 57 Pre

445 1608 129 63 terea
531 1608 115 63 ille
603 1608 129 63 modus
689 1608 172 63 loquendi
818 1608 101 63 quo
875 1608 158 63 aliquid
990 1608 172 63 conuenit
1105 1608 72 63 ali

447 1648 87 61 cui
496 1648 75 61 ex
534 1648 75 61 se
571 1648 100 61 etc.
633 1648 87 61 non
683 1648 87 61 est
733 1648 149 61 proprius
845 1648 87 61 nec
895 1648 187 61 conueniens:
1044 1648 100 61 quia
1094 1648 87 61 illud

451 1688 141 58 dicitur
554 1688 129 58 alicui
644 1688 167 58 conuenire
773 1688 77 58 ex
811 1688 77 58 se
850 1688 103 58 quod
914 1688 154 58 conuenit
1030 1688 103 58 sibi
1081 1688 103 58 circum

456 1736 153 61 scripto
568 1736 167 61 negatiuo
693 1736 84 61 et
735 1736 181 61 positiuo:
874 1736 98 61 sed
930 1736 98 61 nec
986 1736 167 61 priuatio
1097 1736 84 61 com-

446 1792 125 48 uenit
529 1792 153 48 materie
640 1792 236 48 circumscripta
834 1792 111 48 omni
904 1792 125 48 forma
987 1792 83 48 et
1028 1792 111 48 omni
1084 1792 97 48 priua

457 1825 143 59 tione:
557 1825 100 59 nec
614 1825 100 59 non
672 1825 115 59 esse
744 1825 172 59 creature
873 1825 244 59 circumscripto
1059 1825 115 59 quocum

452 1869 90 65 que
504 1869 103 65 esse
568 1869 77 65 et
607 1869 155 65 nonesse.
723 1869 103 65 vnde
787 1869 103 65 dico
851 1869 103 65 quod
916 1869 142 65 materia
1019 1869 90 65 est
1057 1869 129 65 indiffe-

449 1919 101 56 rens
512 1919 76 56 ad
550 1919 126 56 formam
639 1919 76 56 et
676 1919 202 56 priuationem:
840 1919 101 56 quia
903 1919 164 56 aliquando
1030 1919 88 56 est
1080 1919 88 56 sub
1118 1919 63 56 for

450 1956 81 57 ma:
497 1956 151 57 aliquando
613 1956 81 57 sub
659 1956 174 57 priuatione.
798 1956 69 57 Et
833 1956 116 57 quando
914 1956 104 57 dicis
983 1956 93 57 quod
1041 1956 116 57 quando
1111 1956 69 57 ali-

451 1998 109 56 quid
519 1998 163 56 conuenit
642 1998 136 56 alicui
737 1998 232 56 circumscripto
928 1998 163 56 quocuque
1051 1998 109 56 alio
1105 1998 82 56 con-

458 2043 112 52 uenit
532 2043 99 52 sibi
594 2043 74 52 ex
631 2043 87 52 se.
681 2043 99 52 Dico
743 2043 99 52 quod
805 2043 124 52 quando
892 2043 136 52 aliquid
991 2043 161 52 positiuum
1103 2043 74 52 coue

450 2087 104 57 nit
510 2087 149 57 alicui
614 2087 194 57 quocumque
763 2087 119 57 alio
838 2087 179 57 positiuo
957 2087 224 57 circunscripto

461 2129 112 61 tunc
531 2129 127 61 illud
616 2129 155 61 couenit
728 2129 112 61 sibi
798 2129 84 61 ex
841 2129 84 61 se
883 2129 84 61 et
925 2129 98 61 non
981 2129 84 61 ab
1023 2129 127 61 alio.
1094 2129 84 61 Exem

461 2178 119 57 plum.
540 2178 171 57 rationale
672 2178 158 57 conuenit
790 2178 119 57 homin
870 2178 224 57 circumscripto
1054 2178 105 57 omni
1107 2178 79 57 posi

471 2219 105 47 tiuo:
541 2219 93 47 ideo
600 2219 152 47 rationale
716 2219 128 47 couenit
810 2219 93 47 sibi
868 2219 70 47 ex
903 2219 82 47 se.
950 2219 152 47 similiter
1066 2219 70 47 si
1101 2219 82 47 sit
1136 2219 47 47 ne

464 2261 150 60 gatiuum
574 2261 82 60 et
615 2261 150 60 couenit
724 2261 150 60 alicui:
834 2261 82 60 si
875 2261 178 60 conueniat
1011 2261 109 60 sibi
1066 2261 123 60 circum-

461 2306 157 67 scripto
575 2306 186 67 quocumque
718 2306 186 67 negatiuo:
861 2306 114 67 tunc
933 2306 172 67 conuenit
1061 2306 86 67 ei
1104 2306 86 67 ex
1133 2306 57 67 se

460 2357 126 50 sicut
544 2357 154 50 negatio
656 2357 154 50 couenit
768 2357 196 50 priuationi
923 2357 238 50 circumscripta
1105 2357 84 50 omni

461 2396 101 50 alia
524 2396 164 50 negatione
651 2396 76 50 ab
688 2396 101 50 ipsa
751 2396 189 50 priuatione.
903 2396 101 50 ideo
966 2396 151 50 conuenit
1079 2396 101 50 sibi
1130 2396 50 50 ex

465 2440 72 57 se
501 2440 72 57 et
537 2440 84 57 non
585 2440 108 57 debet
658 2440 132 57 concedi
754 2440 96 57 quod
814 2440 132 57 negatio
910 2440 156 57 conueniat
1031 2440 120 57 alicui
1115 2440 72 57 ex
1139 2440 48 57 se

458 2484 85 57 si
500 2484 199 57 conueniret
657 2484 114 57 sibi
728 2484 241 57 circumscripto
926 2484 185 57 quocumque
1054 2484 142 57 positiuo

467 2539 78 51 et
506 2539 104 51 tunc
571 2539 104 51 dico
637 2539 104 51 quod
702 2539 222 51 circumscripta
885 2539 65 51 a
911 2539 144 51 materia
1015 2539 183 51 quaecunque
1146 2539 52 51 ne

468 2585 135 50 gatione
566 2585 148 50 priuatio
677 2585 86 50 non
726 2585 172 50 conueniret
861 2585 111 50 sibi:
935 2585 98 50 quia
996 2585 98 50 tunc
1045 2585 148 50 circumscra

460 2618 158 74 beretur
575 2618 158 74 puatio.
690 2618 101 74 nec
747 2618 101 74 non
805 2618 115 74 esse
877 2618 173 74 creature
1006 2618 173 74 conuenit
1121 2618 72 74 cir

1277 224 155 69 cumscripta
1399 224 155 69 quaecunque
1521 224 155 69 negatione.
1643 224 144 69 similiter
1753 224 122 69 dicitur
1842 224 89 69 quod
1897 224 100 69 fides
1953 224 44 69 ex

1272 288 109 51 visio
1344 288 109 51 clara
1417 288 84 51 non
1465 288 193 51 compatiuntur
1622 288 72 51 se
1658 288 121 51 simul:
1743 288 97 51 quia
1803 288 97 51 sunt
1851 288 133 51 contrarie

1261 329 232 53 excellentiis
1449 329 87 53 et
1493 329 102 53 non
1551 329 87 53 in
1594 329 174 53 gradibus
1725 329 174 53 remissis
1855 329 116 53 quae
1913 329 87 53 pos-

1261 373 108 49 sunt
1329 373 122 49 simul
1410 373 122 49 stare
1491 373 68 49 â‹
1518 373 149 49 Contra.
1626 373 176 49 assumptum
1761 373 95 49 est
1815 373 149 49 falsum:
1910 373 81 49 quia

1263 422 189 48 contraria
1409 422 232 48 compatiuntur
1598 422 87 48 se
1641 422 87 48 in
1685 422 174 48 gradibus
1816 422 174 48 remissis
1932 422 58 48 et

1267 467 99 44 non
1323 467 85 44 in
1366 467 113 44 suis
1436 467 240 44 excellentiis:
1634 467 99 44 ita
1690 467 113 44 quod
1761 467 127 44 eadem
1846 467 113 44 pars
1902 467 99 44 nume-

1265 513 76 46 ro
1303 513 140 46 dicetur
1405 513 114 46 simul
1481 513 127 46 calida
1570 513 76 46 et
1609 513 153 46 frigida:
1723 513 102 46 quia
1787 513 203 46 contrarietas
1939 513 51 46 re

1262 549 209 54 pugnantia
1423 549 209 54 oppositio
1584 549 129 54 sunt
1665 549 209 54 passiones
1810 549 177 54 conuenien

1260 603 107 44 tes
1321 603 153 44 alicui
1428 603 183 44 subiecto
1565 603 153 44 primo.
1672 603 92 44 et
1718 603 199 44 competunt
1856 603 137 44 omnibus

1264 640 177 53 contentis
1400 640 95 53 sub
1455 640 109 53 illo
1523 640 163 53 subiecto
1645 640 95 53 per
1700 640 122 53 illud
1781 640 190 53 subiectum:
1917 640 82 53 quia

1271 681 141 50 quero
1365 681 109 50 aut
1428 681 125 50 iste
1506 681 203 50 passiones
1662 681 219 50 conueniunt
1818 681 172 50 speciebus

1268 725 152 55 primo:
1374 725 106 55 aut
1435 725 213 55 indiuiduis
1602 725 197 55 contentis
1754 725 106 55 sub
1815 725 152 55 specie
1906 725 91 55 pri-

1263 776 92 49 mo.
1315 776 79 49 si
1355 776 118 49 primo
1434 776 118 49 modo:
1513 776 105 49 tunc
1579 776 211 49 quandocumque
1750 776 132 49 aliqua
1842 776 132 49 passio
1921 776 79 49 con-

1270 813 107 53 uenit
1341 813 119 53 alicui
1424 813 142 53 communi:
1531 813 142 53 conuenit
1638 813 95 53 omni
1697 813 130 53 cotento
1792 813 83 53 sub
1839 813 95 53 illo
1886 813 107 53 communi

1257 856 127 52 patet
1342 856 99 52 per
1398 856 99 52 se.
1455 856 99 52 sed
1512 856 184 52 passiones
1653 856 170 52 predicte
1781 856 184 52 coueniunt
1908 856 85 52 spe-

1274 904 103 51 ciei
1339 904 142 51 caloris
1442 904 103 51 etc.
1506 904 129 51 igitur
1597 904 168 51 competunt
1726 904 129 51 calori
1816 904 77 51 in
1855 904 103 51 omni
1907 904 77 51 gra-

1271 943 78 58 du
1310 943 142 58 intenso
1413 943 78 58 et
1452 943 155 58 remisso.
1569 943 78 58 si
1608 943 142 58 secundo
1711 943 117 58 modo:
1789 943 91 58 hoc
1841 943 129 58 nullus
1918 943 78 58 con-

1278 991 107 54 cedit
1350 991 95 54 quod
1409 991 143 54 scilicet
1516 991 107 54 inter
1588 991 107 54 istum
1659 991 131 54 calorem
1755 991 71 54 et
1790 991 107 54 istud
1862 991 119 54 frigus
1933 991 60 54 sit

1267 1029 128 57 primo
1352 1029 213 57 repugnantia
1522 1029 85 57 et
1565 1029 199 57 oppositio:
1721 1029 114 57 quia
1792 1029 114 57 tunc
1863 1029 99 57 non
1906 1029 99 57 esset

1267 1075 123 53 inter
1350 1075 123 53 alium
1432 1075 151 53 calorem
1542 1075 82 53 et
1583 1075 137 53 frigus
1679 1075 110 53 nisi
1747 1075 206 53 mediantibus
1898 1075 96 53 istis

1270 1125 109 48 quod
1339 1125 136 48 nullus
1434 1125 136 48 dicit.
1529 1125 109 48 Item
1598 1125 164 48 quicquid
1720 1125 164 48 competit
1843 1125 95 48 vni
1884 1125 109 48 indiui

1272 1165 92 53 duo
1324 1165 132 53 potest
1417 1165 119 53 simul
1496 1165 171 53 competere
1627 1165 105 53 omni
1693 1165 171 53 indiuiduo
1825 1165 145 53 eiusdem
1917 1165 79 53 rati

1267 1210 128 51 onis:
1352 1210 100 51 ita
1409 1210 114 51 quod
1480 1210 100 51 non
1537 1210 171 51 repugnat
1665 1210 114 51 sibi
1737 1210 171 51 couenire
1865 1210 114 51 omni
1922 1210 71 51 al-

1262 1249 112 60 teri
1332 1249 182 60 indiuiduo
1472 1249 154 60 eiusdem
1584 1249 182 60 rationis.
1725 1249 182 60 Exemplum.
1865 1249 84 60 si
1893 1249 112 60 sortes

1269 1295 120 56 potest
1353 1295 96 56 esse
1413 1295 108 56 pater
1484 1295 84 56 non
1532 1295 144 56 repugnat
1640 1295 120 56 alicui
1724 1295 108 56 homin
1796 1295 96 56 quin
1855 1295 120 56 potest
1927 1295 72 56 esse

1271 1341 152 56 pater.
1377 1341 91 56 si
1423 1341 152 56 calori
1529 1341 167 56 remisso
1650 1341 106 56 non
1711 1341 182 56 repugnat
1847 1341 152 56 frigus
1938 1341 61 56 in

1269 1385 132 54 gradu
1357 1385 176 54 remisso.
1489 1385 147 54 igitur
1592 1385 103 54 non
1651 1385 176 54 repugnat
1783 1385 117 54 sibi
1856 1385 88 54 in
1885 1385 103 54 gradu

1262 1424 144 57 summo:
1363 1424 115 57 quia
1435 1424 144 57 frigus
1536 1424 87 57 in
1579 1424 144 57 infimo
1680 1424 87 57 et
1723 1424 87 57 in
1766 1424 130 57 summo
1853 1424 101 57 est
1896 1424 101 57 eius-

1266 1463 105 64 dem
1326 1463 196 64 rationis.
1477 1463 90 64 et
1522 1463 136 64 eodem
1612 1463 121 64 modo
1688 1463 166 64 frigori
1808 1463 90 64 in
1853 1463 136 64 summo
1929 1463 75 64 non

1258 1512 233 57 repugnabit
1442 1512 150 57 calor
1542 1512 100 57 in
1592 1512 167 57 summo.
1708 1512 133 57 ergo
1791 1512 117 57 nec
1858 1512 100 57 in
1891 1512 117 57 infi-

1279 1557 100 53 mo:
1336 1557 114 53 quia
1407 1557 129 53 calor
1493 1557 86 53 in
1536 1557 143 53 infimo
1636 1557 86 53 et
1679 1557 86 53 in
1722 1557 129 53 summo
1808 1557 114 53 sunt
1865 1557 129 53 eiusdem

1277 1602 192 50 rationis.
1425 1602 118 50 Item
1499 1602 133 50 forma
1587 1602 177 50 inherens
1720 1602 177 50 subiecto
1838 1602 162 50 denominat

1269 1651 123 48 illud
1351 1651 191 48 subiectum:
1501 1651 96 48 ita
1556 1651 109 48 quod
1624 1651 82 48 si
1665 1651 96 48 sit
1720 1651 123 48 forma
1802 1651 164 48 perfecta
1911 1651 82 48 deno

1280 1687 116 57 minat
1357 1687 167 57 perfecte:
1486 1687 77 57 si
1524 1687 180 57 imperfecta
1666 1687 193 57 imperfecte.
1820 1687 77 57 Si
1859 1687 129 57 igitur
1936 1687 64 57 ca-

1275 1736 102 60 lor
1334 1736 88 60 et
1378 1736 146 60 frigus
1480 1736 88 60 in
1523 1736 175 60 gradibus
1655 1736 175 60 remissis
1786 1736 117 60 sunt
1859 1736 131 60 simul
1932 1736 58 60 it

1270 1786 140 47 eodem:
1368 1786 112 47 idem
1438 1786 98 47 est
1495 1786 126 47 simul
1579 1786 154 47 calidum
1691 1786 84 47 et
1733 1786 154 47 frigidu
1846 1786 98 47 non
1902 1786 84 47 in
1930 1786 70 47 sum

1281 1831 116 46 modo.
1358 1831 103 46 Item
1423 1831 77 46 si
1462 1831 90 46 sic
1513 1831 206 46 compatiuntur
1681 1831 77 46 se
1719 1831 90 46 ita
1771 1831 103 46 quod
1835 1831 129 46 summum
1913 1831 90 46 vnius

1269 1864 206 54 compatitur
1431 1864 132 54 secum
1519 1864 177 54 remissum
1652 1864 177 54 alterius
1784 1864 132 54 sicut
1873 1864 132 54 calor
1946 1864 59 54 in

1265 1914 143 54 summo
1360 1914 222 54 compatitur
1535 1914 143 54 secum
1631 1914 159 54 frigus
1742 1914 95 54 in
1789 1914 175 54 infimo:
1901 1914 95 54 tunc

1273 1961 135 47 actus
1363 1961 195 47 diligendi
1513 1961 120 47 deum
1588 1961 135 47 super
1678 1961 135 47 omnia
1768 1961 90 47 et
1813 1961 135 47 actus
1888 1961 105 47 odier

1274 1993 85 54 di
1316 1993 114 54 deum
1388 1993 85 54 in
1430 1993 128 54 gradu
1516 1993 157 54 remisso
1630 1993 157 54 possent
1744 1993 128 54 simul
1829 1993 142 54 stare.
1915 1993 85 54 quod

1273 2049 165 49 videtur
1393 2049 90 49 ab
1438 2049 150 49 surdum
1543 2049 75 49 â‹
1573 2049 120 49 Ideo
1648 2049 120 49 dico
1723 2049 120 49 quod
1783 2049 210 49 compossibili

1281 2081 87 64 tas
1330 2081 136 64 istorum
1429 2081 124 64 potest
1516 2081 161 64 intelligi
1640 2081 198 64 tripliciter.
1801 2081 87 64 vno
1850 2081 99 64 modo
1900 2081 99 64 quantu

1276 2128 83 62 ad
1318 2128 152 62 habitum
1428 2128 124 62 vnius
1511 2128 83 62 et
1552 2128 110 62 actu
1621 2128 180 62 alterius.
1759 2128 110 62 alio
1829 2128 110 62 modo
1884 2128 124 62 quantum

1274 2172 84 56 ad
1316 2172 125 56 actum
1400 2172 195 56 vtriusque.
1553 2172 139 56 tertio
1650 2172 112 56 modo
1720 2172 153 56 quantum
1832 2172 84 56 ad
1860 2172 139 56 habitus.

1278 2224 74 50 â‹
1308 2224 162 50 Quantum
1426 2224 89 50 ad
1470 2224 148 50 primum
1574 2224 118 50 dico
1648 2224 222 50 generaliter
1825 2224 118 50 quod
1884 2224 118 50 nullus

1275 2259 139 58 actus
1367 2259 185 58 repugnat
1506 2259 185 58 habitui:
1645 2259 93 58 et
1691 2259 123 58 ideo
1768 2259 139 58 actus
1861 2259 139 58 fidei
1938 2259 62 58 po

1274 2303 103 62 test
1339 2303 116 62 stare
1416 2303 90 62 cum
1468 2303 103 62 actu
1532 2303 155 62 scientie
1648 2303 77 62 et
1687 2303 116 62 clare
1765 2303 168 62 visionis:
1894 2303 103 62 quia
1945 2303 52 62 no

1285 2348 97 57 est
1341 2348 125 57 maior
1424 2348 209 57 repugnantia
1591 2348 125 57 inter
1674 2348 111 57 ista
1744 2348 97 57 nec
1799 2348 125 57 talia
1883 2348 111 57 quam
1938 2348 70 57 est

1285 2395 128 48 inter
1370 2395 128 48 actum
1455 2395 156 48 errandi
1569 2395 85 48 et
1612 2395 156 48 habitum
1726 2395 171 48 scientie
1854 2395 128 48 circa
1925 2395 71 48 ean

1284 2435 90 57 dem
1336 2435 206 57 conclusione.
1503 2435 167 57 similiter
1632 2435 142 57 habitum
1735 2435 193 57 temperantie
1889 2435 77 57 et
1915 2435 90 57 actum

1278 2484 291 52 intemperantie:
1520 2484 113 52 sed
1585 2484 113 52 non
1650 2484 194 52 includit
1779 2484 226 52 contradictio

1271 2524 100 59 nem
1328 2524 114 59 quod
1399 2524 171 59 respectu
1528 2524 157 59 eiusdem
1642 2524 100 59 sit
1699 2524 129 59 actus
1785 2524 171 59 scientie
1913 2524 86 59 et
1942 2524 57 59 ha

1277 2575 124 58 bitus
1360 2575 151 58 errandi
1470 2575 179 58 similiter
1607 2575 151 58 habitus
1717 2575 206 58 temperantie
1882 2575 83 58 et
1910 2575 96 58 actus

1278 2622 239 66 intemperantie.
1477 2622 133 66 igitur
1570 2622 106 66 etc.
1637 2622 173 66 Assumptum
1770 2622 133 66 patet:
1863 2622 106 66 quia
1916 2622 93 66 pona
