2253 3069
446 186 144 81 istarum
551 186 171 81 virtutum.
682 186 118 81 Utrum
761 186 118 81 fides
840 186 118 81 prima
918 186 144 81 species
1023 186 144 81 secunda
1115 186 66 81 ca-

450 247 108 53 ritas
522 247 132 53 tertia.
618 247 96 53 quod
677 247 132 53 caritas
773 247 84 53 sit
821 247 108 53 prior
893 247 132 53 specie.
989 247 156 53 probatur:
1096 247 72 53 quia

447 295 117 51 actus
525 295 168 51 caritatis
654 295 91 51 est
706 295 117 51 prior
784 295 104 51 actu
848 295 155 51 speciei.
965 295 129 51 igitur
1055 295 104 51 etc.
1107 295 65 51 ma-

443 342 93 48 ior
496 342 133 48 patet:
589 342 107 48 quia
656 342 120 48 actus
736 342 173 48 caritatis
869 342 93 48 est
922 342 173 48 diligere:
1055 342 80 48 et
1082 342 93 48 actus

441 379 150 62 speciei
551 379 96 62 est
605 379 205 62 desiderare:
769 379 96 62 sed
824 379 164 62 dilectio
947 379 164 62 precedit
1056 379 109 62 deside

452 420 121 55 rium.
532 420 174 55 Sppositum
666 420 121 55 tamen
746 420 147 55 videtur
853 420 107 55 quod
920 420 147 55 aliquis
1028 420 134 55 potest
1108 420 67 55 ha-

449 465 101 60 bere
512 465 138 60 speciem
613 465 101 60 sine
676 465 151 60 caritate
789 465 75 60 et
827 465 88 60 non
877 465 176 60 econuerso.
1015 465 126 60 igitur
1091 465 75 60 etc.

446 508 70 54 ⁋
474 508 155 54 Tertium
587 508 141 54 dubium
685 508 112 54 est.
755 508 127 54 vtrum
840 508 183 54 corruptis
980 508 183 54 habitibus
1107 508 56 54 in

450 558 134 56 fusis
539 558 164 56 possunt
659 558 164 56 habitus
778 558 194 56 naturales
927 558 194 56 remanere.
1061 558 104 56 proba

453 599 84 54 tur
501 599 95 54 quod
560 599 84 54 no:
608 599 95 54 quia
668 599 155 54 destructa
787 599 143 54 caritate
895 599 84 54 non
942 599 119 54 potest
1026 599 131 54 aliquis
1109 599 72 54 deum

440 636 130 69 diligem
535 636 106 69 super
605 636 118 69 omnia:
688 636 94 69 ergo
747 636 94 69 etc.
806 636 71 69 et
841 636 106 69 eodem
912 636 94 69 modo
971 636 71 69 de
1006 636 118 69 aliis.
1088 636 59 69 ⁋
1100 636 71 69 Quar

449 689 91 54 tum
501 689 130 54 dubium
592 689 91 54 est
643 689 78 54 de
682 689 104 54 fide
747 689 143 54 infusa.
851 689 143 54 videtur
955 689 104 54 quod
1019 689 91 54 non
1071 689 91 54 sit
1110 689 65 54 vna

452 728 156 60 respectu
569 728 130 60 omnium
660 728 208 60 reuelatorum:
830 728 104 60 quia
895 728 91 60 est
947 728 78 60 de
986 728 104 60 illo
1038 728 130 60 complexo

440 781 156 50 tanquam
553 781 128 50 primo
639 781 170 50 obiecto.
766 781 85 50 Se
809 781 185 50 reuelatum
951 781 71 50 a
979 781 99 50 deo
1036 781 114 50 etc.
1093 781 85 50 quia

447 817 99 64 tunc
509 817 87 64 non
558 817 124 64 potest
645 817 136 64 aliquis
744 817 87 64 per
794 817 112 64 fidem
868 817 136 64 infusam
967 817 161 64 assentire
1079 817 99 64 alicui

452 862 156 56 articulo
569 862 78 56 in
608 862 156 56 spaciali
726 862 104 56 puta
791 862 104 56 huic
856 862 104 56 deus
921 862 91 56 est
973 862 130 56 trinus
1065 862 78 56 et
1091 862 78 56 vnus

447 901 106 59 nisi
513 901 120 59 primo
593 901 173 59 assentiat
726 901 106 59 huic
792 901 106 59 omne
858 901 173 59 reuelatum
991 901 106 59 etc.
1058 901 106 59 quod
1111 901 66 59 fal

453 951 79 54 sum
498 951 136 54 videtur:
600 951 91 54 quia
657 951 114 54 posito
737 951 91 54 quod
793 951 216 54 propositionatur
975 951 91 54 sibi
1032 951 91 54 iste
1077 951 91 54 articu

449 996 100 58 lus
506 996 114 58 deus
577 996 100 58 est
635 996 143 58 trinus
735 996 86 58 et
778 996 129 58 vnus:
863 996 86 58 et
906 996 100 58 non
964 996 157 58 cogitet
1078 996 86 58 de
1107 996 72 58 hoc

447 1046 151 47 complexo
561 1046 101 47 omne
624 1046 164 47 reuelatum
750 1046 101 47 etc.
813 1046 113 47 adhuc
888 1046 126 47 potest
976 1046 88 47 per
1027 1046 113 47 fidem
1090 1046 88 47 infu-

446 1080 98 55 sam
502 1080 181 55 assentire
641 1080 112 55 huic
711 1080 168 55 articulo
837 1080 112 55 deus
907 1080 98 55 est
963 1080 140 55 trinus
1060 1080 84 55 et
1088 1080 84 55 vnus

453 1121 119 55 igitur
536 1121 95 55 etc.
596 1121 95 55 Item
655 1121 95 55 tunc
715 1121 107 55 fidei
786 1121 119 55 infuse
869 1121 143 55 subesset
976 1121 131 55 falsum:
1071 1121 95 55 quia
1119 1121 59 55 hoc

447 1174 89 48 est
498 1174 177 48 contingens
637 1174 101 48 omne
700 1174 164 48 reuelatum
827 1174 101 48 etc.
890 1174 101 48 quia
953 1174 101 48 ante
1004 1174 164 48 reuelatioem

443 1214 81 53 fuit
493 1214 101 53 falsa.
564 1214 101 53 igitur
634 1214 60 53 et
664 1214 81 53 nunc
715 1214 70 53 est
755 1214 151 53 contingens.
876 1214 60 53 et
906 1214 70 53 per
946 1214 141 53 consequens
1057 1214 101 53 potest
1118 1214 60 53 esse

444 1258 132 59 falsa:
536 1258 79 59 et
576 1258 119 59 fides
655 1258 132 59 infusa
747 1258 132 59 potest
839 1258 132 59 manere
931 1258 92 59 per
984 1258 171 59 potentiam
1102 1258 66 59 di-

452 1298 131 58 uinam.
544 1298 131 58 igitur
636 1298 118 58 fidei
714 1298 131 58 potest
806 1298 144 58 subesse
911 1298 144 58 falsum.
1016 1298 66 58 ⁋
1043 1298 118 58 Aliud
1108 1298 66 58 du-

453 1344 85 57 bium
507 1344 75 57 est
549 1344 64 57 de
582 1344 75 57 hoc
624 1344 85 57 quod
678 1344 118 57 dicitur
763 1344 85 57 quod
817 1344 139 57 contraria
923 1344 75 57 non
966 1344 171 57 compatiuntur
1105 1344 64 57 se
1126 1344 43 57 in

449 1390 124 56 actibus
539 1390 146 56 remissis:
651 1390 90 56 quia
708 1390 135 56 secundum
809 1390 180 56 philosophum.
955 1390 79 56 vi.
1000 1390 158 56 phisicorum
1113 1390 68 56 omne

445 1435 115 57 quod
516 1435 158 57 mouetur
631 1435 129 57 parti
717 1435 100 57 est
774 1435 86 57 in
818 1435 158 57 termino
932 1435 72 57 a
961 1435 115 57 quo:
1033 1435 86 57 et
1061 1435 115 57 partim

446 1478 78 50 in
485 1478 131 50 terimo
577 1478 78 50 ad
616 1478 118 50 quem.
694 1478 131 50 igitur
786 1478 78 50 si
825 1478 144 50 aliquid
930 1478 144 50 mouetur
1034 1478 78 50 ab
1060 1478 118 50 albedi-

452 1531 87 46 ne
495 1531 87 46 in
538 1531 202 46 nigredinem
697 1531 144 46 partim
798 1531 101 46 est
856 1531 87 46 in
899 1531 173 46 albedine
1030 1531 87 46 et
1058 1531 116 46 partim

451 1571 91 50 in
496 1571 196 50 nigredine
647 1571 75 50 ⁋
677 1571 106 50 Ite
738 1571 121 50 tunc
813 1571 136 50 esset
903 1571 121 50 dare
979 1571 151 50 primam
1069 1571 106 50 muta-

448 1610 115 54 tionem
529 1610 104 54 motus
598 1610 219 54 infrigidationis
783 1610 92 54 quod
841 1610 81 54 est
887 1610 92 54 conm
945 1610 185 54 philosophum.
1095 1610 81 54 vi.
1129 1610 58 54 phi

452 1655 156 59 sicorum
565 1655 128 59 sicut
650 1655 99 59 nec
707 1655 99 59 est
764 1655 113 59 dare
835 1655 142 59 primam
934 1655 199 59 mutationem
1076 1655 99 59 motus

456 1701 240 54 remissionis.
651 1701 75 54 ⁋
681 1701 120 54 Item
756 1701 135 54 agens
845 1701 180 54 naturale
980 1701 105 54 non
1025 1701 150 54 destruit

446 1743 96 51 nec
501 1743 165 51 remittit
625 1743 151 51 calorem
735 1743 110 51 nisi
804 1743 179 51 causando:
942 1743 151 51 aliquid
1038 1743 138 51 incompos

464 1786 115 52 sibile
544 1786 126 52 calori.
636 1786 115 52 igitur
716 1786 92 52 etc.
774 1786 57 52 ⁋
797 1786 103 52 Istem
865 1786 69 52 ad
900 1786 115 52 sensum
980 1786 103 52 patet
1049 1786 115 52 quando
1118 1786 69 52 aqua

451 1839 159 47 calesit
566 1839 188 47 inducitur
710 1839 130 47 calor
797 1839 101 47 non
855 1839 159 47 expulsa
970 1839 116 47 tota
1028 1839 159 47 frigidita

458 1879 87 43 te:
507 1879 99 43 quia
569 1879 136 43 aliquis
668 1879 112 43 simul
743 1879 74 43 et
780 1879 112 43 semel
854 1879 124 43 potest
941 1879 136 43 sentire
1040 1879 74 43 in
1077 1879 99 43 aqua
1127 1879 62 43 ca-

461 1921 164 58 liditatem
587 1921 76 58 et
625 1921 214 58 frigiditatem.
802 1921 63 58 ⁋
827 1921 76 58 Ad
865 1921 126 58 primum
953 1921 139 58 istorum
1054 1921 101 58 dico
1104 1921 76 58 quod

461 1965 189 49 assumptum
607 1965 102 49 non
665 1965 102 49 est
724 1965 131 49 verum
811 1965 117 49 nisi
884 1965 87 49 de
928 1965 189 49 habitibus
1059 1965 131 49 natura-

455 2004 125 49 liter
539 2004 195 49 acquisitis
691 2004 125 49 tales
775 2004 97 49 duo
830 2004 97 49 non
886 2004 167 49 ponuntur
1011 2004 83 49 in
1053 2004 125 49 eadem
1122 2004 56 49 po

454 2047 112 51 tentia
532 2047 112 51 rectum
610 2047 123 51 eiusdem
700 2047 112 51 actus:
778 2047 78 51 sed
823 2047 67 51 si
857 2047 90 51 vnus
913 2047 78 51 sit
957 2047 157 51 acquisitus
1080 2047 67 51 et
1103 2047 78 51 alius

455 2095 141 51 infusus
558 2095 102 51 tunc
621 2095 141 51 possunt
724 2095 102 51 esse
788 2095 90 51 duo
839 2095 153 51 respectu
954 2095 141 51 eiusdem
1056 2095 115 51 actus
1120 2095 64 51 sic

465 2140 93 53 est
518 2140 79 53 in
557 2140 172 53 proposito
690 2140 79 53 de
730 2140 106 53 fide
796 2140 132 53 infusa
888 2140 79 53 et
928 2140 172 53 acquisita
1061 2140 79 53 et
1100 2140 93 53 spe
1140 2140 53 53 et

477 2180 167 55 caritate.
606 2180 64 55 ⁋
631 2180 77 55 Ad
670 2180 116 55 aliud
747 2180 103 55 dico
811 2180 103 55 quod
875 2180 116 55 simul
952 2180 205 55 infunduntur:
1106 2180 90 55 tamen

464 2224 140 52 species
566 2224 89 52 est
617 2224 115 52 prior
693 2224 127 52 ordine
783 2224 127 52 nature
872 2224 102 52 ipsa
935 2224 166 52 caritate.
1063 2224 76 52 et
1088 2224 102 52 quando

473 2276 82 48 di
514 2276 96 48 cis
569 2276 110 48 quod
638 2276 123 48 actus
720 2276 206 48 dilectionis
884 2276 110 48 etc.
953 2276 110 48 Dico
1022 2276 110 48 quod
1076 2276 110 48 duplex

473 2320 100 52 est
530 2320 114 52 amor
601 2320 85 52 et
644 2320 100 52 ita
701 2320 142 52 duplex
800 2320 100 52 est
857 2320 142 52 actus.
957 2320 100 52 est
1014 2320 114 52 enim
1085 2320 114 52 amor
1142 2320 57 52 a-

475 2357 162 55 micitie
593 2357 89 55 et
638 2357 118 55 amor
712 2357 281 55 concupiscentie:
948 2357 103 55 sed
1007 2357 133 55 actus
1081 2357 118 55 amoris

469 2402 185 50 amicitie
607 2402 231 50 presupponit
792 2402 139 50 actum
884 2402 154 50 amoris
977 2402 215 50 concupiscen-

467 2449 112 53 tie.
537 2449 70 53 ⁋
565 2449 84 53 Ad
607 2449 126 53 aliud
690 2449 112 53 pico
760 2449 112 53 quod
830 2449 154 53 habitus
942 2449 181 53 naturales
1067 2449 126 53 possunt

465 2486 170 51 remanere
593 2486 199 51 destructis
749 2486 185 51 habitibus
891 2486 170 51 infusis.
1019 2486 128 51 tamen
1090 2486 99 51 diuer

473 2533 138 51 simode
570 2533 96 51 est
625 2533 165 51 dicendum
749 2533 83 51 de
790 2533 138 51 illis:
886 2533 110 51 quia
955 2533 151 51 habitus
1052 2533 151 51 naturalis

470 2576 243 63 correspondens
670 2576 172 63 caritati
799 2576 143 63 potest
899 2576 143 63 manere
999 2576 186 63 destructa
1128 2576 72 63 ca

1246 190 142 61 ritate
1345 190 85 61 de
1388 190 170 61 potentia
1515 190 99 61 dei
1572 190 184 61 absoluta.
1714 190 99 61 non
1770 190 128 61 tamen
1855 190 85 61 de
1884 190 113 61 poten-

1267 243 87 48 tia
1316 243 87 48 dei
1366 243 162 48 ordinata:
1491 243 100 48 quia
1554 243 100 48 deus
1616 243 162 48 ordinauit
1741 243 100 48 quod
1804 243 125 48 quando
1879 243 112 48 aliquis

1257 281 140 57 diligit
1359 281 89 57 eum
1410 281 115 57 super
1487 281 115 57 omnia
1564 281 102 57 quod
1628 281 102 57 tunc
1691 281 153 57 mereatur
1806 281 128 57 habere
1883 281 115 57 carita-

1263 326 86 53 tem
1312 326 74 53 et
1349 326 99 53 deus
1411 326 99 53 sibi
1472 326 160 53 infundit.
1596 326 86 53 sed
1645 326 123 53 fides.
1731 326 160 53 acquisita
1854 326 74 53 et
1879 326 111 53 species

1261 368 157 59 possunt
1375 368 114 59 vere
1446 368 142 59 manere
1546 368 114 59 sine
1617 368 171 59 infusis:
1745 368 114 59 quia
1816 368 100 59 ita
1859 368 128 59 intense

1264 411 137 61 potest
1360 411 110 61 vnus
1429 411 178 61 infidelis
1566 411 151 61 credere
1676 411 123 61 sicut
1758 411 110 61 vnus
1813 411 178 61 christianus

1267 457 127 52 secundum
1363 457 95 52 fidem
1426 457 159 52 acquisitam:
1553 457 74 52 non
1595 457 95 52 tamen
1659 457 85 52 deum
1712 457 127 52 diligere
1807 457 95 52 super
1870 457 95 52 omnia
1923 457 74 52 nisi-

1266 499 124 52 habeat
1352 499 161 52 caritatem
1476 499 74 52 et
1514 499 124 52 fidem:
1600 499 99 52 quia
1662 499 112 52 simul
1737 499 198 52 infunduntur.
1898 499 74 52 et
1923 499 74 52 ideo

1261 546 119 50 licet
1340 546 106 50 ille
1406 546 172 50 infidelis
1538 546 132 50 habeat
1631 546 119 50 fidem
1710 546 185 50 acquisitam
1855 546 92 50 non
1895 546 92 50 tamen

1267 591 168 65 infusam.
1393 591 70 65 ⁋
1421 591 84 65 Ad
1462 591 126 65 aliud
1546 591 154 65 concedo
1658 591 112 65 quod
1728 591 98 65 non
1784 591 140 65 potest
1867 591 126 65 credere

1270 638 149 46 aliquem
1379 638 189 46 articulum:
1527 638 108 46 nisi
1595 638 122 46 primo
1676 638 135 46 credat
1770 638 122 46 istum
1851 638 108 46 omne
1905 638 95 46 reue-

1264 677 109 52 latu
1332 677 109 52 etc.
1400 677 95 52 vel
1455 677 109 52 vnam
1523 677 218 52 equiualentem
1699 677 204 52 virtualiter
1863 677 109 52 tali
1917 677 68 52 pro

1265 721 184 59 positioni:
1409 721 105 59 puta
1475 721 105 59 nisi
1541 721 131 59 credat
1633 721 118 59 istam
1711 721 92 59 vel
1764 721 118 59 illam
1843 721 118 59 omnia
1908 721 79 59 sunt

1270 763 103 54 vera
1334 763 103 54 quae
1399 763 154 54 reuelata
1514 763 103 54 sunt
1579 763 90 54 vel
1630 763 103 54 nisi
1694 763 129 54 credat
1784 763 116 54 omnia
1861 763 103 54 quae
1913 763 77 54 cre-

1256 809 95 56 dit
1311 809 176 56 ecclesia.
1446 809 81 56 Ad
1487 809 122 56 aliud
1568 809 108 56 dico
1636 809 108 56 quod
1704 809 122 56 licet
1785 809 95 56 hec
1825 809 163 56 propositio

1262 859 169 49 aliquando
1392 859 104 49 fuit
1457 859 117 49 falsa
1535 859 104 49 omne
1600 859 169 49 reuelatum
1731 859 104 49 etc.
1796 859 117 49 tamen
1874 859 104 49 post
1926 859 65 49 re-

1261 902 203 51 uelationem
1420 902 102 51 non
1478 902 102 51 est
1536 902 189 51 possibile
1681 902 189 51 assignare
1826 902 160 51 aliquem
1928 902 73 51 ar-

1264 952 157 45 ticulum
1378 952 86 45 ad
1421 952 114 45 quem
1492 952 114 45 tunc
1564 952 100 45 non
1621 952 171 45 inclinet
1749 952 129 45 fides
1835 952 143 45 infusa
1921 952 57 45 ie

1254 991 122 51 sibi
1330 991 106 51 non
1391 991 152 51 potest
1497 991 167 51 subesse
1619 991 167 51 falsum.
1741 991 76 51 ⁋
1771 991 91 51 Ad
1817 991 137 51 aliud
1893 991 91 51 dico

1270 1033 91 54 quod
1327 1033 172 54 philosophus
1464 1033 137 54 loquitur
1567 1033 69 54 de
1601 1033 91 54 motu
1658 1033 114 54 locali
1738 1033 69 54 et
1773 1033 80 54 ibi
1818 1033 103 54 verum
1887 1033 80 54 est
1921 1033 69 54 quod

1269 1083 104 46 omne
1334 1083 104 46 quod
1399 1083 142 46 mouetur
1502 1083 117 46 parti
1580 1083 91 46 est
1632 1083 78 46 in
1670 1083 142 46 termino
1774 1083 65 46 a
1800 1083 91 46 quo
1852 1083 78 46 et
1890 1083 78 46 in
1916 1083 65 46 per

1270 1116 87 55 te
1313 1116 159 55 spacii:
1428 1116 87 55 et
1472 1116 130 55 parti
1558 1116 87 55 iu
1601 1116 159 55 termino
1717 1116 87 55 ad
1760 1116 115 55 quem
1832 1116 101 55 hoc
1890 1116 101 55 est
1933 1116 58 55 in

1266 1160 113 59 alia
1336 1160 127 59 parte
1421 1160 155 59 spacii.
1534 1160 71 59 ⁋
1562 1160 85 59 Ad
1604 1160 127 59 aliud
1689 1160 113 59 dico
1759 1160 113 59 quod
1830 1160 99 59 non
1886 1160 99 59 est
1929 1160 56 59 da

1254 1202 86 59 re
1297 1202 143 59 primum
1397 1202 143 59 gradum
1496 1202 129 59 forme
1582 1202 157 59 inducte
1696 1202 100 59 non
1754 1202 171 59 expulse:
1882 1202 86 59 et
1911 1202 71 59 hoc

1264 1260 79 50 est
1309 1260 90 50 quod
1365 1260 158 50 communiter
1489 1260 56 50 a
1511 1260 158 50 philosopho
1635 1260 146 50 accipitur
1748 1260 90 50 quod
1804 1260 79 50 est
1849 1260 90 50 dare
1894 1260 90 50 primum

1255 1293 100 57 rei
1312 1293 214 57 permanentis
1483 1293 86 57 in
1526 1293 114 57 esse
1597 1293 86 57 et
1640 1293 100 57 non
1697 1293 171 57 vltimum.
1825 1293 71 57 ⁋
1853 1293 86 57 Ad
1896 1293 128 57 aliud

1261 1344 111 51 dico
1330 1344 111 51 quod
1400 1344 180 51 assumptum
1538 1344 97 51 est
1594 1344 153 51 falsum:
1705 1344 111 51 quia
1774 1344 125 51 sicut
1857 1344 125 51 agens
1927 1344 69 51 na-

1262 1376 141 62 turale
1360 1376 141 62 potest
1459 1376 155 62 causare
1571 1376 155 62 aliquem
1684 1376 141 62 gradum
1782 1376 112 62 sine
1838 1376 155 62 corruptio

1265 1424 84 52 ne
1307 1424 181 52 alterius:
1446 1424 98 52 ita
1502 1424 139 52 potest
1600 1424 195 52 corrumpere
1753 1424 125 52 aliud
1837 1424 112 52 sine
1892 1424 98 52 indu-

1270 1465 139 55 ctione
1367 1465 153 55 istius:
1479 1465 125 55 tamen
1562 1465 236 55 principaliter
1757 1465 195 55 intenditur
1896 1465 97 55 forma

1261 1510 188 60 inducenda
1405 1510 87 60 et
1448 1510 202 60 secudario.
1607 1510 87 60 et
1650 1510 87 60 ex
1694 1510 217 60 consequenti
1853 1510 144 60 intendi-

1273 1558 100 53 tur
1330 1558 129 53 forma
1416 1558 215 53 destruenda:
1588 1558 86 53 et
1631 1558 100 53 ibi
1689 1558 129 53 illud
1775 1558 115 53 quod
1847 1558 100 53 est
1890 1558 100 53 primu

1268 1598 86 63 in
1311 1598 200 63 intentione
1468 1598 100 63 est
1525 1598 157 63 vltimum
1639 1598 86 63 in
1682 1598 200 63 extensione
1839 1598 71 63 ⁋
1867 1598 86 63 Ad
1896 1598 100 63 aliud

1274 1643 95 60 de
1322 1643 127 60 aqua
1401 1643 190 60 continet
1543 1643 158 60 multas
1654 1643 222 60 distinctas
1828 1643 158 60 partes
1923 1643 79 60 si-

1265 1689 102 61 cut
1324 1689 132 61 aliud
1412 1689 161 61 corpus.
1529 1689 88 61 et
1573 1689 161 61 propter
1690 1689 249 61 distinctionem
1880 1689 117 61 talium

1270 1740 159 52 partium
1385 1740 145 52 potest
1487 1740 101 52 vna
1545 1740 116 52 pars
1617 1740 188 52 calefieri
1762 1740 87 52 et
1805 1740 116 52 alia
1863 1740 145 52 frigefie

1263 1781 106 57 ri.
1324 1781 137 57 tamen
1415 1781 137 57 calor
1506 1781 91 57 et
1551 1781 152 57 frigus
1657 1781 106 57 non
1718 1781 121 57 sunt
1794 1781 91 57 in
1839 1781 137 57 eadem
1915 1781 91 57 par-

1275 1829 103 57 te:
1334 1829 103 57 sed
1393 1829 88 57 in
1437 1829 176 57 diuersis
1554 1829 161 57 partibus.

1250 1871 309 99 Uirca
1456 1871 275 99 dona
1593 1871 413 99 spussancti

1282 1950 171 59 Sciendum
1410 1950 100 59 est
1467 1950 114 59 quod
1539 1950 100 59 vno
1596 1950 114 59 modo
1667 1950 143 59 potest
1767 1950 114 59 dici
1839 1950 114 59 quod
1896 1950 100 59 dicun

1273 2008 102 49 tur
1332 2008 117 49 dona
1405 2008 278 49 sanctispiritus:
1639 2008 117 49 quia
1712 2008 161 49 numquam
1829 2008 161 49 possunt
1932 2008 73 49 ac-

1279 2042 123 56 quiri
1361 2042 96 56 per
1416 2042 150 56 naturam
1525 2042 96 56 vel
1580 2042 137 56 aliqui
1675 2042 150 56 habitus
1785 2042 150 56 eiusdem
1880 2042 123 56 speciei

1280 2089 100 49 cum
1337 2089 100 49 eis
1394 2089 128 49 circa
1479 2089 128 49 eadem
1565 2089 171 49 obiecta:
1693 2089 100 49 sed
1750 2089 128 49 solum
1821 2089 185 49 infunduntur

1274 2130 68 63 a
1302 2130 95 63 deo
1356 2130 122 63 sicut
1438 2130 122 63 fides
1519 2130 109 63 quae
1587 2130 95 63 est
1642 2130 136 63 virtus
1737 2130 204 63 theologica.
1900 2130 82 63 et
1927 2130 82 63 tunc

1278 2175 161 54 oportet
1396 2175 147 54 dicere
1498 2175 103 54 hic
1557 2175 88 54 de
1601 2175 132 54 istis
1689 2175 191 54 habitibus
1836 2175 88 54 et
1865 2175 132 54 actibus

1271 2210 183 62 elicitis
1408 2210 229 62 mediantibus
1591 2210 107 62 eis
1652 2210 137 62 sicut
1744 2210 137 62 alibi
1835 2210 153 62 dictum
1927 2210 76 62 est

1283 2262 83 58 de
1325 2262 111 58 fide
1394 2262 139 58 infusa
1492 2262 83 58 et
1533 2262 153 58 actibus
1645 2262 111 58 eius
1714 2262 181 58 elicitis.
1853 2262 83 58 et
1895 2262 97 58 hoc
1936 2262 70 58 est

1276 2301 115 57 quia
1348 2301 130 57 sicut
1434 2301 159 57 aliquis
1550 2301 101 57 non
1607 2301 144 57 potest
1708 2301 159 57 elicere
1824 2301 130 57 actum
1896 2301 115 57 creden

1279 2356 89 49 di
1324 2356 133 49 circa
1412 2356 162 49 aliquem
1530 2356 192 49 articulum
1678 2356 177 49 mediante
1811 2356 118 49 fide
1870 2356 133 49 infusam

1274 2393 124 63 sicut
1357 2393 124 63 patet
1439 2393 151 63 diffuse
1549 2393 82 63 in
1590 2393 137 63 tertio
1686 2393 192 63 ethicorum:
1837 2393 96 63 ita
1892 2393 96 63 non
1933 2393 69 63 est

1291 2444 196 47 possibile
1442 2444 121 47 quod
1517 2444 166 47 aliquis
1637 2444 151 47 habeat
1743 2444 196 47 predictos
1878 2444 136 47 habitus

1283 2483 108 48 quae
1351 2483 163 48 dicuntur
1473 2483 108 48 dona
1541 2483 81 48 vt
1581 2483 149 48 eliciat
1690 2483 149 48 aliquem
1798 2483 122 48 actum
1880 2483 122 48 circa
1947 2483 68 48 ob-

1274 2520 116 63 iecta
1351 2520 142 63 illorum
1455 2520 155 63 habituum
1571 2520 103 63 nisi
1635 2520 142 63 praeter
1738 2520 116 63 illos
1816 2520 129 63 dictos
1893 2520 116 63 habitus

1277 2558 145 70 infusos
1382 2558 132 70 habeat
1475 2558 119 70 alios
1554 2558 145 70 habitus
1659 2558 185 70 acquisitos
1804 2558 132 70 rectum
1883 2558 132 70 eorundem
