2250 3090
469 187 110 67 actum
542 187 147 67 credendi
652 187 110 67 circa
725 187 110 67 alium
799 187 159 67 articulum
921 187 147 67 scilicet
1031 187 110 67 fides
1092 187 98 67 acquis

477 248 102 58 ta.
536 248 87 58 et
579 248 131 58 nihil
666 248 160 58 deficit
782 248 87 58 ad
826 248 189 58 causandum
971 248 131 58 actum
1044 248 145 58 credendi

470 301 115 49 circa
547 301 128 49 primum
637 301 179 49 articulum:
777 301 90 49 sed
829 301 102 49 ipsa
893 301 166 49 immediate
1021 301 77 49 et
1059 301 128 49 statim
1136 301 51 49 in

479 333 138 48 clinat
576 333 125 48 circa
659 333 125 48 alium
742 333 180 48 articulum
881 333 125 48 sicut
964 333 125 48 circa
1047 333 138 48 istum.
1130 333 69 48 Sed

466 386 152 49 contra.
577 386 124 49 ratio
660 386 194 49 efficacior
812 386 83 49 ad
853 386 180 49 probandum
992 386 194 49 distinctam
1130 386 69 49 fi-

473 423 97 60 dem
529 423 195 60 acquisitam
682 423 111 60 esse
751 423 167 60 respectu
876 423 222 60 distinctorum
1043 423 153 60 articulo-

463 470 80 52 rum
508 470 92 52 est:
566 470 92 52 quia
623 470 126 52 aliquis
715 470 115 52 potest
796 470 115 52 habere
876 470 103 52 fidem
945 470 103 52 circa
1014 470 92 52 vnum
1060 470 126 52 articulum

470 509 78 59 et
509 509 131 59 errare
601 509 118 59 circa
679 509 131 59 alium.
771 509 118 59 sicut
849 509 118 59 patet
928 509 78 59 in
967 509 170 59 heretico.
1097 509 78 59 et
1124 509 65 59 non

478 556 116 42 potest
560 556 105 42 simul
629 556 116 42 habere
711 556 105 42 fidem
781 556 70 42 et
815 556 128 42 errorem
908 556 139 42 respectu
1013 556 128 42 eiusdem
1094 556 105 42 articu-

457 596 98 48 li.
513 596 140 48 igitur
611 596 112 48 sunt
681 596 182 48 distincti
821 596 168 48 habitus:
946 596 84 48 et
988 596 112 48 inde
1058 596 112 48 idem
1114 596 84 48 argu

460 642 107 58 mentum
535 642 107 58 potest
610 642 96 58 fieri
675 642 75 58 per
717 642 96 58 omnia
782 642 64 58 de
814 642 86 58 fide
868 642 118 58 infusa.
953 642 64 58 et
985 642 75 58 per
1028 642 150 58 consequens
1135 642 54 58 non

465 682 96 61 erit
525 682 84 61 vna
573 682 120 61 numero
657 682 132 61 tantum.
752 682 156 61 Respondeo
872 682 96 61 quod
932 682 168 61 argumentum
1063 682 108 61 habet
1123 682 72 61 eui-

462 728 128 56 dentiam
555 728 70 56 de
590 728 93 56 fide
649 728 151 56 acquisita
765 728 70 56 et
800 728 81 56 non
846 728 70 56 de
881 728 93 56 fide
940 728 128 56 infusa:
1033 728 93 56 quia
1079 728 105 56 aliquis

461 772 175 52 experitur
595 772 81 52 in
635 772 81 52 se
676 772 81 52 ex
716 772 107 52 actu
783 772 148 52 elicito
890 772 107 52 quod
958 772 134 52 credat
1052 772 107 52 vnum
1105 772 81 52 arti

462 814 117 64 culum
540 814 78 64 et
579 814 117 64 errat
657 814 117 64 circa
735 814 130 64 alium:
826 814 78 64 et
865 814 91 64 non
917 814 91 64 sic
969 814 156 64 respectu
1073 814 117 64 eiusdem

455 853 152 57 articuli
569 853 177 57 experitur.
709 853 101 57 immo
772 853 177 57 oppositum:
911 853 76 57 et
949 853 101 57 ideo
1013 853 76 57 ex
1051 853 114 57 illis
1114 853 76 57 acti

471 907 106 41 bus
532 907 167 41 necesse
653 907 106 41 est
714 907 152 41 ponere
820 907 137 41 alios
911 907 167 41 habitus
1017 907 167 41 generari:

464 949 93 51 sed
517 949 133 51 nullus
610 949 172 51 experitur
742 949 80 51 se
782 949 146 51 credere
888 949 146 51 aliquem
994 949 172 51 articulum
1114 949 66 51 fi-

458 994 84 56 de
500 994 154 56 infusa:
612 994 98 56 sed
668 994 140 56 tantum
766 994 154 56 tenemus
879 994 98 56 hoc
935 994 210 56 auctoritate
1089 994 98 56 scri-

463 1036 136 61 pture.
558 1036 81 61 et
599 1036 109 61 ideo
667 1036 122 61 licet
749 1036 149 61 aliquis
857 1036 136 61 habeat
952 1036 122 61 fidem
1020 1036 163 61 acquisitam

473 1078 102 47 circa
541 1078 91 47 vnum
598 1078 148 47 articulum
711 1078 68 47 et
746 1078 125 47 errorem
836 1078 102 47 circa
905 1078 114 47 alium.
984 1078 68 47 et
1018 1078 80 47 per
1053 1078 136 47 consequens

462 1123 82 50 non
509 1123 105 50 habet
579 1123 105 50 fidem
649 1123 163 50 acquisitam
777 1123 140 50 respectu
883 1123 128 50 illius:
976 1123 105 50 tamen
1046 1123 93 50 bene
1093 1123 93 50 potest

463 1164 137 49 habere
559 1164 123 49 fidem
641 1164 150 49 infusam
750 1164 164 49 respectu
873 1164 178 49 vtriusque
1010 1164 178 49 articuli.
1132 1164 55 49 Si

464 1212 115 59 dicas
541 1212 102 59 quod
605 1212 128 59 tantum
695 1212 166 59 repugnant
823 1212 115 59 fides
899 1212 128 59 infusa
989 1212 77 59 et
1027 1212 115 59 error
1091 1212 90 59 circa

461 1253 131 60 eundem
552 1253 170 60 articulum
683 1253 118 60 sicut
762 1253 118 60 error
840 1253 78 60 et
879 1253 118 60 fides
958 1253 183 60 acquisita.
1088 1253 105 60 Respon

464 1296 106 57 deo.
530 1296 106 57 nego
596 1296 132 57 illud:
689 1296 106 57 quia
755 1296 119 57 fides
835 1296 132 57 insusa
927 1296 79 57 et
967 1296 172 57 acquisita
1086 1296 106 57 distin

467 1341 130 61 guntur
558 1341 130 61 specie
649 1341 117 61 sicut
726 1341 130 61 patuit
817 1341 130 61 alibi.
908 1341 78 61 et
947 1341 78 61 ex
986 1341 91 61 hoc
1037 1341 104 61 quod
1089 1341 91 61 erro:

462 1390 162 56 opponitur
586 1390 112 56 fidei
660 1390 174 56 acquisite:
797 1390 87 56 non
847 1390 149 56 sequitur
959 1390 99 56 quod
1021 1390 162 56 opponitur
1133 1390 62 56 fi-

466 1427 96 53 dei
521 1427 151 53 infuse.
631 1427 82 53 et
672 1427 110 53 ideo
741 1427 96 53 non
796 1427 96 53 est
851 1427 206 53 repugnantia
1016 1427 179 53 formalis.
1140 1427 41 53 i

460 1478 81 57 ter
507 1478 127 57 errorem
599 1478 162 57 acquisitum
727 1478 69 57 et
762 1478 104 57 fidem
831 1478 139 57 infusam.
935 1478 69 57 et
970 1478 81 57 per
1016 1478 162 57 consequens
1132 1478 58 57 pos

461 1519 106 57 sunt
527 1519 119 57 simul
606 1519 132 57 stare.
698 1519 79 57 Si
738 1519 119 57 dicas
817 1519 106 57 quod
883 1519 106 57 tunc
949 1519 119 57 esset
1029 1519 145 57 aliquis
1121 1519 66 57 fi-

453 1560 135 56 delis
543 1560 90 56 et
588 1560 196 56 infidelis
739 1560 120 56 siue
814 1560 196 56 hereticus
964 1560 181 56 respectu
1085 1560 105 56 eius-

462 1604 93 55 dem
515 1604 226 55 conclusionis.
701 1604 133 55 posset
794 1604 146 55 concedi
901 1604 106 55 quod
967 1604 146 55 aliquis
1074 1604 93 55 sit
1113 1604 67 55 fi-

465 1649 131 51 delis
553 1649 116 51 fide
625 1649 145 51 infusa
727 1649 87 51 et
770 1649 160 51 aliquis
887 1649 189 51 hereticus
1032 1649 145 51 errore
1119 1649 58 51 ac

469 1690 143 59 quisito.
576 1690 119 59 Aliter
660 1690 119 59 potest
743 1690 95 59 dici
803 1690 95 59 quod
862 1690 119 59 quando
946 1690 131 59 aliquis
1041 1690 107 59 errat
1101 1690 83 59 circa

458 1741 115 44 vnum
529 1741 201 44 articulum:
687 1741 215 44 corrumpitur
860 1741 115 44 tunc
932 1741 129 44 fides
1003 1741 187 44 demeritorie

464 1783 90 49 qui
516 1783 168 49 demeretur
645 1783 103 49 quod
709 1783 103 49 deus
773 1783 90 49 non
825 1783 168 49 conseruet
954 1783 116 49 fidem
1031 1783 155 49 infusam.
1134 1783 52 49 Si

455 1827 154 51 queras
563 1827 139 51 vtrum
655 1827 139 51 fides
748 1827 232 51 corrumpatur
933 1827 232 51 demeritorie
1103 1827 77 51 per

458 1873 152 53 peccatum
572 1873 152 53 mortale.
686 1873 101 53 dico
749 1873 101 53 quod
813 1873 89 53 no:
863 1873 89 53 sed
914 1873 139 53 caritas
1015 1873 89 53 sic
1053 1873 139 53 corrumpi-

460 1915 109 49 tur.
528 1915 82 49 Si
569 1915 122 49 dicas
651 1915 109 49 quod
719 1915 122 49 alibi
800 1915 82 49 ex
841 1915 218 49 distinctione
1018 1915 177 49 specifica
1140 1915 41 49 a

464 1952 129 49 ctuum
549 1952 171 49 probatur
678 1952 200 49 distinctio
835 1952 186 49 specifica
978 1952 186 49 habituum:
1107 1952 71 49 sed

452 2003 148 55 actus
550 2003 197 55 credendi
698 2003 197 55 diuersos
845 2003 213 55 articulos
993 2003 197 55 distingun-

460 2042 101 61 tur
517 2042 144 61 specie
618 2042 144 61 igitur
718 2042 144 61 fides.
819 2042 201 61 Respondeo.
977 2042 129 61 verum
1064 2042 101 61 est
1107 2042 86 61 quod

463 2093 101 46 per
520 2093 246 46 distinctionem
723 2093 145 46 actuum
825 2093 174 46 probetur
955 2093 203 46 distinctio
1100 2093 87 46 habi

455 2124 114 63 tuum
526 2124 228 63 acquisitorum
711 2124 100 63 non
768 2124 185 63 infusorum
910 2124 185 63 cuiusmodi
1053 2124 114 63 sunt
1110 2124 71 63 fi-

454 2173 182 69 des
558 2173 156 69 et
636 2173 312 69 caritas.
871 2173 312 69 Questio.
1079 2173 104 69 ix

606 2229 262 98 Trum
770 2229 327 98 heclit
966 2229 229 98 conce

629 2310 162 63 denda.
742 2310 130 63 deus
824 2310 162 63 factus
937 2310 114 63 est
1002 2310 146 63 homo.
1116 2310 81 63 hic

632 2355 120 65 primo
711 2355 160 65 videndum
831 2355 93 65 est
884 2355 106 65 quae
951 2355 226 65 propositiones
1124 2355 66 65 de-

457 2397 111 58 bent
526 2397 152 58 concedi
637 2397 83 58 in
679 2397 97 58 hac
734 2397 152 58 materia
845 2397 83 58 et
886 2397 111 58 quae
956 2397 111 58 non.
1052 2397 83 58 Et
1080 2397 97 58 prime

462 2452 90 51 de
507 2452 105 51 hac
567 2452 240 51 propositione
762 2452 120 51 deus
837 2452 105 51 est
898 2452 210 51 substantia
1063 2452 120 51 deus
1123 2452 75 51 est

460 2493 138 55 animal
557 2493 110 55 deus
625 2493 96 55 est
681 2493 110 55 homo
749 2493 96 55 vel
804 2493 151 55 corpus.
915 2493 83 55 et
956 2493 96 55 sic
1011 2493 83 55 de
1052 2493 138 55 aliis.
1135 2493 55 55 Et

462 2537 103 51 dico
527 2537 103 51 quod
591 2537 77 51 ad
630 2537 168 51 veritatem
759 2537 219 51 propositionis
939 2537 193 51 affirmatiue
1081 2537 103 51 quando

455 2573 144 61 vterque
560 2573 157 61 terminus
678 2573 144 61 ponitur
783 2573 79 61 in
822 2573 118 61 recto
901 2573 184 61 requiritur
1045 2573 105 61 quod
1097 2573 92 61 subie

1276 194 113 66 ctum
1346 194 84 66 et
1389 194 197 66 predicatum
1543 194 183 66 supponant
1684 194 99 66 pro
1741 194 127 66 eodem
1825 194 84 66 si
1867 194 141 66 nullus
1952 194 56 66 mo

1274 250 110 55 dus
1337 250 252 55 gramaticalis
1542 250 205 55 impediat.
1700 250 205 55 exemplum.
1857 250 110 55 hic
1904 250 95 55 homo

1283 295 95 58 est
1338 295 136 58 albus.
1433 295 82 58 ld
1474 295 123 58 albus
1556 295 164 58 supponit
1679 295 95 58 pro
1733 295 123 58 eodem
1815 295 95 58 pro
1870 295 95 58 quo
1911 295 95 58 super

1286 342 146 44 ponit
1383 342 146 44 homo:
1481 342 98 44 et
1530 342 163 44 nullus
1643 342 146 44 modus
1741 342 260 44 gramaticalis
1936 342 81 44 in-

1281 383 126 53 pedit.
1370 383 76 53 et
1408 383 101 53 ideo
1471 383 89 53 est
1522 383 177 53 propositio
1661 383 114 53 vera.
1737 383 89 53 sic
1787 383 89 53 est
1838 383 76 53 in
1863 383 139 53 proposito

1288 426 153 52 propter
1400 426 195 52 benedictam
1553 426 153 52 vnionem
1664 426 167 52 supponit
1790 426 98 52 pro
1846 426 125 52 eodem
1915 426 84 52 homo

1291 469 73 57 mo
1327 469 73 57 et
1364 469 110 57 deus:
1437 469 146 57 scilicet
1547 469 85 57 pro
1596 469 110 57 filio
1669 469 85 57 dei
1718 469 85 57 cui
1767 469 122 57 vnitur
1852 469 122 57 natura
1926 469 85 57 huma-

1272 512 106 59 na.
1332 512 121 59 ideo
1408 512 121 59 ista
1483 512 121 59 vnio
1559 512 151 59 maxime
1664 512 226 59 assimilatur
1845 512 151 59 vnioni
1936 512 75 59 ac-

1276 556 174 62 cidentis
1407 556 102 62 cum
1465 556 218 62 substantia.
1639 556 102 62 Sed
1698 556 116 62 quid
1770 556 87 62 de
1814 556 116 62 ista
1872 556 145 62 proposi-

1281 602 132 58 tione
1369 602 117 58 deus
1442 602 146 58 factus
1544 602 102 58 est
1603 602 132 58 homo.
1691 602 117 58 dico
1764 602 117 58 quod
1837 602 102 58 hec
1895 602 102 58 est
1939 602 73 58 co-

1282 641 149 58 cedenda
1391 641 81 58 de
1431 641 149 58 virtute
1540 641 176 58 sermonis:
1675 641 108 58 quia
1743 641 135 58 quando
1838 641 135 58 verbum
1919 641 95 58 fien-

1275 681 90 64 di
1320 681 209 64 determinat
1484 681 254 64 compositionem
1693 681 90 64 et
1738 681 209 64 predicatum
1902 681 90 64 de
1931 681 75 64 no-

1279 728 90 66 uo
1324 728 180 66 supponit
1459 728 105 66 pro
1518 728 135 66 eodem
1608 728 105 66 pro
1668 728 105 66 quo
1728 728 180 66 supponit
1847 728 165 66 subiectum

1277 772 132 55 potest
1369 772 106 55 tunc
1436 772 119 55 talis
1515 772 185 55 propositio
1661 772 159 55 concedi.
1780 772 172 55 Exemplum.
1899 772 106 55 sortes

1283 821 126 58 factus
1372 821 88 58 est
1422 821 126 58 albus.
1511 821 76 58 et
1549 821 88 58 sic
1599 821 88 58 est
1650 821 76 58 in
1687 821 177 58 proposito.
1826 821 76 58 et
1864 821 101 58 tunc
1915 821 88 58 potes

1286 866 174 49 concedi.
1416 866 87 49 et
1459 866 101 49 est
1517 866 159 49 sensus.
1633 866 116 49 deus
1705 866 116 49 modo
1777 866 101 49 est
1835 866 116 49 homo
1908 866 87 49 et
1937 866 72 49 num

1289 906 113 58 quam
1359 906 127 58 prius
1444 906 113 58 fuit
1514 906 127 58 homo.
1599 906 127 58 sicut
1683 906 99 58 hec
1739 906 141 58 sortes
1838 906 99 58 est
1894 906 113 58 modo
1951 906 56 58 al

1282 953 101 56 bus
1339 953 86 56 et
1382 953 129 56 prius
1468 953 101 56 non
1526 953 115 56 fuit
1598 953 144 56 albus.
1698 953 86 56 si
1741 953 115 56 vero
1813 953 72 56 l
1842 953 144 56 factus
1928 953 72 56 sit

1281 992 241 64 determinatio
1477 992 211 64 praedicati
1642 992 165 64 dicendo
1762 992 105 64 sic
1822 992 120 64 deus
1898 992 105 64 est
1943 992 60 64 ho

1277 1034 82 61 mo
1318 1034 149 61 factus.
1427 1034 82 61 et
1468 1034 109 61 tunc
1536 1034 95 61 est
1590 1034 95 61 hec
1644 1034 190 61 propositio
1794 1034 136 61 falsa:
1889 1034 109 61 quia
1943 1034 68 61 de-

1278 1081 143 53 notatur
1382 1081 104 53 quod
1447 1081 104 53 deus
1512 1081 91 53 sit
1564 1081 130 53 factus
1655 1081 104 53 quod
1720 1081 91 53 est
1772 1081 143 53 falsum.
1863 1081 143 53 similiter

1281 1125 131 50 sortes
1372 1125 91 50 est
1425 1125 117 50 album
1503 1125 144 50 factum:
1607 1125 104 50 quia
1673 1125 131 50 sortes
1764 1125 91 50 non
1816 1125 91 50 est
1868 1125 131 50 factus
1947 1125 65 50 sal

1272 1169 104 64 tem
1332 1169 134 64 nunc.
1421 1169 104 64 sed
1481 1169 89 64 si
1525 1169 238 64 determinatio
1719 1169 149 64 factus
1823 1169 164 64 addatur
1928 1169 74 64 sub

1276 1213 141 62 iecto:
1375 1213 113 62 tunc
1445 1213 99 62 est
1501 1213 197 62 propositio
1657 1213 127 62 vera.
1769 1213 155 62 Secundo
1868 1213 141 62 videndum

1277 1260 97 57 est
1333 1260 138 57 qualis
1429 1260 97 57 est
1485 1260 208 57 propositio.
1651 1260 83 57 et
1692 1260 97 57 hoc
1748 1260 111 57 sunt
1817 1260 111 57 tria
1872 1260 125 57 videnda

1310 1301 123 49 Primo
1392 1301 123 49 vtrum
1474 1301 96 49 sit
1529 1301 192 49 predicatio
1680 1301 96 49 per
1735 1301 82 49 se
1776 1301 96 49 vel
1831 1301 96 49 per
1872 1301 137 49 accidens

1285 1348 155 58 Secundo
1397 1348 127 58 vtrum
1482 1348 98 58 sit
1538 1348 197 58 predicatio
1693 1348 211 58 essentialis
1861 1348 98 58 vel
1904 1348 98 58 acci-

1268 1394 206 49 dentalis.
1427 1394 158 49 Tertio
1538 1394 143 49 vtrum
1633 1394 222 49 predicatio
1807 1394 174 49 vniuoca
1918 1394 79 49 vel

1282 1436 190 54 equiuoca.
1458 1436 161 54 Quantum
1575 1436 88 54 ad
1619 1436 146 54 primum
1722 1436 117 54 dico
1795 1436 117 54 quod
1868 1436 103 54 hec
1912 1436 88 54 deus

1273 1484 98 54 est
1329 1484 112 54 homo
1399 1484 98 54 non
1455 1484 98 54 est
1511 1484 98 54 per
1567 1484 84 54 se
1609 1484 140 54 aliquo
1707 1484 112 54 modo
1777 1484 210 54 perseitatis
1931 1484 84 54 pro-

1286 1527 92 44 prie
1343 1527 149 44 loquendo:
1458 1527 92 44 quia
1515 1527 138 44 secundum
1618 1527 172 44 philosophum
1756 1527 103 44 primo
1825 1527 172 44 posteriorum
1951 1527 46 44 nu

1279 1568 74 56 la
1316 1568 87 56 est
1365 1568 173 56 propositio
1501 1568 87 56 per
1551 1568 74 56 se
1588 1568 111 56 primo
1662 1568 99 56 modo
1724 1568 87 56 vel
1774 1568 136 56 secundo
1873 1568 111 56 modo:
1935 1568 74 56 nisi

1273 1605 97 62 sit
1328 1605 207 62 necessaria.
1494 1605 97 62 hec
1550 1605 124 62 autem
1633 1605 194 62 propositio
1785 1605 97 62 est
1826 1605 180 62 contingens:

1282 1653 97 57 qui
1337 1653 110 57 ante
1406 1653 235 57 incarnationem
1600 1653 110 57 fuit
1669 1653 138 57 falsa.
1765 1653 97 57 Sed
1821 1653 110 57 quid
1890 1653 83 57 de
1917 1653 83 57 ista

1284 1698 105 54 deus
1350 1698 131 54 potest
1441 1698 105 54 esse
1507 1698 118 54 homo.
1586 1698 105 54 dico
1652 1698 105 54 quod
1717 1698 92 54 est
1770 1698 184 54 necessaria
1914 1698 79 54 et
1940 1698 66 54 per

1277 1745 141 52 consequens
1388 1745 71 52 per
1428 1745 71 52 se.
1469 1745 71 52 Nam
1509 1745 121 52 secundum
1600 1745 151 52 philosophum
1721 1745 91 52 primo
1781 1745 151 52 posteriorum
1902 1745 91 52 omnis
1953 1745 50 52 pro

1279 1789 152 58 positio
1390 1789 97 58 est
1445 1789 194 58 necessaria
1598 1789 83 58 in
1639 1789 97 58 qua
1694 1789 194 58 predicatur
1847 1789 111 58 quod
1902 1789 97 58 natum

1279 1833 96 45 est
1334 1833 178 45 predicari
1471 1833 109 45 quod
1539 1833 109 45 dico
1607 1833 96 45 pro
1662 1833 164 45 talibus.
1785 1833 137 45 animal
1880 1833 96 45 est
1921 1833 82 45 homo

1279 1876 194 55 inferioris
1431 1876 83 55 de
1473 1876 180 55 superiori
1611 1876 111 55 quae
1681 1876 97 55 est
1736 1876 97 55 per
1791 1876 83 55 se
1833 1876 138 55 aliquo
1930 1876 111 55 modo

1270 1920 101 49 ista
1334 1920 88 49 est
1384 1920 164 49 huiusmodi
1510 1920 126 49 igitur
1599 1920 101 49 etc.
1662 1920 101 49 quia
1725 1920 76 49 ab
1763 1920 126 49 eterno
1851 1920 126 49 potuit
1927 1920 76 49 deus

1278 1964 98 55 esse
1339 1964 110 55 homo.
1412 1964 73 55 et
1448 1964 85 55 est
1497 1964 85 55 per
1546 1964 73 55 se
1583 1964 134 55 secundo
1680 1964 98 55 modo
1741 1964 85 55 non
1790 1964 110 55 primo
1863 1964 110 55 modo.
1924 1964 73 55 Cuiu

1280 2004 116 53 ratio
1357 2004 103 53 est:
1422 2004 103 53 quia
1486 2004 129 53 quando
1577 2004 180 53 predicatum
1718 2004 155 53 importat
1834 2004 90 53 vel
1873 2004 129 53 connotat

1289 2048 139 57 aliquid
1390 2048 101 57 quod
1454 2048 88 57 est
1504 2048 114 57 extra
1580 2048 152 57 rationem
1693 2048 152 57 subiecti
1807 2048 101 57 siue
1870 2048 114 57 illud
1933 2048 76 57 inhe

1279 2093 109 55 reat
1348 2093 109 55 tali
1416 2093 164 55 subiecto
1539 2093 109 55 siue
1607 2093 109 55 non:
1675 2093 96 55 sed
1730 2093 96 55 fit
1785 2093 82 55 ab
1826 2093 82 55 eo
1853 2093 150 55 effectiue

1287 2146 106 53 tuunc
1358 2146 82 53 est
1405 2146 164 53 propositio
1534 2146 82 53 per
1581 2146 70 53 se
1616 2146 129 53 secundo
1710 2146 94 53 modo
1769 2146 82 53 non
1815 2146 106 53 primo
1886 2146 106 53 modo.
1945 2146 70 53 Exem

1287 2182 133 44 plum.
1376 2182 104 44 hic
1435 2182 118 44 deus
1509 2182 104 44 est
1568 2182 207 44 gubernator
1731 2182 118 44 deus
1805 2182 104 44 est
1849 2182 163 44 conserua-

1279 2225 98 58 tor.
1340 2225 86 58 sic
1389 2225 86 58 est
1438 2225 74 58 in
1475 2225 172 58 proposito.
1610 2225 98 58 deus
1671 2225 123 58 potest
1757 2225 98 58 esse
1818 2225 110 58 homo.
1892 2225 86 58 hic
1928 2225 74 58 prim

1279 2269 131 56 dicatum
1374 2269 107 56 dicit
1446 2269 72 56 re
1482 2269 107 56 aliam
1553 2269 95 56 quae
1613 2269 119 56 potest
1696 2269 95 56 esse
1756 2269 60 56 a
1780 2269 83 56 deo
1827 2269 155 56 effectiue
1935 2269 83 56 licet

1283 2312 96 62 non
1338 2312 137 62 potest
1434 2312 137 62 inesse
1530 2312 96 62 deo
1585 2312 123 62 sicut
1667 2312 164 62 accidens
1790 2312 123 62 inest
1859 2312 137 62 subiecto

1297 2352 157 61 Quantum
1411 2352 86 61 ad
1454 2352 172 61 secundum
1583 2352 114 61 dico
1654 2352 114 61 quod
1725 2352 200 61 accipiendo
1868 2352 129 61 acciden

1286 2404 107 57 tale
1352 2404 147 57 proprie
1459 2404 93 57 pro
1512 2404 133 57 aliquo
1605 2404 186 57 accidente:
1752 2404 93 57 sic
1805 2404 93 57 est
1845 2404 160 57 propositio

1275 2448 161 51 neutra.
1392 2448 102 51 nec
1451 2448 233 51 accidentalis
1640 2448 102 51 nec
1699 2448 233 51 essentialis:
1888 2448 117 51 quia
1947 2448 58 51 ho

1289 2486 99 55 non
1345 2486 99 55 est
1402 2486 85 55 de
1444 2486 169 55 essentia
1571 2486 99 55 dei
1628 2486 99 55 nec
1684 2486 99 55 est
1741 2486 169 55 accidens
1868 2486 113 55 dei.
1924 2486 85 55 Acci

1282 2536 126 49 piendo
1370 2536 113 49 tamen
1446 2536 189 49 accidentale
1597 2536 88 49 pro
1647 2536 101 49 omni
1710 2536 75 49 eo
1748 2536 101 49 quod
1811 2536 88 49 non
1861 2536 88 49 est
1911 2536 75 49 de
1937 2536 75 49 een-

1285 2579 99 71 tia
1341 2579 113 71 rei:
1412 2579 99 71 sic
1468 2579 99 71 est
1524 2579 197 71 predicatio
1679 2579 239 71 accidentalis.
1890 2579 127 71 Quantum
