2250 3089
420 209 129 83 guitur
510 209 64 83 a
536 209 193 83 substantia:
690 209 116 83 licet
768 209 129 83 albedo
858 209 167 83 suscipiat
974 209 167 83 praedicatio

414 280 84 52 nem
462 280 120 52 omnium
546 280 120 52 talium
631 280 72 52 et
667 280 193 52 distinguatur
823 280 60 52 a
847 280 181 52 substantia.
992 280 72 52 et
1028 280 84 52 hoc
1064 280 72 52 quia

419 321 118 52 talia
498 321 92 52 non
550 321 210 52 praedicantur
721 321 144 52 proprie
826 321 79 52 de
865 321 171 52 accidente
996 321 79 52 in
1023 321 131 52 concreto

417 367 85 48 sed
465 367 73 48 in
502 367 157 48 abstracto
622 367 121 48 tantum
707 367 121 48 aliqua
792 367 109 48 autem
864 367 97 48 sunt
924 367 205 48 praedicabilia
1082 367 60 48 que

425 411 94 50 non
478 411 214 50 praedicantur
652 411 80 50 de
692 411 120 50 illis
772 411 134 50 quibus
866 411 187 50 conueniunt
1000 411 147 50 immediate

418 453 96 53 sed
473 453 150 53 mediate
582 453 123 53 sicut
664 453 123 53 calor
746 453 96 53 est
801 453 123 53 primo
883 453 218 53 calefactiuus
1046 453 96 53 imme-

414 492 150 52 diate:
519 492 90 52 et
564 492 135 52 ignis
654 492 180 52 mediate:
789 492 105 52 sed
850 492 210 52 substantia
1000 492 150 52 mediate.

425 541 119 60 Aliud
504 541 146 60 exeplum
610 541 93 60 est
663 541 79 60 de
703 541 106 60 toto
769 541 79 60 et
809 541 132 60 parte.
901 541 93 60 nam
954 541 132 60 aliqua
1034 541 119 60 praedi-

421 582 153 56 cabilia
532 582 97 56 sic
588 582 181 56 competunt
727 582 125 56 parti
810 582 111 56 quod
880 582 181 56 repugnant
1019 582 111 56 toti
1074 582 70 56 im-

414 634 184 44 mediate:
552 634 123 44 puta
628 634 123 44 quod
705 634 123 44 pars
782 634 107 44 est
843 634 169 44 dimidia
966 634 184 44 respectu
1089 634 61 44 to

425 674 114 52 tius:
501 674 76 52 et
539 674 101 52 pars
603 674 89 52 est
653 674 114 52 minor
729 674 114 52 toto.
805 674 76 52 et
843 674 101 52 alia
906 674 101 52 sunt
970 674 101 52 quae
1033 674 89 52 sic
1071 674 76 52 com-

412 720 149 52 ueniunt
521 720 122 52 parti
602 720 109 52 quod
670 720 190 52 denominant
819 720 81 52 et
860 720 203 52 predicantur
1023 720 81 52 de
1050 720 95 52 toto.

421 763 80 51 nam
466 763 137 51 secundum
569 763 171 51 philosophum
706 763 68 51 v.
740 763 160 51 phisicorum
866 763 103 51 totus
934 763 91 51 homo
991 763 126 51 dicitur
1071 763 80 51 sana-

419 806 78 50 ri
458 806 104 50 quia
523 806 129 50 thorax
613 806 91 50 vel
665 806 129 50 pectus
756 806 155 50 sanatur.
872 806 168 50 Similiter
1002 806 117 50 totus
1066 806 78 50 homo

419 848 140 54 dicitur
521 848 152 54 crispus:
635 848 102 54 quia
699 848 114 54 habet
775 848 140 54 crispum
877 848 127 54 caput.
965 848 114 54 eodem
1042 848 102 54 modo
1092 848 64 54 est

428 892 78 56 in
467 892 170 56 proposito
598 892 131 56 aliqua
689 892 105 56 sunt
755 892 222 56 praedicabilia
938 892 78 56 de
977 892 131 56 natura
1055 892 92 56 assum

431 943 107 48 pta:
497 943 107 48 quia
564 943 133 48 eoipso
657 943 107 48 quod
724 943 160 48 dicuntur
844 943 80 48 de
884 943 133 48 natura
977 943 160 48 assumpta
1083 943 67 48 di-

421 981 136 54 cuntur
517 981 82 54 de
558 981 109 54 deo:
626 981 109 54 puta
694 981 109 54 pati
762 981 109 54 mori
830 981 177 54 commedere
967 981 82 54 et
994 981 150 54 huiusmodi

427 1025 108 51 Alia
495 1025 108 51 sunt
563 1025 108 51 quae
630 1025 135 51 eoipso
725 1025 108 51 quod
793 1025 162 51 dicuntur
914 1025 81 51 de
955 1025 135 51 natura
1036 1025 108 51 assum-

427 1071 99 53 pta
484 1071 170 53 negantur
611 1071 71 53 a
640 1071 99 53 deo
696 1071 113 53 puta
767 1071 113 53 esse
838 1071 99 53 ens
895 1071 156 53 finitum
1008 1071 85 53 et
1037 1071 113 53 limita

433 1112 80 53 tum
478 1112 80 53 ens
524 1112 80 53 per
569 1112 228 53 participationem.
763 1112 68 53 et
797 1112 102 53 causa
865 1112 125 53 istorum
956 1112 91 53 est:
1013 1112 91 53 quia
1070 1112 80 53 sic
1104 1112 46 53 ho

433 1151 131 58 mines
521 1151 160 58 vtuntur
637 1151 189 58 vocabulis
782 1151 87 58 si
825 1151 131 58 autem
912 1151 145 58 aliter
999 1151 160 58 vterentur

427 1199 140 59 aliter
525 1199 126 59 esset
609 1199 181 59 dicendum.
748 1199 112 59 vnde
818 1199 84 59 de
860 1199 154 59 virtute
972 1199 168 59 sermonis
1083 1199 70 59 hoc

422 1242 109 49 est
485 1242 219 49 concedenda
657 1242 125 49 deus
735 1242 172 49 incipit
860 1242 125 49 esse
938 1242 156 49 homno.
1032 1242 125 49 natura

426 1287 125 56 diuina
513 1287 88 56 est
563 1287 175 56 incarnata:
701 1287 100 56 quia
763 1287 88 56 per
813 1287 113 56 istam
888 1287 200 56 significatur
1051 1287 100 56 quod
1101 1287 63 56 na-

432 1329 122 52 tura
508 1329 152 52 humana
615 1329 122 52 vere
691 1329 152 52 vnitur
797 1329 198 52 supposito
950 1329 168 52 diuino.
1072 1329 91 52 et
1102 1329 61 52 si

424 1377 138 53 vnitur
521 1377 180 53 supposito
659 1377 110 53 vere
728 1377 138 53 vnitur
825 1377 138 53 nature
921 1377 152 53 eoipso.
1032 1377 97 53 Sed
1073 1377 83 53 tunc

430 1418 105 59 est
490 1418 150 59 dubium
595 1418 135 59 vtrum
684 1418 105 59 hec
744 1418 105 59 est
804 1418 209 59 concedenda
969 1418 150 59 natura
1058 1418 105 59 diui-

419 1464 83 54 na
461 1464 96 54 est
516 1464 124 54 homo.
598 1464 124 54 sicut
681 1464 96 54 hoc
736 1464 138 54 verbum
832 1464 152 54 diuinum
943 1464 96 54 est
998 1464 124 54 homo:
1067 1464 96 54 licet

427 1507 108 59 non
488 1507 108 59 hec
550 1507 154 59 verbum
657 1507 169 59 diuinum
780 1507 108 59 est
842 1507 215 59 humanitas.
996 1507 169 59 Respondeo

432 1550 186 49 difficultas
581 1550 87 49 est
630 1550 124 49 tantum
717 1550 75 49 in
755 1550 112 49 voce:
829 1550 99 49 quia
892 1550 87 49 res
941 1550 87 49 est
991 1550 124 49 eadem:
1078 1550 99 49 quia
1128 1550 37 49 a

434 1597 118 47 sacra
512 1597 170 47 scriptura
643 1597 170 47 accipitur
774 1597 105 47 quod
840 1597 131 47 filius
931 1597 92 47 dei
984 1597 92 47 sit
1036 1597 118 47 homo.
1102 1597 52 47 et

425 1639 117 59 eadem
503 1639 91 59 res
555 1639 91 59 est
607 1639 130 59 natura
697 1639 130 59 diuina
788 1639 78 59 et
827 1639 130 59 filius
918 1639 104 59 dei.
982 1639 117 59 tamen
1047 1639 104 59 propi-

427 1684 194 59 occasionem
579 1684 152 59 errandi
690 1684 97 59 non
745 1684 194 59 conceditur
897 1684 111 59 quod
966 1684 138 59 natura
1049 1684 111 59 diuina

431 1728 89 45 sit
482 1728 114 45 homo.
558 1728 101 45 vnde
621 1728 76 45 ad
659 1728 114 45 fidem
735 1728 152 45 sufficit
849 1728 101 45 quod
913 1728 89 45 est
963 1728 89 45 ibi
1014 1728 101 45 vnio
1065 1728 101 45 nature

430 1772 92 43 et
476 1772 137 43 verbi
567 1772 168 43 diuini.
720 1772 153 43 Contra
827 1772 122 43 ista
903 1772 122 43 sunt
980 1772 137 43 multa
1056 1772 107 43 dubia

443 1817 118 54 Primo
522 1817 105 54 enim
588 1817 145 54 videtur
693 1817 105 54 quod
758 1817 92 54 hec
811 1817 92 54 sit
864 1817 118 54 falsa
943 1817 105 54 deus
1008 1817 132 54 factus
1087 1817 66 54 est

422 1860 141 56 homo:
516 1860 125 56 quia
595 1860 78 56 l
626 1860 125 56 homo
704 1860 110 56 aut
767 1860 188 56 supponit
908 1860 110 56 pro
971 1860 157 56 aliquo
1065 1860 94 56 crea

443 1901 77 60 co
482 1901 90 60 aut
533 1901 166 60 increato.
661 1901 90 60 non
712 1901 115 60 primo
789 1901 115 60 modo:
866 1901 102 60 quia
930 1901 102 60 deus
994 1901 90 60 non
1045 1901 90 60 est
1083 1901 77 60 ali-

434 1944 102 55 quid
498 1944 140 55 creatum
600 1944 89 55 sed
650 1944 140 55 ipsemet
752 1944 127 55 natura
841 1944 140 55 divina.
943 1944 89 55 nec
994 1944 140 55 secundo
1083 1944 76 55 modo

440 1991 91 52 qui
492 1991 104 52 deus
557 1991 78 52 de
596 1991 104 52 nouo
660 1991 91 52 non
712 1991 91 52 est
764 1991 143 52 aliquid
868 1991 181 52 increatum.
1036 1991 104 52 Item
1088 1991 65 52 hoc

432 2032 85 56 est
480 2032 97 56 vera
541 2032 85 56 per
590 2032 73 56 te
626 2032 97 56 deus
687 2032 121 56 factus
772 2032 85 56 est
820 2032 109 56 homo:
893 2032 97 56 quia
954 2032 97 56 modo
1014 2032 85 56 est
1063 2032 97 56 homo
1111 2032 49 56 et

432 2079 111 60 prius
506 2079 86 60 non
555 2079 111 60 fuit.
629 2079 111 60 eodem
703 2079 99 60 modo
765 2079 111 60 dicam
839 2079 99 60 quod
901 2079 99 60 deus
962 2079 123 60 factus
1049 2079 86 60 est
1086 2079 74 60 cre-

436 2125 108 54 ator:
508 2125 96 54 quia
568 2125 96 54 modo
628 2125 108 54 creat
700 2125 72 54 et
736 2125 108 54 prius
809 2125 84 54 non
857 2125 144 54 creauit.
989 2125 96 54 Item
1037 2125 120 54 sequitur

425 2167 113 55 deus
496 2167 141 55 factus
595 2167 99 55 est
651 2167 127 55 homo:
736 2167 113 55 ergo
807 2167 113 55 homo
877 2167 141 55 factus
976 2167 99 55 est
1033 2167 113 55 deus
1089 2167 71 55 per

437 2207 225 52 conuersionem.
622 2207 93 52 sed
675 2207 159 52 conuersa
795 2207 93 52 est
848 2207 133 52 falsa:
941 2207 106 52 quia
1007 2207 133 52 nullus
1086 2207 80 52 homo

436 2257 136 53 factus
532 2257 95 53 est
586 2257 123 53 deus.
668 2257 109 53 quia
736 2257 82 53 si
777 2257 123 53 esset
859 2257 123 53 verum
941 2257 82 53 de
982 2257 150 53 aliquo:
1077 2257 82 53 maxi

438 2299 72 48 me
474 2299 108 48 esset
546 2299 108 48 verum
618 2299 72 48 de
654 2299 144 48 christo.
762 2299 72 48 Et
798 2299 108 48 tamen
869 2299 72 48 de
905 2299 96 48 illo
965 2299 84 48 est
1013 2299 132 48 falsum:
1097 2299 72 48 quia

443 2344 158 53 christus
562 2344 92 53 non
614 2344 92 53 est
667 2344 106 53 modo
733 2344 132 53 factus
826 2344 119 53 deus.
931 2344 106 53 Item
997 2344 158 53 sequitur
1103 2344 66 53 fa-

434 2389 108 54 ctus
501 2389 94 54 est
555 2389 121 54 homo.
636 2389 135 54 igitur
730 2389 108 54 deus
798 2389 135 54 factus
892 2389 94 54 est
946 2389 67 54 a
973 2389 175 54 contracto
1108 2389 81 54 ad

439 2432 169 52 contrahens
572 2432 97 52 sine
633 2432 194 52 diminutione.
790 2432 169 52 consequens
923 2432 85 52 est
971 2432 133 52 falsum.
1056 2432 109 52 igitur.

458 2474 80 57 Ite
503 2474 137 57 secundum
606 2474 114 57 dubium
686 2474 91 57 est:
743 2474 91 57 quia
800 2474 126 57 videtur
892 2474 91 57 quod
949 2474 80 57 hoc
995 2474 80 57 sit
1040 2474 103 57 falsa
1097 2474 69 57 deus

444 2503 84 67 est
492 2503 108 67 homo:
564 2503 96 67 quia
624 2503 180 67 praedicatum
768 2503 192 67 substantiale
925 2503 96 67 quod
985 2503 180 67 praedicatur
1117 2503 48 67 de

440 2562 163 60 nominatiue
568 2562 81 60 non
615 2562 175 60 praedicatur
755 2562 70 60 in
790 2562 163 60 abstracto:
918 2562 81 60 sed
964 2562 116 60 tantum
1046 2562 70 60 in
1069 2562 93 60 concre

439 2603 86 67 to
482 2603 86 67 et
525 2603 86 67 in
568 2603 201 67 adiectiuo.
725 2603 172 67 exemplum
854 2603 100 67 hec
912 2603 100 67 est
969 2603 129 67 vera.
1055 2603 115 67 deus
1112 2603 72 67 est

1243 206 225 77 humanatus.
1419 206 160 77 igitur
1532 206 112 77 hec
1596 206 112 77 est
1660 206 144 77 falsa
1756 206 128 77 deus
1837 206 112 77 est
1885 206 96 77 homo

1270 277 98 45 Item
1331 277 73 45 si
1368 277 98 45 sic:
1429 277 98 45 tunc
1490 277 110 45 omnia
1564 277 159 45 superiora
1686 277 73 45 ad
1723 277 134 45 hominem
1808 277 159 45 predicantur

1250 327 76 43 de
1288 327 101 43 deo:
1351 327 101 43 puta
1414 327 101 43 quod
1477 327 101 43 deus
1541 327 88 43 est
1591 327 126 43 animal
1679 327 177 43 substantia
1818 327 139 43 animata
1906 327 76 43 sem-

1246 358 156 50 sibilis.
1363 358 104 50 deus
1428 358 91 50 est
1479 358 181 50 compositus
1622 358 78 50 ex
1661 358 143 50 corpore
1765 358 78 50 et
1803 358 104 50 anim
1868 358 78 50 a.
1894 358 78 50 deus

1239 402 76 51 est
1283 402 174 51 ssubstantia.
1424 402 87 51 deus
1478 402 76 51 est
1522 402 120 51 corpus:
1609 402 87 51 quae
1663 402 98 51 omnia
1728 402 87 51 sunt
1782 402 109 51 falsa.
1858 402 109 51 igitur
1924 402 43 51 et

1234 443 96 52 hec
1289 443 110 52 deus
1358 443 96 52 est
1413 443 124 52 homo.
1523 443 151 52 Tertium
1633 443 137 52 dubium
1729 443 110 52 quod
1797 443 151 52 videtur
1894 443 82 52 quod

1245 488 95 51 hec
1300 488 109 51 deus
1368 488 95 51 est
1422 488 109 51 homo
1490 488 95 51 est
1544 488 95 51 per
1599 488 82 51 se
1639 488 122 51 primo
1721 488 122 51 modo:
1802 488 109 51 quia
1857 488 122 51 praedi-

1241 535 128 57 catio
1326 535 142 57 nature
1425 535 85 57 de
1468 535 184 57 supposito
1610 535 99 57 est
1666 535 184 57 formalis.
1808 535 142 57 igitur
1893 535 71 57 est

1236 583 84 54 per
1284 583 84 54 se.
1332 583 96 54 Item
1392 583 168 54 substantia
1524 583 132 54 secunda
1621 583 84 54 non
1669 583 180 54 praedicatur
1813 583 84 54 per
1849 583 120 54 accidens

1246 629 68 46 de
1280 629 125 46 aliquo:
1371 629 80 46 sed
1416 629 91 46 homo
1473 629 80 46 est
1519 629 159 46 substantia
1644 629 137 46 secunda.
1747 629 114 46 igitur
1826 629 91 46 etc.
1895 629 68 46 Quat

1246 668 76 53 tum
1290 668 108 53 dubium
1365 668 87 53 est:
1420 668 87 53 quia
1474 668 119 53 videtur
1561 668 87 53 quod
1615 668 76 53 hec
1658 668 76 53 non
1702 668 76 53 sit
1745 668 76 53 per
1789 668 76 53 se.
1832 668 119 53 secundo
1908 668 65 53 modo

1236 718 95 44 deus
1296 718 119 44 potest
1379 718 95 44 esse
1439 718 107 44 homo:
1511 718 95 44 quia
1570 718 95 44 homo
1630 718 84 44 non
1678 718 84 44 est
1725 718 119 44 passio
1809 718 143 44 alicuius
1904 718 60 44 cum

1243 757 80 60 sit
1288 757 160 60 substantia
1437 757 126 60 Quintum
1529 757 92 60 est.
1586 757 92 60 quia
1644 757 126 60 videtur
1735 757 92 60 quod
1793 757 80 60 hoc
1838 757 80 60 sit
1873 757 103 60 praedi-

1248 799 104 52 eatio
1318 799 127 52 vniuoca
1410 799 92 52 deus
1468 799 81 52 est
1514 799 104 52 homo:
1583 799 92 52 quia
1641 799 127 52 species
1733 799 173 52 praedicatur
1872 799 69 52 in
1907 799 92 52 quid

1244 843 75 52 de
1282 843 100 52 illo
1345 843 75 52 de
1382 843 88 52 quo
1432 843 200 52 praedicatur.
1595 843 100 52 homo
1657 843 88 52 est
1707 843 150 52 species.
1820 843 125 52 igitur
1895 843 75 52 etc.

1241 892 126 49 Sextum
1329 892 100 49 est.
1392 892 100 49 quia
1455 892 138 49 videtur
1555 892 100 49 quod
1618 892 88 49 sit
1669 892 126 49 aliqua
1756 892 188 49 praedicatio
1895 892 75 49 ana-

1241 926 126 66 logica:
1332 926 92 66 quia
1390 926 138 66 secundum
1493 926 172 66 philosophum
1631 926 69 66 si
1666 926 115 66 passio
1746 926 80 66 sit
1792 926 138 66 analoga:
1884 926 92 66 medium

1243 973 109 57 erit
1311 973 177 57 analogum.
1447 973 109 57 nunc
1515 973 122 57 autem
1597 973 177 57 subiectum
1733 973 136 57 medium
1828 973 82 57 et
1855 973 109 57 passio

1253 1021 77 58 se
1292 1021 128 58 habent
1382 1021 193 58 vniformiter
1536 1021 141 58 quantum
1638 1021 77 58 ad
1677 1021 180 58 analogiam.
1844 1021 103 58 Ite.
1895 1021 90 58 iiii.

1240 1065 231 51 metaphisice.
1427 1065 101 51 ens
1485 1065 101 51 non
1543 1065 159 51 dicitur
1658 1065 231 51 denominatiue
1846 1065 101 51 nec
1889 1065 87 51 vni-

1247 1109 114 50 uoce
1318 1109 99 50 nec
1375 1109 170 50 equiuoce
1502 1109 99 50 sed
1559 1109 128 50 medio
1644 1109 128 50 modo.
1729 1109 128 50 ponit
1815 1109 170 50 exemplum
1928 1109 57 50 de

1253 1149 105 51 sano
1319 1149 105 51 quod
1385 1149 145 51 dicitur
1490 1149 79 51 de
1530 1149 145 51 animali
1635 1149 79 51 de
1675 1149 119 51 dieta
1754 1149 79 51 de
1793 1149 119 51 vrina
1873 1149 92 51 non
1912 1149 66 51 vni

1249 1196 117 46 uoce
1323 1196 102 46 nec
1381 1196 146 46 equoce
1483 1196 102 46 nec
1542 1196 249 46 denominatiue:
1747 1196 102 46 sed
1805 1196 132 46 medio
1879 1196 102 46 modo.

1239 1235 90 51 et
1284 1235 119 51 iste
1358 1235 134 51 modus
1448 1235 104 51 est
1508 1235 194 51 analogus.
1687 1235 119 51 Item
1761 1235 104 51 ens
1821 1235 164 51 dicitur
1925 1235 60 51 de

1244 1282 92 46 deo
1296 1282 65 46 a
1322 1282 157 46 creatura
1440 1282 183 46 analogice.
1584 1282 170 46 similiter
1715 1282 78 46 de
1754 1282 183 46 substantia
1898 1282 78 46 et
1924 1282 52 46 ad

1249 1326 150 50 cidente
1358 1326 82 50 et
1399 1326 95 50 non
1453 1326 163 50 vniuoce:
1576 1326 109 50 quia
1644 1326 95 50 vox
1698 1326 95 50 est
1752 1326 95 50 vna
1807 1326 82 50 et
1834 1326 136 50 intentio

1246 1368 171 63 diuersa.
1402 1368 114 63 Item
1474 1368 128 63 omnia
1559 1368 157 63 vniuoca
1673 1368 228 63 parificantur
1858 1368 85 63 in
1886 1368 100 63 vniuo

1252 1410 92 55 co.
1305 1410 106 55 deus
1371 1410 79 55 et
1410 1410 132 55 natura
1503 1410 92 55 non
1555 1410 211 55 parificantur
1727 1410 79 55 in
1767 1410 119 55 ente.
1846 1410 106 55 ergo
1899 1410 79 55 etc.

1282 1453 106 68 Item
1349 1453 172 68 conceptus
1481 1453 159 68 vniuocus
1601 1453 119 68 addit
1680 1453 119 68 super
1760 1453 159 68 vniuoca:
1879 1453 80 68 et
1906 1453 66 68 est

1257 1502 161 51 simplex.
1377 1502 80 51 si
1418 1502 134 51 igitur
1511 1502 94 51 ens
1565 1502 94 51 sit
1619 1502 161 51 vniuocum
1740 1502 107 51 deo:
1807 1502 107 51 erit
1860 1502 121 51 aliquid

1256 1546 187 52 simplicius
1402 1546 107 52 deo.
1469 1546 93 52 hoc
1522 1546 93 52 est
1576 1546 147 52 falsum.
1709 1546 93 52 Ite
1763 1546 160 52 vniuocum
1883 1546 93 52 est
1923 1546 53 52 su

1246 1591 138 58 perius
1343 1591 83 58 et
1384 1591 124 58 prius
1467 1591 207 58 vniuocatis:
1632 1591 124 58 nihil
1714 1591 124 58 autem
1797 1591 96 58 est
1838 1591 138 58 superius

1248 1640 86 47 vel
1297 1640 111 47 prius
1371 1640 99 47 deo.
1433 1640 123 47 igitur
1519 1640 99 47 etc.
1605 1640 99 47 Item
1667 1640 99 47 quae
1728 1640 111 47 minus
1802 1640 160 47 differunt
1913 1640 62 47 non

1255 1685 158 49 possunt
1369 1685 200 49 vniuocari.
1527 1685 143 49 igitur
1627 1685 115 49 quae
1699 1685 129 49 magis
1785 1685 186 49 differunt
1913 1685 72 49 non

1258 1719 124 58 possunt
1348 1719 158 58 vniuocari.
1472 1719 180 58 consequentia
1618 1719 79 58 est
1663 1719 158 58 manifesta.
1787 1719 158 58 antecedens
1899 1719 79 58 proba

1257 1767 87 51 tur
1306 1767 74 51 de
1343 1767 136 51 vltimis
1443 1767 198 51 differentiis
1604 1767 99 51 quae
1666 1767 112 51 minus
1740 1767 161 51 differunt
1864 1767 99 51 quam
1914 1767 74 51 deus

1248 1811 79 50 et
1287 1811 172 50 creatura:
1420 1811 106 50 quia
1486 1811 93 50 due
1539 1811 159 50 creature
1658 1811 106 50 plus
1724 1811 185 50 conueniunt
1869 1811 106 50 quod
1922 1811 53 50 de

1258 1845 73 61 et
1294 1845 147 61 creatura
1429 1845 86 61 Ite
1478 1845 98 61 tunc
1539 1845 73 61 in
1576 1845 244 61 praedicationibus
1783 1845 86 61 per
1832 1845 73 61 se
1869 1845 110 61 esset
1930 1845 61 61 cir

1256 1898 141 52 culatio.
1362 1898 106 52 patet
1433 1898 94 52 quia
1492 1898 82 52 ens
1539 1898 177 52 praedicatur
1680 1898 71 52 de
1716 1898 94 52 bono
1775 1898 71 52 et
1810 1898 106 52 vero.
1881 1898 71 52 et
1904 1898 71 52 econ

1246 1934 145 60 uerso:
1348 1934 131 60 bonum
1435 1934 87 60 et
1479 1934 131 60 verum
1566 1934 87 60 de
1610 1934 116 60 ente
1712 1934 116 60 Item
1784 1934 116 60 omne
1843 1934 145 60 vniuocum

1257 1983 132 57 ponitur
1353 1983 72 57 in
1389 1983 192 57 diffinitione
1545 1983 144 57 vniuoci:
1654 1983 96 57 quia
1714 1983 120 57 aliter
1798 1983 168 57 diffinitio
1918 1983 60 57 non

1246 2027 195 52 explicaret
1399 2027 125 52 totam
1483 2027 181 52 essentiam
1623 2027 195 52 diffiniti:
1776 2027 98 52 sed
1832 2027 98 52 ens
1887 2027 98 52 non
1929 2027 56 52 po

1250 2070 102 57 nitur
1318 2070 68 57 in
1352 2070 182 57 diffinitione
1499 2070 148 57 alicuius.
1613 2070 113 57 igitur
1692 2070 91 57 etc.
1772 2070 91 57 Item
1828 2070 68 57 si
1863 2070 91 57 sic:
1908 2070 68 57 tunc

1260 2116 72 61 in
1296 2116 97 61 omni
1356 2116 193 61 diffinitione
1513 2116 109 61 esset
1586 2116 145 61 nugatio:
1694 2116 97 61 quia
1755 2116 157 61 poneretur
1875 2116 84 61 bis
1912 2116 60 61 ess

1289 2165 103 49 Item
1353 2165 77 49 si
1392 2165 103 49 sic.
1456 2165 90 49 aut
1507 2165 90 49 est
1558 2165 167 49 conceptus
1687 2165 141 49 finitus
1789 2165 90 49 aut
1828 2165 154 49 infinitus.

1249 2205 81 49 Si
1290 2205 149 49 finitus
1398 2205 95 49 non
1452 2205 203 49 praedicatur
1614 2205 189 49 formaliter
1763 2205 81 49 de
1803 2205 176 49 infinito.
1925 2205 54 49 Si

1260 2245 156 59 infinitus
1380 2245 84 59 non
1428 2245 181 59 praedicatur
1573 2245 168 59 formaliter
1705 2245 72 59 de
1741 2245 132 59 finito.
1838 2245 120 59 igitur
1910 2245 72 59 etc.

1274 2294 96 62 Ite
1329 2294 165 62 auicenna
1453 2294 82 62 in
1494 2294 137 62 logica
1590 2294 96 62 sua
1645 2294 82 62 et
1686 2294 151 62 boecius
1796 2294 124 62 super
1864 2294 124 62 praedi-

1255 2333 147 58 camenta
1362 2333 134 58 dicunt
1456 2333 107 58 quod
1523 2333 94 58 ens
1576 2333 94 58 non
1630 2333 94 58 est
1683 2333 174 58 vniuocum:
1817 2333 94 58 sed
1871 2333 94 58 est
1911 2333 67 58 vor

1256 2376 105 59 vna:
1322 2376 92 59 sed
1374 2376 92 59 non
1427 2376 92 59 res
1480 2376 92 59 vna
1559 2376 105 59 Item
1624 2376 171 59 sapientia
1756 2376 158 59 creature
1875 2376 79 59 si
1901 2376 92 59 debet

1265 2420 166 56 diffiniri
1393 2420 115 56 nihil
1469 2420 102 56 vnum
1533 2420 140 56 ponitur
1635 2420 76 56 in
1673 2420 102 56 eius
1736 2420 204 56 diffinitione
1902 2420 76 56 et
1927 2420 64 56 sa-

1252 2465 156 67 pientie
1365 2465 156 67 diuine:
1478 2465 113 67 quia
1549 2465 184 67 sapientia
1691 2465 170 67 creature
1818 2465 99 67 est
1861 2465 127 67 habitus

1261 2506 176 66 mentalis:
1397 2506 95 66 non
1451 2506 95 66 sic
1505 2506 176 66 sapientia
1641 2506 149 66 diuina.
1776 2506 95 66 Ite
1830 2506 95 66 ens
1884 2506 81 66 vt
1911 2506 68 66 si-

1255 2552 156 69 gnificat
1372 2552 117 69 deum.
1450 2552 78 69 si
1489 2552 182 69 significat
1632 2552 91 69 ens
1684 2552 195 69 simpliciter
1840 2552 78 69 vt
1866 2552 130 69 signifi-

1258 2600 100 63 gat
1315 2600 100 63 ens
1372 2600 157 63 creatum
1487 2600 200 63 significat
1644 2600 100 63 ens
1701 2600 100 63 per
1744 2600 243 63 participationem
