2252 3093
263 236 93 71 ens
316 236 80 71 et
356 236 146 71 dicitur
462 236 80 71 de
502 236 159 71 subiecto
621 236 80 71 et
661 236 173 71 accidente
794 236 93 71 sub
847 236 119 71 istis
913 236 93 71 nomin

266 301 98 50 bus
322 301 84 50 et
364 301 224 50 conceptibus.
546 301 112 50 Alio
616 301 112 50 modo
687 301 84 50 de
729 301 196 50 substantia
869 301 126 50 qualita

267 351 81 52 te
307 351 188 52 quantitate
455 351 108 52 etc.
522 351 94 52 nam
576 351 121 52 sicut
657 351 121 52 sanum
738 351 188 52 significat
872 351 135 52 principa

271 389 112 53 liter
345 389 162 53 sanitatem
470 389 75 53 in
508 389 137 53 animali
608 389 75 53 et
645 389 175 53 significat
783 389 125 53 dietam
870 389 75 53 et
895 389 100 53 vrinam

265 435 81 45 ita
312 435 92 45 quod
369 435 115 45 semper
450 435 138 45 connotat
554 435 150 45 sanitatem
669 435 150 45 animalis:
785 435 81 45 ita
831 435 92 45 quod
889 435 104 45 cibus
946 435 58 45 di-

269 479 118 55 citur
347 479 118 55 sanus
426 479 222 55 denominatiue:
609 479 105 55 quia
674 479 92 55 hoc
727 479 118 55 nomen
805 479 92 55 vel
844 479 144 55 conceptus

262 528 82 41 vt
303 528 205 41 praedicatur
467 528 82 41 de
508 528 123 41 dieta
590 528 164 41 connotat
713 528 150 41 aliquid
809 528 178 41 extrinsecum

268 567 108 46 diete
340 567 96 46 puta
400 567 156 46 sanitatem
520 567 156 46 animalis.
640 567 156 46 similiter
760 567 132 46 dicitur
856 567 72 46 de
892 567 108 46 vrina
952 567 48 46 de

260 615 186 47 nominatiue
406 615 146 47 propter
513 615 133 47 eandem
606 615 146 47 causam.
712 615 107 47 vnde
779 615 146 47 dicitur
885 615 80 47 de
912 615 80 47 cibo

258 660 101 53 quod
321 660 139 53 efficit
422 660 164 53 sanitatem
549 660 76 53 de
586 660 114 53 vrina
662 660 101 53 quia
725 660 88 53 est
776 660 126 53 signum
851 660 139 53 sanitatis

257 706 80 45 in
297 706 160 45 animali.
416 706 120 45 tamen
496 706 146 45 sanitas
603 706 120 45 dicta
683 706 80 45 de
723 706 160 45 sanitate
829 706 160 45 cuiuslibet

248 740 157 57 animalis
366 740 144 57 dicitur
470 740 79 57 de
510 740 92 57 eis
562 740 79 57 in
601 740 105 57 quid
667 740 79 57 et
706 740 144 57 vniuoce
811 740 92 57 non
850 740 144 57 denomina-

264 786 118 49 tiue:
343 786 92 49 ita
395 786 105 49 quod
461 786 118 49 forte
539 786 118 49 sanum
618 786 118 49 primo
696 786 105 49 modo
762 786 131 49 dictum
854 786 92 49 est
893 786 105 49 tantum

267 832 94 49 vox
320 832 107 49 vna:
387 832 94 49 sed
441 832 148 49 secundo
549 832 107 49 modo
616 832 94 49 est
670 832 107 49 vnus
737 832 175 49 conceptus
871 832 81 49 et
898 832 94 49 eodem

257 876 107 56 modo
324 876 94 56 est
377 876 81 56 de
418 876 107 56 ete:
485 876 107 56 quia
552 876 107 56 ista
619 876 94 56 vox
673 876 94 56 vno
726 876 107 56 modo
794 876 148 56 accepta
888 876 107 56 signi-

256 919 137 47 ficat
347 919 229 47 substantiam
530 919 259 47 principaliter
744 919 183 47 mediante
866 919 122 47 aliquo

266 960 160 48 conceptu
386 960 146 48 proprio
492 960 146 48 omnibus
599 960 200 48 substantiis
758 960 80 48 et
798 960 186 48 secundario
931 960 67 48 si-

248 1018 187 41 gnificat
389 1018 141 41 omnia
483 1018 219 41 accidentia
654 1018 234 41 mediantibus
826 1018 172 41 pluribus.

264 1057 200 40 conceptibus.
426 1057 75 40 et
463 1057 87 40 ens
513 1057 87 40 sic
563 1057 125 40 dictum
650 1057 137 40 dicitur
750 1057 75 40 in
787 1057 100 40 quid
850 1057 75 40 de
875 1057 112 40 omnibus

250 1091 224 55 substantiis
430 1091 90 55 et
474 1091 180 55 mediante
609 1091 105 55 vno
669 1091 180 55 conceptu
804 1091 90 55 et
833 1091 165 55 denomina-

251 1136 105 49 tiue
317 1136 79 49 de
356 1136 158 49 quolibet
474 1136 184 49 accidente:
618 1136 105 49 quia
684 1136 92 49 sic
737 1136 92 49 non
789 1136 144 49 dicitur
894 1136 79 49 de
920 1136 66 49 ac-

253 1183 154 49 cidente
365 1183 112 49 nisi
435 1183 196 49 connotando
589 1183 210 49 substantiam
756 1183 98 49 cui
798 1183 182 49 attribuitur

246 1226 146 55 tanquam
352 1226 186 55 dispositio
498 1226 106 55 eius
565 1226 80 55 et
605 1226 146 55 tanquam
711 1226 186 55 principale
844 1226 133 55 signifi-

249 1272 110 46 catum
322 1272 123 46 illius
408 1272 110 46 sicut
482 1272 110 46 sanum
556 1272 135 46 dicitur
654 1272 74 46 de
690 1272 147 46 sanitate
801 1272 74 46 in
838 1272 98 46 omni
887 1272 98 46 anima-

253 1314 83 47 li
295 1314 165 47 vniuoce:
419 1314 110 47 quia
487 1314 193 47 significat
639 1314 124 47 omnem
722 1314 124 47 talem
804 1314 179 47 sanitatem
928 1314 69 47 me-

245 1363 143 47 diante
345 1363 100 47 vno
402 1363 186 47 conceptu:
545 1363 86 47 et
587 1363 200 47 significat
745 1363 129 47 cibum
830 1363 86 47 et
859 1363 114 47 vrinam

257 1403 203 50 mediantibus
420 1403 163 50 pluribus
542 1403 203 50 conceptibus
705 1403 81 50 et
745 1403 203 50 secundario.
894 1403 95 50 tamen

251 1447 130 49 semper
342 1447 182 49 connotando
485 1447 169 49 sanitatem
615 1447 78 49 in
653 1447 156 49 animali:
770 1447 104 49 ideo
835 1447 143 49 dicitur
926 1447 52 49 de

257 1491 173 59 nominatiue
392 1491 74 59 de
429 1491 99 59 cibo
491 1491 74 59 et
528 1491 123 59 vrina.
615 1491 74 59 et
652 1491 86 59 sic
701 1491 173 59 intelligit
825 1491 160 59 philosophus

256 1535 138 55 quarto
353 1535 220 55 metaphisice.
532 1535 83 55 et
573 1535 96 55 ita
628 1535 124 55 forte
711 1535 110 55 erat
779 1535 83 55 de
821 1535 110 55 ente
890 1535 83 55 in
917 1535 69 55 li-

250 1587 83 48 gua
298 1587 107 48 greca
369 1587 71 48 in
404 1587 83 48 qua
452 1587 166 48 loquebatur
582 1587 178 48 philosophus
725 1587 83 48 sed
772 1587 83 48 sic
820 1587 83 48 non
855 1587 119 48 loquimui

254 1629 83 44 de
296 1629 110 44 ente
365 1629 83 44 in
406 1629 193 44 proposito:
558 1629 97 44 sed
613 1629 83 44 de
655 1629 110 44 ente
724 1629 110 44 quod
793 1629 124 44 omnem
862 1629 124 44 naturam

250 1670 187 55 positiuam
394 1670 245 55 substantialem
596 1670 87 55 et
639 1670 231 55 accidentalem
812 1670 173 55 significat

252 1721 106 43 eque
318 1721 120 43 primo
398 1721 80 43 et
438 1721 93 43 non
491 1721 120 43 prius
571 1721 199 43 substantiam
730 1721 106 43 quam
797 1721 173 43 accidens:
917 1721 66 43 nec

241 1757 201 55 econuerso.
398 1757 100 55 Pro
456 1757 229 55 vniuocatione
642 1757 143 55 nescio
742 1757 115 55 nisi
814 1757 143 55 tantum
900 1757 86 55 vnam

256 1801 165 44 rationem
380 1801 83 44 in
421 1801 124 44 cuius
504 1801 151 44 virtute
614 1801 124 44 omnes
696 1801 110 44 alie
765 1801 165 44 rationes
875 1801 110 44 tenent

252 1839 79 56 et
291 1839 92 56 est
344 1839 105 56 ista
409 1839 118 56 omnes
488 1839 170 56 concedunt
619 1839 105 56 quod
684 1839 144 56 aliquam
789 1839 157 56 noticiam
894 1839 92 56 incom

244 1887 142 53 plexam
343 1887 156 53 habemus
457 1887 85 53 de
499 1887 99 53 deo
556 1887 99 53 pro
613 1887 128 53 statu
698 1887 128 53 isto:
783 1887 128 53 etiam
868 1887 85 53 de
896 1887 71 53 sul

247 1939 151 49 stantia
357 1939 138 49 creata
454 1939 179 49 materiali
591 1939 83 49 et
633 1939 220 49 immateriali.
812 1939 110 49 Tunc
867 1939 110 49 quaero

250 1982 138 42 quando
347 1982 179 42 intelligo
484 1982 110 42 deum
553 1982 234 42 intellectione
746 1982 179 42 complexa:
884 1982 96 42 aut
925 1982 55 42 co

253 2023 121 52 gnosco
338 2023 85 52 eum
386 2023 73 52 in
423 2023 73 52 se
459 2023 85 52 aut
507 2023 73 52 in
544 2023 97 52 alio
604 2023 85 52 non
653 2023 73 52 in
689 2023 73 52 se
726 2023 145 52 secundum
835 2023 121 52 omnes:
907 2023 73 52 quia

250 2071 99 47 nec
307 2071 185 47 intuitiue
449 2071 99 47 nec
505 2071 227 47 abstractiue.
690 2071 99 47 non
747 2071 185 47 intuitiue
875 2071 99 47 patet

241 2107 96 55 nec
296 2107 220 55 abstractiue:
475 2107 110 55 quia
544 2107 110 55 illa
613 2107 220 55 praesupponit
792 2107 138 55 semper
875 2107 110 55 intui-

250 2152 142 45 tionem
349 2152 142 45 saltem
448 2152 85 45 in
491 2152 113 45 illa
562 2152 128 45 forma
647 2152 85 45 in
689 2152 99 45 qua
746 2152 99 45 est
789 2152 184 45 abstractiua

248 2197 155 52 respectu
364 2197 142 52 eiusdem
467 2197 90 52 rei
519 2197 116 52 sicut
596 2197 116 52 alibi
673 2197 129 52 patet.
763 2197 129 52 igitur
853 2197 103 52 etc.
905 2197 77 52 Unde

249 2243 120 42 deus
324 2243 90 42 in
369 2243 90 42 se
414 2243 105 42 non
473 2243 120 42 plus
548 2243 224 42 cognoscitur
728 2243 75 42 a
758 2243 90 42 me
788 2243 194 42 abstractiue

246 2287 88 61 pro
296 2287 113 61 statu
371 2287 100 61 isto
433 2287 100 61 quam
496 2287 100 61 papa
558 2287 100 61 quem
621 2287 138 61 nunquam
721 2287 113 61 vidi:
796 2287 88 61 sed
846 2287 125 61 tantum
921 2287 63 61 co-

251 2334 165 47 gnoscitur
378 2334 76 47 in
416 2334 152 47 conceptu
530 2334 152 47 hominis.
644 2334 101 47 deus
708 2334 127 47 igitur
797 2334 76 47 in
835 2334 76 47 se
873 2334 89 47 non
911 2334 63 47 in-

247 2372 202 48 telligitur
405 2372 72 48 a
434 2372 86 48 me
477 2372 101 48 pro
535 2372 130 48 statu
621 2372 115 48 isto
693 2372 101 48 nec
751 2372 144 48 aliqua
837 2372 130 48 substam

250 2421 103 41 tia
309 2421 132 41 alia.
397 2421 88 41 Si
441 2421 88 41 in
485 2421 132 41 alio:
573 2421 117 41 tunc
646 2421 103 41 aut
705 2421 88 41 in
749 2421 147 41 aliquo
836 2421 147 41 conceptu

253 2460 137 45 communi
352 2460 100 45 sibi
415 2460 75 45 et
452 2460 112 45 aliis
527 2460 87 45 aut
577 2460 75 45 in
615 2460 100 45 alio
677 2460 125 45 reali.
764 2460 75 45 si
802 2460 75 45 in
839 2460 125 45 aliquo
914 2460 75 45 rea-

240 2504 72 54 li
276 2504 84 54 aut
324 2504 108 54 illud
396 2504 191 54 distinguitur
551 2504 60 54 a
575 2504 84 54 deo
623 2504 144 54 secundum
731 2504 144 54 rationem
838 2504 132 54 tantum:
922 2504 60 54 aut

252 2551 151 48 realiter.
369 2551 81 48 non
415 2551 105 48 primo
485 2551 105 48 modo:
555 2551 93 48 quia
613 2551 139 48 probatum
717 2551 81 48 est
764 2551 70 48 in
799 2551 105 48 primo
868 2551 93 48 quod
915 2551 58 48 res

245 2594 89 46 non
296 2594 127 46 potest
385 2594 165 46 distingui
512 2594 64 46 a
537 2594 76 46 re
576 2594 152 46 ratione:
690 2594 89 46 nec
741 2594 203 46 distinguitur
893 2594 89 46 reali

244 2641 108 67 ter:
312 2641 108 67 quia
380 2641 108 67 tunc
448 2641 95 67 cum
502 2641 176 67 intelligo
637 2641 108 67 deum
705 2641 135 67 aliqua
800 2641 95 67 res
841 2641 135 67 singula

1097 260 98 60 ris
1153 260 139 60 creata
1250 260 167 60 terminat
1376 260 251 60 intellectionem
1585 260 167 60 nostram:
1710 260 84 60 et
1738 260 84 60 tunc

1082 311 92 51 non
1134 311 105 51 plus
1200 311 158 51 cognosco
1319 311 105 51 deum
1385 311 105 51 quam
1450 311 184 51 quamcunque
1595 311 118 51 aliam
1674 311 92 51 rem
1727 311 79 51 de
1753 311 66 51 qua

1086 350 114 60 nihil
1162 350 139 60 cogito.
1264 350 101 60 quia
1327 350 101 60 tunc
1390 350 152 60 cognosco
1504 350 127 60 tantum
1593 350 114 60 illam
1669 350 89 60 rem
1707 350 114 60 singula

1080 396 90 56 rem
1132 396 103 56 quae
1196 396 155 56 terminat
1312 396 193 56 cognitionem
1466 396 155 56 nostram.
1582 396 129 56 igitur
1672 396 142 56 oportet
1763 396 52 56 ne

1098 443 159 51 cessario
1217 443 132 51 ponere
1309 443 106 51 quod
1376 443 212 51 intelligendo
1547 443 106 51 deum
1614 443 93 51 pro
1667 443 119 51 statu
1733 443 79 51 isto

1086 481 153 53 cognoscam
1204 481 94 53 deum
1263 481 71 53 in
1299 481 142 53 conceptu
1405 481 130 53 communi
1499 481 94 53 sibi
1558 481 71 53 et
1594 481 118 53 aliis.
1676 481 83 53 ita
1724 481 94 53 quod
1771 481 47 53 il

1087 522 95 64 lud
1142 522 109 64 quod
1210 522 163 64 terminat
1332 522 122 64 actum
1413 522 217 64 intelligendi
1589 522 95 64 est
1644 522 149 64 aliquid
1739 522 81 64 vnum

1089 566 105 57 sine
1154 566 209 57 multitudine:
1324 566 78 57 et
1363 566 118 57 illud
1442 566 92 57 est
1494 566 144 57 commune
1599 566 78 57 ad
1638 566 118 57 multa
1730 566 78 57 Item

1083 618 79 48 ex
1122 618 145 48 notitia
1228 618 184 48 inconplexa
1373 618 119 48 vnius
1452 618 92 48 rei
1504 618 79 48 in
1544 618 79 48 se
1583 618 92 48 non
1636 618 132 48 potest
1715 618 92 48 causa

1082 658 79 61 ri
1121 658 146 61 notitia
1227 658 185 61 inconplexa
1373 658 159 61 alicuius
1492 658 93 61 rei
1545 658 79 61 in
1585 658 93 61 se:
1638 658 119 61 sicut
1717 658 79 61 in
1744 658 79 61 pro-

1083 697 105 58 logo
1149 697 132 58 dictum
1241 697 105 58 est.
1307 697 105 58 Unde
1372 697 224 58 quantumcumque
1557 697 132 58 videas
1649 697 171 58 essentiam
1767 697 53 58 di

1079 747 122 50 uinam
1161 747 122 50 clare
1242 747 149 50 nunquam
1350 747 149 50 videbis
1458 747 95 50 per
1512 747 95 50 hoc
1566 747 135 50 asinum
1661 747 81 50 in
1702 747 95 50 se:
1742 747 68 50 ita

1081 788 99 56 quod
1142 788 87 56 vna
1192 788 136 56 notitia
1291 788 148 56 causetur
1402 788 74 56 ex
1439 788 111 56 alia.
1513 788 124 56 igitur
1600 788 74 56 si
1637 788 136 56 notitia
1723 788 87 56 incon

1084 837 128 53 plexa
1169 837 170 53 creature
1297 837 156 53 duceret
1410 837 85 53 in
1453 837 170 53 notitiam
1581 837 213 53 incomplexam
1737 837 71 53 dei

1082 879 91 49 hoc
1134 879 104 49 erit
1199 879 78 49 in
1239 879 157 49 conceptu
1356 879 144 49 communi
1461 879 157 49 creature
1578 879 78 49 et
1617 879 104 49 deo.
1682 879 78 49 et
1722 879 91 49 hoc
1761 879 52 49 mo

1081 919 83 59 do
1123 919 152 59 concedo
1233 919 110 59 quod
1302 919 152 59 notitia
1412 919 193 59 inconplexa
1564 919 165 59 alicuius
1674 919 138 59 creature

1077 963 73 63 in
1113 963 73 63 se
1150 963 109 63 ducit
1222 963 73 63 in
1259 963 146 63 notitiam
1368 963 146 63 alterius
1477 963 85 63 rei
1526 963 73 63 in
1562 963 146 63 conceptu
1672 963 133 63 communi
1756 963 49 63 si

1082 1013 98 51 cut
1138 1013 98 51 per
1194 1013 167 51 notitiam
1319 1013 209 51 incomplexam
1486 1013 181 51 albedinis
1626 1013 112 51 quam
1695 1013 112 51 vidi
1751 1013 56 51 du

1080 1048 89 69 eor
1131 1048 76 69 in
1169 1048 152 69 notitiam
1283 1048 152 69 alterius
1397 1048 165 69 albedinis
1524 1048 101 69 quam
1587 1048 139 69 numquam
1688 1048 114 69 vidi:
1752 1048 63 69 per

1076 1092 104 65 hoc
1135 1092 119 65 quod
1210 1092 74 65 a
1239 1092 133 65 prima
1328 1092 178 65 albedine
1461 1092 178 65 abstraho
1595 1092 193 65 conceptum
1728 1092 89 65 albe

1072 1140 129 57 dinis
1158 1140 100 57 qui
1215 1140 244 57 indifferenter
1416 1140 172 57 respicit
1545 1140 115 57 vnam
1617 1140 186 57 albedinem
1746 1140 57 57 et

1078 1188 131 51 aliam
1165 1188 131 51 eodem
1252 1188 116 51 modo
1324 1188 87 51 ex
1368 1188 145 51 aliquo
1469 1188 203 51 accidente:
1629 1188 116 51 quod
1701 1188 116 51 vidi
1759 1188 58 51 ab

1080 1226 138 63 straho
1177 1226 180 63 conceptum
1315 1226 124 63 entis
1398 1226 111 63 quie
1467 1226 97 63 non
1523 1226 111 63 plus
1592 1226 166 63 respicit
1716 1226 124 63 illud

1082 1274 135 60 accidens
1183 1274 90 60 quam
1239 1274 180 60 substantiam:
1385 1274 79 60 nec
1430 1274 90 60 plus
1486 1274 146 60 creaturam
1598 1274 90 60 quam
1654 1274 101 60 deum.
1721 1274 67 60 et
1744 1274 67 60 ideo

1078 1313 89 62 in
1123 1313 119 62 illo
1197 1313 178 62 conceptu
1330 1313 104 62 non
1390 1313 104 62 est
1449 1313 148 62 aliqua
1553 1313 193 62 prioritas
1701 1313 104 62 qua
1746 1313 74 62 vna

1076 1366 93 55 res
1129 1366 93 55 sit
1182 1366 120 55 prior
1262 1366 107 55 alia
1329 1366 80 55 in
1369 1366 80 55 se
1409 1366 120 55 sicut
1488 1366 93 55 nec
1542 1366 80 55 in
1582 1366 160 55 conceptu
1688 1366 120 55 hominis

1086 1402 91 59 est
1138 1402 117 59 plato
1216 1402 117 59 prior
1293 1402 129 59 sorte:
1384 1402 117 59 licet
1461 1402 129 59 sortes
1552 1402 78 59 in
1591 1402 78 59 se
1630 1402 91 59 sit
1682 1402 129 59 prior.
1759 1402 52 59 In

1069 1452 137 61 virtute
1168 1452 149 61 rationis
1280 1452 162 61 praedicte
1404 1452 112 61 tenet
1479 1452 112 61 prima
1554 1452 112 61 ratio
1628 1452 100 61 Ioh.
1691 1452 75 61 de
1715 1452 100 61 conce-

1087 1499 75 43 ptu
1130 1499 97 43 dubio
1195 1499 65 43 et
1227 1499 108 43 certo.
1303 1499 108 43 aliter
1378 1499 86 43 non.
1432 1499 86 43 Unde
1486 1499 86 43 ista
1540 1499 140 43 responsio
1648 1499 129 43 communis
1734 1499 65 43 quae

1069 1542 104 51 datur
1139 1542 151 51 sufficit.
1255 1542 139 51 scilicet
1359 1542 93 51 quod
1417 1542 174 51 intellectus
1556 1542 81 51 non
1602 1542 81 51 est
1649 1542 127 51 dubius.
1730 1542 81 51 vtrum

1076 1578 69 57 sit
1116 1578 138 57 substantia
1224 1578 69 57 vel
1263 1578 128 57 accidens:
1361 1578 69 57 sed
1401 1578 79 57 scit
1450 1578 69 57 hoc
1489 1578 148 57 disiunctum:
1607 1578 79 57 quod
1656 1578 69 57 est
1686 1578 118 57 substantia

1077 1629 105 57 vel
1137 1629 195 57 accidens.
1287 1629 135 57 licet
1377 1629 165 57 dubitet
1496 1629 135 57 vtrum
1586 1629 105 57 sit
1631 1629 180 57 determina-

1069 1669 70 51 te
1104 1669 174 51 substantia:
1244 1669 81 51 vel
1290 1669 105 51 vtrum
1360 1669 81 51 sit
1406 1669 174 51 determinate
1546 1669 151 51 accidens.
1662 1669 93 51 Unde
1708 1669 93 51 potest

1071 1716 99 49 dici
1133 1716 99 49 quod
1195 1716 87 49 est
1244 1716 124 49 certus
1331 1716 99 49 quod
1393 1716 87 49 est
1443 1716 87 49 ens
1492 1716 74 49 in
1529 1716 112 49 voce.
1604 1716 87 49 ita
1653 1716 99 49 quod
1703 1716 99 49 certi-

1066 1765 120 51 tudo
1141 1765 135 51 entis
1231 1765 105 51 est
1290 1765 90 51 in
1335 1765 135 51 voce:
1425 1765 90 51 et
1470 1765 165 51 dubitat
1590 1765 90 51 in
1634 1765 120 51 voce
1694 1765 105 51 vtrum

1073 1804 191 54 determinate
1226 1804 89 54 sit
1277 1804 178 54 substantia
1417 1804 89 54 vel
1468 1804 165 54 accidens.
1595 1804 89 54 sed
1646 1804 76 54 in
1684 1804 114 54 mente
1747 1804 64 54 non

1071 1849 94 53 est
1124 1849 134 53 certus
1218 1849 107 53 quod
1285 1849 94 53 sit
1339 1849 107 53 ens.
1406 1849 107 53 quia
1473 1849 80 53 in
1513 1849 121 53 mente
1594 1849 94 53 non
1647 1849 121 53 habet
1715 1849 80 53 nis-

1068 1894 155 51 conceptum
1187 1894 179 51 substantiae
1331 1894 84 51 vel
1378 1894 179 51 accidentis.
1522 1894 72 51 Et
1557 1894 95 51 ideo
1617 1894 107 51 licet
1689 1894 95 51 sint
1736 1894 72 51 tres

1062 1935 130 52 termini
1157 1935 71 52 in
1192 1935 107 52 voce.
1263 1935 95 52 ens.
1323 1935 178 52 substantia.
1465 1935 154 52 accidens.
1583 1935 71 52 ex
1618 1935 118 52 quibus
1689 1935 107 52 possunt

1068 1979 140 53 formari
1170 1979 102 53 tres
1233 1979 216 53 propositiones
1411 1979 76 53 in
1449 1979 114 53 voce.
1526 1979 152 53 scilicet
1640 1979 102 53 deus
1703 1979 89 53 est
1741 1979 64 53 ens

1063 2029 97 51 deus
1123 2029 84 51 est
1172 2029 193 51 ssubstantia.
1328 2029 97 51 deus
1389 2029 84 51 est
1437 2029 157 51 accidens.
1558 2029 109 51 tamen
1630 2029 72 51 in
1666 2029 109 51 mente
1727 2029 72 51 sunt

1062 2070 118 48 tantum
1145 2070 83 48 duo
1192 2070 142 48 termini.
1299 2070 95 48 puta
1358 2070 154 48 conceptus
1476 2070 177 48 substantiae
1618 2070 71 48 et
1641 2070 154 48 accidenter.

1061 2111 79 51 si
1100 2111 119 51 tamen
1180 2111 79 51 in
1220 2111 119 51 mente
1299 2111 106 51 sunt
1365 2111 106 51 tres
1431 2111 146 51 termini
1537 2111 79 51 ex
1577 2111 132 51 quibus
1656 2111 146 51 formantur

1069 2159 113 51 tres
1139 2159 240 51 propositiones
1337 2159 85 51 in
1380 2159 127 51 mente
1464 2159 127 51 sicut
1549 2159 85 51 in
1591 2159 127 51 voce.
1676 2159 85 51 et
1704 2159 85 51 tunc

1072 2204 209 44 argumentum
1236 2204 104 44 est
1296 2204 149 44 bonum.
1400 2204 119 44 puta
1474 2204 89 44 si
1519 2204 89 44 in
1564 2204 134 44 mente
1653 2204 119 44 sint
1713 2204 89 44 tres

1062 2243 204 54 propositiones
1230 2243 168 54 distincte.
1362 2243 96 54 deus
1422 2243 84 54 est
1471 2243 96 54 ens.
1531 2243 96 54 deus
1591 2243 84 54 est
1627 2243 168 54 ssubstantia.

1069 2294 94 52 deus
1128 2294 82 52 est
1175 2294 152 52 accidens.
1292 2294 82 52 ita
1339 2294 94 52 quod
1397 2294 59 52 a
1421 2294 105 52 parte
1491 2294 164 52 praedicati
1620 2294 94 52 sint
1679 2294 94 52 tres
1726 2294 70 52 ter-

1071 2335 114 45 mini.
1147 2335 101 45 tunc
1210 2335 139 45 oportet
1312 2335 101 45 quod
1375 2335 89 45 ens
1425 2335 89 45 sit
1476 2335 101 45 vnus
1539 2335 76 45 in
1577 2335 114 45 mente
1640 2335 152 45 distinctus

1063 2383 57 43 a
1085 2383 158 43 substantia
1210 2383 68 43 et
1244 2383 158 43 accidente.
1368 2383 68 43 et
1402 2383 91 43 ille
1459 2383 79 43 non
1504 2383 124 43 possunt
1594 2383 91 43 esse
1651 2383 79 43 ens
1696 2383 68 43 in
1719 2383 79 43 singu

1066 2422 124 48 lari:
1149 2422 83 48 ex
1190 2422 97 48 quo
1246 2422 83 48 in
1287 2422 110 48 illo
1356 2422 152 48 termino
1467 2422 193 48 conueniunt
1619 2422 110 48 deus
1688 2422 83 48 et
1715 2422 83 48 crea

1065 2463 83 52 tura.
1120 2463 92 52 igitur
1185 2463 74 52 ille
1231 2463 111 52 terminus
1314 2463 74 52 erit
1361 2463 120 52 communis.
1453 2463 120 52 similiter
1545 2463 65 52 est
1582 2463 55 52 de
1610 2463 139 52 substantia.
1721 2463 74 52 quia
1758 2463 37 52 in

1055 2514 140 53 termino
1157 2514 192 53 substantiae
1311 2514 77 53 vt
1349 2514 89 53 est
1400 2514 77 53 in
1438 2514 115 53 mente
1515 2514 102 53 modo
1579 2514 166 53 praedicto
1694 2514 102 53 conue-

1059 2555 109 55 niunt
1131 2555 97 55 esse
1192 2555 169 55 substantie
1325 2555 109 55 eodem
1397 2555 97 55 modo
1458 2555 73 55 de
1494 2555 169 55 accidente.
1627 2555 73 55 et
1663 2555 97 55 tunc
1711 2555 85 55 erunt

1055 2600 102 51 tres
1119 2600 140 51 termini
1221 2600 153 51 communes
1336 2600 102 51 siue
1400 2600 166 51 conceptus
1527 2600 166 51 communes.
1655 2600 77 51 et
1693 2600 102 51 tunc
1744 2600 51 51 si

1060 2639 81 56 sit
1107 2639 116 56 certus
1188 2639 70 56 in
1223 2639 105 56 mente
1293 2639 93 56 quod
1351 2639 93 56 deus
1409 2639 81 56 est
1455 2639 93 56 ens.
1513 2639 139 56 scilicet
1618 2639 93 56 quod
1676 2639 93 56 iste
1722 2639 70 56 com
