2226 3080
396 231 148 62 corpus
500 231 118 62 meum
573 231 103 62 ita
632 231 89 62 vt
677 231 148 62 ardeam
780 231 89 62 et
824 231 192 62 caritatem
972 231 103 62 non
1016 231 118 62 habeam

409 292 130 47 nihil
495 292 115 47 sum.
567 292 115 47 Alie
639 292 130 47 autem
726 292 173 47 virtutes
855 292 187 47 requirunt
985 292 144 47 naturali

410 337 93 45 ter
463 337 93 45 tam
516 337 119 45 actum
595 337 106 45 quam
661 337 146 45 habitum
767 337 79 45 in
807 337 119 45 parte
886 337 172 45 sensitiua
1019 337 79 45 et
1045 337 93 45 gene.

413 375 147 54 rantur
516 375 88 54 ex
560 375 161 54 actibus
677 375 205 54 voluntatis
839 375 88 54 et
883 375 191 54 requirunt
1015 375 117 54 carita

410 420 86 53 tem
459 420 74 53 ad
496 420 86 53 hoc
545 420 98 53 quod
606 420 135 53 causent
704 420 110 53 actum
778 420 184 53 meritorium:
925 420 86 53 ita
974 420 98 53 quod
1035 420 74 53 in
1059 420 74 53 omni

406 460 115 50 actu
477 460 186 50 meritorio
620 460 158 50 caritas
735 460 100 50 est
792 460 129 50 causa
878 460 186 50 efficiers
1007 460 129 50 partia-

416 505 104 57 lis:
481 505 117 57 tamen
559 505 130 57 virtus
651 505 130 57 potest
742 505 104 57 esse
807 505 143 57 moralis
911 505 183 57 sufficiens
1042 505 91 57 quam-

407 547 100 55 tum
464 547 86 55 ad
507 547 215 55 moralitatem
678 547 186 55 naturalem
821 547 86 55 si
864 547 143 55 habeat
950 547 186 55 circumstan-

412 601 92 48 tias
469 601 126 48 debitas
560 601 92 48 tali
618 601 126 48 virtuti
709 601 137 48 secundum
812 601 126 48 naturam
904 601 92 48 sic.
961 601 160 48 philosophi
1076 601 57 48 fue

407 634 106 58 runt
473 634 160 58 virtuosi
593 634 106 58 sine
659 634 106 58 omni
726 634 173 58 caritate:
859 634 93 58 sed
912 634 120 58 actum
978 634 160 58 meritorium

410 681 109 54 non
473 681 171 54 possunt
597 681 155 54 habere
706 681 124 54 sine
784 681 187 54 caritate
923 681 78 54 â‹
954 681 93 54 Ad
1001 681 140 54 aliud
1079 681 62 54 di

401 734 80 51 co
441 734 121 51 sicut
521 734 134 51 dictum
615 734 94 51 est
669 734 121 51 super
749 734 161 51 prologum
869 734 107 51 quod
936 734 188 51 speculatio
1070 734 54 51 pu

402 769 164 55 rissima:
525 769 109 55 quia
594 769 96 55 est
648 769 150 55 aliquid
757 769 178 55 operabile
894 769 68 55 a
921 769 123 55 nobis
1003 769 109 55 quod
1058 769 68 55 est

400 812 88 60 in
444 812 191 60 potestate
592 812 162 60 nostra:
709 812 88 60 et
753 812 103 60 ita
812 812 206 60 extendendo
974 812 132 60 nomen
1048 812 88 60 vir-

399 864 136 52 tutis
489 864 151 52 potest
595 864 211 52 speculatio
761 864 196 52 purissima
912 864 121 52 dici
987 864 151 52 virtus
1078 864 60 52 et

406 905 172 54 virtuosa
535 905 186 54 moraliter
678 905 129 54 sicut
764 905 143 54 potest
864 905 115 54 esse
936 905 186 54 meritoria
1064 905 72 54 si-

411 951 108 50 cut
472 951 139 50 actus
565 951 200 50 quicunque
719 951 154 50 partis
827 951 216 50 sensitiue.
981 951 154 50 Exemplum

400 999 89 45 si
445 999 149 45 certum
549 999 164 45 aliquis
668 999 149 45 potest
772 999 149 45 mereri
877 999 134 45 dando
951 999 179 45 elemosinam

406 1032 100 49 ita
463 1032 143 49 potest
563 1032 157 49 miereri
677 1032 171 49 studendo
805 1032 128 49 circa
891 1032 214 49 geometriam:
1047 1032 86 49 puta

401 1082 88 48 si
445 1082 103 48 hoc
504 1082 147 48 faciat
607 1082 103 48 per
666 1082 220 48 obedientiam
842 1082 147 48 illius
945 1082 103 48 cui
989 1082 132 48 tenetui

401 1132 170 45 obedire:
528 1132 85 45 et
571 1132 113 45 ideo
642 1132 113 45 ille
713 1132 128 45 actus
798 1132 142 45 potest
897 1132 113 45 esse
968 1132 128 45 bonus
1039 1132 85 45 mora

408 1173 132 49 liter
496 1173 88 49 et
540 1173 190 49 virtuosus
686 1173 88 49 et
730 1173 205 49 meritorius
891 1173 132 49 sicut
978 1173 132 49 actus
1051 1173 88 49 par-

393 1216 106 49 tis
453 1216 211 49 sensitiue:
619 1216 106 49 sed
679 1216 106 49 hoc
740 1216 121 49 erit
815 1216 151 49 quadam
906 1216 226 49 denominatione

407 1252 219 65 extrinseca
579 1252 188 65 quatenus
720 1252 141 65 talis
814 1252 141 65 actus
908 1252 203 65 elicitur.
1048 1252 94 65 con-

394 1295 174 53 formiter
524 1295 130 53 recte
611 1295 159 53 rationi
727 1295 87 53 et
770 1295 159 53 imperio
886 1295 203 53 voluntatis
1031 1295 101 53 sicut

402 1341 122 56 actus
484 1341 135 56 partis
578 1341 176 56 sensitiue
713 1341 81 56 et
754 1341 95 56 non
808 1341 203 56 intrinsece:
970 1341 108 56 quia
1037 1341 95 56 sic
1078 1341 54 56 so

408 1396 111 44 lus
472 1396 143 44 actus
567 1396 223 44 voluntatis
742 1396 111 44 est
806 1396 143 44 bonus
901 1396 111 44 vel
965 1396 143 44 malus
1044 1396 80 44 mo-

405 1428 163 57 raliter
524 1428 74 57 â‹
554 1428 89 57 De
598 1428 208 57 distinctis
762 1428 193 57 preceptis
910 1428 178 57 respectu
1029 1428 104 57 actus

405 1468 167 61 interioris
536 1468 72 61 et
572 1468 167 61 exterioris
703 1468 119 61 potest
786 1468 95 61 dici
846 1468 95 61 quod
906 1468 83 61 per
953 1468 95 61 vnum
1001 1468 131 61 preceptum

408 1526 173 52 prohibetur
543 1526 111 52 actus
617 1526 148 52 interior
728 1526 136 52 tantum:
827 1526 86 52 per
876 1526 148 52 secundum
975 1526 148 52 prohibetur

400 1561 119 55 actus
479 1561 159 55 interior
598 1561 79 55 et
638 1561 172 55 exterior:
771 1561 79 55 et
810 1561 93 55 ita
863 1561 106 55 sunt
929 1561 172 55 distincta
1049 1561 79 55 prae

411 1616 118 43 cepta
489 1616 78 43 et
528 1616 170 43 distincta
659 1616 144 43 peccata
763 1616 131 43 aliquo
855 1616 118 43 modo.
933 1616 104 43 quia
998 1616 118 43 licet
1064 1616 65 43 non

408 1649 89 55 sit
459 1649 153 55 peccatum
574 1649 179 55 formaliter
714 1649 102 55 nisi
778 1649 77 55 in
816 1649 102 55 actu
880 1649 166 55 interiori
1008 1649 128 55 quando
1084 1649 51 55 ta

411 1695 93 52 men
464 1695 199 52 prosequitur
623 1695 119 52 magis
703 1695 172 52 complacet
835 1695 80 52 et
875 1695 199 52 delectatur:
1034 1695 80 52 et
1061 1695 66 52 ita

401 1737 117 58 maius
479 1737 169 58 pectatum:
608 1737 78 58 et
647 1737 91 58 ita
699 1737 130 58 duplex
790 1737 156 58 peccatum
907 1737 91 58 non
958 1737 91 58 sic
997 1737 130 58 intelli-

409 1782 114 60 gendo
485 1782 101 60 quod
548 1782 126 60 aliqua
636 1782 114 60 ratio
712 1782 139 60 peccati
813 1782 164 60 consistit
939 1782 76 60 in
977 1782 114 60 opere
1040 1782 101 60 exteri

415 1830 101 48 ori:
478 1830 88 48 sed
529 1830 126 48 quando
617 1830 88 48 est
667 1830 151 48 operatio
780 1830 151 48 exterior
893 1830 75 48 et
931 1830 151 48 operatio
1031 1830 101 48 interi

400 1871 82 47 or
441 1871 192 47 intenditur
592 1871 82 47 et
633 1871 96 47 fit
688 1871 123 47 actus
771 1871 178 47 intensior
908 1871 82 47 et
935 1871 206 47 delectabilior

404 1912 101 58 quam
468 1912 127 58 prius:
556 1912 89 58 nec
607 1912 177 58 prohibetur
746 1912 152 58 operatio
860 1912 165 58 exterior:
987 1912 101 58 quia
1050 1912 76 58 in
1075 1912 51 58 eo

410 1952 161 60 consistit
533 1952 111 60 ratio
608 1952 149 60 peccati:
719 1952 87 60 sed
769 1952 136 60 propter
868 1952 124 60 causam
954 1952 136 60 dictam.
1041 1952 99 60 Aliter

410 1998 128 60 potest
500 1998 103 60 dici
564 1998 103 60 quod
628 1998 116 60 actus
705 1998 154 60 interior
821 1998 77 60 et
859 1998 154 60 exterior
962 1998 167 60 prohibentur

412 2043 184 54 distinctis
557 2043 184 54 preceptis:
702 2043 92 54 non
754 2043 105 54 quia
820 2043 105 54 sunt
886 2043 171 54 distincta
1004 2043 132 54 peccatra

419 2085 88 64 quia
474 2085 132 64 pectatum
573 2085 99 64 solum
639 2085 143 64 consistit
749 2085 66 64 in
782 2085 88 64 actu
836 2085 143 64 interiori
946 2085 88 64 quae
1001 2085 110 64 potest
1067 2085 66 64 esse

416 2141 107 48 vnus
483 2141 81 48 et
523 2141 107 48 idem
590 2141 94 48 cum
644 2141 107 48 actu
711 2141 175 48 exteriori
845 2141 81 48 et
886 2141 121 48 sine.
966 2141 94 48 sed
1020 2141 81 48 ne
1047 2141 94 48 detur

416 2176 205 55 simplicibus
580 2176 150 55 occasio
689 2176 164 55 errandi.
812 2176 136 55 potest
907 2176 109 55 enim
975 2176 150 55 aliquis
1071 2176 68 55 cre

420 2221 97 54 dere
481 2221 97 54 quod
542 2221 85 54 est
590 2221 146 54 peccatum
700 2221 110 54 solum
773 2221 122 54 quando
858 2221 110 54 actus
931 2221 146 54 interior
1041 2221 85 54 est
1077 2221 61 54 ma-

414 2269 86 52 lus
463 2269 74 52 et
500 2269 110 52 actus
573 2269 147 52 exterior
684 2269 172 52 similiter.
819 2269 74 52 et
856 2269 86 52 hec
905 2269 86 52 est
954 2269 123 52 opinio
1040 2269 123 52 multoÂ¬

411 2306 80 50 rum
456 2306 91 50 quod
513 2306 80 50 non
558 2306 80 50 est
604 2306 136 50 pectatum
706 2306 68 50 in
740 2306 91 50 sola
797 2306 159 50 voluntate:
922 2306 80 50 sed
968 2306 114 50 tantum
1036 2306 102 50 quantum

421 2350 150 60 ponitur
530 2350 82 60 in
571 2350 136 60 opere.
666 2350 109 60 ideo
734 2350 82 60 ad
775 2350 190 60 remouendum
925 2350 122 60 istam
993 2350 163 60 occasionem

420 2397 132 56 erroris
516 2397 72 56 et
552 2397 72 56 ad
588 2397 180 56 insinuandum
731 2397 96 56 quod
791 2397 84 56 non
839 2397 108 56 solum
911 2397 120 56 tantum
994 2397 84 56 est
1030 2397 120 56 pectatum

414 2440 123 59 quando
500 2440 98 59 homo
561 2440 110 59 habet
635 2440 110 59 actum
708 2440 172 59 interiorem
843 2440 74 59 et
880 2440 172 59 exteriorem
1015 2440 123 59 simul:
1089 2440 61 59 sed

426 2485 124 56 quando
512 2485 112 56 habet
587 2485 112 56 actum
661 2485 186 56 interiorem.
810 2485 99 56 ideo
872 2485 112 56 actus
947 2485 149 56 interior
1058 2485 74 56 et
1083 2485 62 56 ex-

419 2523 144 61 terior
519 2523 216 61 prohibentur
692 2523 202 61 distinctis
851 2523 187 61 preceptis
995 2523 72 61 â‹
1023 2523 86 61 Ad
1052 2523 101 61 aliud

414 2579 104 48 dico
479 2579 78 48 de
518 2579 170 48 punitione
649 2579 144 48 maiori.
753 2579 104 48 dico
819 2579 104 48 quod
884 2579 78 48 de
923 2579 117 48 facto
1001 2579 91 48 tam
1054 2579 91 48 per
1093 2579 52 48 le

417 2620 102 54 ges
475 2620 160 54 diuinas
591 2620 116 54 quam
663 2620 160 54 humanas
779 2620 174 54 grauiora
910 2620 160 54 peccata
1011 2620 145 54 aliquino

1213 223 134 68 minus
1302 223 193 68 puniuntur
1451 223 119 68 quam
1525 223 134 68 minus
1614 223 163 68 grauia.
1732 223 193 68 Exemplum.
1866 223 89 68 fura

1221 279 81 50 ri
1261 279 135 50 asinum
1355 279 94 50 vel
1409 279 121 50 bouem
1490 279 94 50 est
1544 279 121 50 minus
1625 279 162 50 peccatum
1747 279 108 50 quam
1801 279 148 50 prohibere

1224 328 134 49 malum
1313 328 223 49 testimonium
1492 328 104 49 vel
1552 328 164 49 mentiri
1671 328 104 49 vel
1731 328 209 49 mendaciter
1880 328 74 49 dif

1216 371 137 48 famare
1312 371 165 48 aliquem:
1436 371 82 48 et
1477 371 124 48 tamen
1560 371 137 48 primum
1656 371 124 48 magis
1738 371 151 48 punitur
1834 371 124 48 quantum

1210 414 82 56 ad
1251 414 124 56 leges
1334 414 151 56 humanas
1444 414 82 56 de
1485 414 124 56 facto
1567 414 110 56 quam
1636 414 165 56 secundum
1760 414 96 56 non
1815 414 110 56 quia
1870 414 82 56 sunt

1224 456 140 54 maiora
1322 456 154 54 paccam:
1435 456 98 54 sed
1491 456 112 54 quia
1561 456 112 54 sunt
1631 456 154 54 maiores
1743 456 197 54 occasiones
1884 456 70 54 sub

1218 501 175 55 uersionis
1352 501 81 55 et
1392 501 229 55 destructionis
1581 501 94 55 rei
1634 501 161 55 publice.
1755 501 81 55 et
1796 501 121 55 tamen
1863 501 94 55 coram

1215 548 105 58 deo
1275 548 90 58 at
1320 548 196 58 punitione
1471 548 181 58 eternali
1606 548 181 58 secundum
1741 548 135 58 magis
1817 548 135 58 punitur

1215 586 107 62 quam
1282 586 147 62 primum.
1389 586 121 62 Eodem
1469 586 107 62 modo
1536 586 94 62 est
1590 586 80 62 in
1630 586 187 62 proposito.
1777 586 80 62 si
1817 586 107 62 enim
1871 586 80 62 ali-

1213 634 120 57 quis
1288 634 150 57 habeat
1393 634 135 57 actum
1483 634 210 57 voluntatis
1649 634 105 57 ita
1709 634 180 57 intensum
1829 634 120 57 peccam

1220 679 80 52 di
1260 679 120 52 sicut
1340 679 93 52 cum
1393 679 107 52 actu
1459 679 186 52 exteriori:
1606 679 107 52 tunc
1672 679 133 52 tantum
1766 679 146 52 punitur
1859 679 93 52 coram

1222 727 105 49 deo
1282 727 75 49 a
1312 727 226 49 eternaliter
1493 727 121 49 sine
1568 727 121 49 actu
1644 727 196 49 exteriori
1794 727 136 49 sicut
1870 727 75 49 cum

1216 767 122 52 actu:
1298 767 95 52 sed
1352 767 122 52 tamen
1434 767 177 52 punitione
1570 767 177 52 temporali
1706 767 82 52 ad
1747 767 109 52 quam
1815 767 82 52 se
1842 767 109 52 exten-

1227 811 117 46 dunt
1300 811 131 46 leges
1388 811 146 46 humane
1490 811 102 46 pro
1549 811 117 46 actu
1622 811 190 46 interiori
1768 811 102 46 non
1812 811 131 46 punitur

1225 856 96 46 sed
1280 856 138 46 tantum
1377 856 96 46 pro
1432 856 193 46 exteriori.
1583 856 83 46 si
1624 856 124 46 tamen
1707 856 165 46 voluntas
1830 856 96 46 non
1872 856 83 46 habe

1216 900 84 54 at
1258 900 126 54 actum
1342 900 98 54 ita
1398 900 168 54 intensum
1523 900 112 54 sine
1593 900 112 54 actu
1663 900 181 54 exteriori
1802 900 126 54 sicut
1872 900 70 54 cum

1215 945 105 57 actu
1280 945 184 57 exteriori:
1425 945 105 57 quia
1490 945 105 57 plus
1556 945 170 57 complacet
1687 945 131 57 quando
1766 945 170 57 consequitur

1216 988 129 45 malam
1302 988 201 45 voluntatem
1460 988 86 45 in
1503 988 129 45 opere
1590 988 201 45 exteriori:
1748 988 115 45 tunc
1820 988 101 45 non
1863 988 86 45 tan-

1215 1029 103 49 tum
1274 1029 147 49 peccat
1377 1029 88 49 in
1421 1029 191 49 voluntate
1567 1029 117 49 sine
1641 1029 117 49 actu
1714 1029 191 49 exteriori
1846 1029 103 49 sicut

1229 1074 94 52 cum
1282 1074 121 52 actu:
1363 1074 108 52 quia
1430 1074 94 52 cum
1484 1074 161 52 elicitur
1605 1074 121 52 actus
1686 1074 175 52 exterior:
1820 1074 121 52 actus
1888 1074 67 52 in-

1220 1116 135 55 terior
1314 1116 202 55 extenditur:
1476 1116 81 55 et
1516 1116 94 55 ita
1570 1116 189 55 aggrauatur
1718 1116 175 55 pecctatum
1853 1116 81 55 et
1880 1116 81 55 gra-

1228 1162 109 62 uius
1296 1162 149 62 punitur
1405 1162 122 62 coram
1486 1162 95 62 deo
1541 1162 95 62 cum
1595 1162 109 62 actu
1663 1162 177 62 exteriori
1799 1162 109 62 quam
1853 1162 95 62 sine.

1224 1207 94 57 non
1277 1207 121 57 tamen
1358 1207 94 57 pro
1412 1207 175 57 exteriori
1546 1207 94 57 sed
1600 1207 94 57 pro
1653 1207 175 57 interiori
1788 1207 121 57 magis
1855 1207 94 57 inten

1223 1254 109 48 so.
1286 1254 94 48 Ad
1333 1254 109 48 hoc
1395 1254 125 48 sunt
1473 1254 188 48 exempla.
1614 1254 125 48 vnum
1692 1254 109 48 est
1755 1254 172 48 ponamus
1864 1254 94 48 quod

1214 1296 118 45 sint
1288 1296 104 45 duo
1347 1296 89 45 et
1392 1296 163 45 vterque
1510 1296 133 45 eorum
1599 1296 148 45 habeat
1702 1296 207 45 voluntatem
1850 1296 104 45 inter

1215 1339 180 47 ficiendi
1350 1339 180 47 aliquem:
1485 1339 135 47 tamen
1575 1339 150 47 primus
1679 1339 135 47 habet
1769 1339 180 47 intensam
1889 1339 60 47 vo

1226 1383 158 49 luntatem
1344 1383 79 49 et
1384 1383 158 49 secundus
1502 1383 158 49 remissam
1620 1383 79 49 si
1660 1383 145 49 vterque
1765 1383 171 49 precipiat
1883 1383 66 49 ser

1220 1432 78 47 uo
1259 1432 91 47 suo
1311 1432 194 47 interficere
1466 1432 117 47 illum
1544 1432 156 47 hominem:
1661 1432 78 47 si
1700 1432 130 47 seruus
1790 1432 143 47 secundi
1881 1432 65 47 in-

1225 1474 177 46 terficiat
1362 1474 82 46 et
1403 1474 95 46 non
1457 1474 136 46 seruus
1553 1474 123 46 primi
1634 1474 136 46 certum
1730 1474 95 46 est
1784 1474 109 46 quod
1839 1474 109 46 primus

1215 1519 139 48 magis
1307 1519 201 48 peccauit:
1461 1519 123 48 quia
1539 1519 201 48 intentius
1693 1519 108 48 eum
1754 1519 154 48 odiuit
1862 1519 93 48 et
1893 1519 62 48 ma

1222 1557 80 57 gis
1267 1557 92 57 fuit
1325 1557 69 57 ad
1359 1557 80 57 hoc
1405 1557 69 57 vt
1439 1557 206 57 interficeretur
1611 1557 92 57 quam
1668 1557 149 57 secundus:
1782 1557 103 57 tamen
1840 1557 114 57 secundus

1218 1606 117 59 plus
1291 1606 190 59 puniretur
1438 1606 117 59 pena
1511 1606 190 59 corporali
1657 1606 117 59 quam
1730 1606 161 59 primus:
1847 1606 102 59 cum
1891 1606 73 59 ta-

1216 1647 99 60 men
1272 1647 127 60 minus
1357 1647 184 60 peccauit.
1498 1647 141 60 Igitur
1597 1647 184 60 aliquando
1738 1647 127 60 minus
1809 1647 155 60 pectantum

1226 1704 142 48 grauius
1329 1704 155 48 punitur.
1445 1704 77 48 et
1484 1704 103 48 pono
1548 1704 116 48 vltra
1626 1704 103 48 quod
1690 1704 155 48 secundus
1806 1704 142 48 divmins
1896 1704 52 48 pe

1230 1731 165 64 niteret
1350 1731 90 64 de
1395 1731 120 64 mala
1470 1731 195 64 voluntate
1621 1731 90 64 et
1666 1731 180 64 precepto
1801 1731 90 64 et
1831 1731 120 64 primus

1220 1782 102 51 non:
1284 1782 77 51 et
1322 1782 102 51 quod
1386 1782 128 51 seruus
1476 1782 140 51 secundi
1578 1782 192 51 interficiat
1731 1782 115 51 illum
1808 1782 140 51 hominem
1897 1782 64 51 hoc

1226 1825 133 54 posito
1319 1825 133 54 primus
1411 1825 133 54 domins
1504 1825 133 54 peccat
1597 1825 80 54 et
1637 1825 159 54 secundus
1756 1825 93 54 non
1809 1825 80 54 in
1836 1825 119 54 interfe

1225 1868 139 56 ctione
1322 1868 139 56 homis:
1420 1868 83 56 et
1461 1868 125 56 tamen
1545 1868 167 56 secundus
1670 1868 181 56 puniretur
1809 1868 83 56 et
1837 1868 111 56 primus

1223 1911 99 56 non
1279 1911 71 56 â‹
1308 1911 85 56 Ad
1350 1911 127 56 aliud
1435 1911 113 56 dico
1506 1911 113 56 quod
1576 1911 141 56 potest
1675 1911 156 56 glosari
1788 1911 113 56 quod
1845 1911 113 56 exple-

1227 1955 145 48 tione
1324 1955 178 48 malicie
1453 1955 226 48 voluntatis
1631 1955 97 48 in
1679 1955 145 48 opere
1760 1955 194 48 intenditur

1232 2009 125 46 malus
1316 2009 125 46 actus
1399 2009 209 46 voluntatis.
1566 2009 84 46 et
1608 2009 97 46 fit
1664 2009 139 46 peior.
1761 2009 84 46 et
1789 2009 153 46 similiter

1221 2044 209 52 implendo
1377 2044 157 52 malam
1482 2044 244 52 voluntatem
1673 2044 104 52 in
1726 2044 157 52 opere
1813 2044 139 52 potest

1233 2088 154 49 facere
1340 2088 138 49 multa
1432 2088 169 49 peccata
1555 2088 108 49 que
1617 2088 108 49 non
1678 2088 169 49 faceret
1801 2088 92 49 si
1847 2088 108 49 non
1894 2088 61 49 im

1221 2131 147 62 pleret
1324 2131 88 62 et
1368 2131 132 62 quasi
1456 2131 205 62 traheretur
1617 2131 88 62 de
1661 2131 161 62 peccato
1778 2131 88 62 in
1807 2131 147 62 peccatum

1228 2183 116 55 quia
1300 2183 101 55 per
1358 2183 145 55 factum
1459 2183 116 55 suum
1532 2183 217 55 scandalimat
1706 2183 188 55 proximum.
1851 2183 87 55 et
1880 2183 72 55 sic

1236 2220 146 58 potest
1339 2220 131 58 fieri
1426 2220 190 58 miserior.
1572 2220 117 58 Unde
1645 2220 88 58 si
1689 2220 117 58 vnum
1761 2220 175 58 peccatum
1878 2220 73 58 sit

1229 2268 196 53 priuatum
1376 2268 98 53 et
1425 2268 147 53 aliud
1523 2268 196 53 publicum
1670 2268 98 53 de
1719 2268 114 53 quo
1784 2268 131 53 homo
1850 2268 114 53 scan-

1240 2307 201 54 dalimatur:
1397 2307 115 54 tunc
1469 2307 115 54 plus
1541 2307 158 54 punitur
1656 2307 100 54 pro
1713 2307 158 54 publico
1828 2307 115 54 quam
1885 2307 72 54 pro

1236 2356 177 54 priuato.
1369 2356 74 54 â‹
1398 2356 88 54 Ad
1442 2356 133 54 aliud
1531 2356 88 54 de
1575 2356 221 54 integritate
1752 2356 118 54 dico
1825 2356 118 54 quod
1884 2356 74 54 non

1236 2398 121 58 omns
1311 2398 257 58 circunstantie
1523 2398 196 58 aggrauant
1674 2398 181 58 peccatum
1810 2398 121 58 quia
1870 2398 91 58 quod

1235 2451 128 48 actus
1320 2451 170 48 exterior
1448 2451 128 48 fiat:
1533 2451 113 48 tunc
1604 2451 128 48 nihil
1689 2451 142 48 aliter
1788 2451 85 48 ex
1830 2451 99 48 hoc
1873 2451 85 48 pre-

1233 2492 119 46 cise
1307 2492 104 46 non
1367 2492 178 46 aggrauat
1500 2492 193 46 peccatum:
1649 2492 104 46 sed
1708 2492 252 46 circumstantie
1901 2492 59 46 re

1230 2531 148 52 spectu
1334 2531 133 52 actus
1422 2531 207 52 voluntatis
1585 2531 192 52 aggrauant
1732 2531 192 52 peccatum.
1865 2531 89 52 vnde

1233 2579 149 45 quando
1338 2579 149 45 alicui
1442 2579 90 45 ex
1487 2579 90 45 se
1531 2579 104 45 non
1591 2579 179 45 competit
1725 2579 164 45 bonitas
1830 2579 134 45 moralis

1233 2615 105 60 vel
1293 2615 180 60 malicia:
1428 2615 120 60 tunc
1503 2615 105 60 non
1563 2615 135 60 habet
1654 2615 195 60 bonitatem
1804 2615 120 60 nisi
1879 2615 90 60 ex
1909 2615 60 60 in
