2260 3093
249 214 118 73 plus
323 214 236 73 inconueniens
515 214 89 73 de
559 214 118 73 actu
633 214 222 73 intellectus
811 214 118 73 quam
870 214 103 73 appe-

250 276 125 48 titus
333 276 180 48 sensitiui
472 276 97 48 vel
527 276 208 48 voluntatis.
694 276 111 48 puta
763 276 83 48 si
791 276 180 48 intellectus

239 317 131 51 dictet
330 317 104 51 quod
396 317 144 51 tempore
500 317 104 51 tali
565 317 91 51 est
618 317 183 51 studendum:
761 317 78 51 et
800 317 157 51 voluntas
905 317 65 51 in-

241 362 128 58 peret
326 362 213 58 intellectui
496 362 114 58 quod
567 362 156 58 studeat
681 362 156 58 propter
795 362 156 58 honorem
894 362 71 58 dei

243 406 77 47 et
282 406 116 47 alias
359 406 244 47 circumstantias:
564 406 141 47 dicitur
667 406 103 47 tunc
731 406 116 47 actus
808 406 154 47 studendi
911 406 51 47 bo

242 451 99 51 nus
299 451 241 51 denominatione
497 451 213 51 extrinseca.
667 451 85 51 et
710 451 99 51 sic
766 451 184 51 respondeo
908 451 85 51 ad

239 498 118 47 aliud
318 498 66 47 ⁋
344 498 79 47 Ad
383 498 118 47 aliud
462 498 105 47 dico
527 498 105 47 quod
593 498 79 47 ex
632 498 92 47 hoc
685 498 105 47 quod
750 498 157 47 praecise
868 498 92 47 est
907 498 66 47 con

231 543 129 52 formis
321 543 141 52 rationi
424 543 116 52 recte
501 543 90 52 non
553 543 90 52 est
604 543 180 52 virtuosus.
745 543 103 52 quia
810 543 77 52 si
848 543 103 52 deus
900 543 64 52 fa-

241 582 127 50 ceret
325 582 84 50 in
368 582 183 50 voluntate
508 582 99 50 mea
565 582 127 50 actum
649 582 169 50 conforme
776 582 155 50 rationi
874 582 99 50 recte

240 627 179 54 voluntate
378 627 96 54 vel
433 627 137 54 agente
529 627 96 54 non
584 627 124 54 esset
666 627 110 54 ille
735 627 124 54 actus
803 627 165 54 meritorius

238 668 97 53 nec
293 668 193 53 virtuosus.
445 668 83 53 et
487 668 110 53 ideo
556 668 193 53 requiritur
708 668 83 53 ad
749 668 180 53 bonitatem
873 668 97 53 actus

236 716 105 55 quod
302 716 92 55 sit
354 716 79 55 in
393 716 131 55 ptante
485 716 184 55 voluntatis
630 716 158 55 habentis
748 716 118 55 talem
827 716 131 55 actum.
905 716 53 55 Si

238 766 149 48 militer
347 766 95 48 non
401 766 108 48 plus
468 766 95 48 est
522 766 108 48 ille
590 766 122 48 actus
671 766 176 48 virtuosus
806 766 149 48 propter
901 766 54 48 re

234 797 90 66 ctam
290 797 135 66 rationem
391 797 124 66 propter
481 797 101 66 finem
549 797 79 66 vel
594 797 101 66 aliam
661 797 214 66 circumstantiam.
841 797 90 66 quia
886 797 79 66 sicut

236 845 116 50 ratio
313 845 116 50 recta
391 845 90 50 est
442 845 155 50 obiectum
558 845 155 50 partiale
674 845 116 50 actus
751 845 155 50 virtuosi
867 845 90 50 vel
906 845 64 50 vi-

240 889 120 55 ciosi.
324 889 84 55 ita
372 889 108 55 finis
444 889 72 55 et
480 889 120 55 tempus
564 889 168 55 aliquando.
695 889 72 55 et
731 889 108 55 tamen
803 889 120 55 nullus
875 889 84 55 ponit

238 937 100 49 quod
300 937 137 49 bonitas
400 937 112 49 prima
475 937 112 49 actus
550 937 87 49 est
600 937 62 49 a
625 937 100 49 fine
687 937 87 49 vel
737 937 62 49 a
762 937 150 49 tempore.
875 937 87 49 sed
912 937 50 49 so

231 980 106 47 lum
291 980 136 47 actus
382 980 227 47 voluntatis:
564 980 106 47 qui
625 980 136 47 primo
700 980 273 47 impraedicamenta-

236 1028 95 53 lis
291 1028 95 53 est
345 1028 123 53 primo
427 1028 123 53 bonus
509 1028 95 53 vel
564 1028 123 53 malus
645 1028 191 53 moraliter:
795 1028 82 53 et
836 1028 109 53 post
891 1028 68 53 vo-

236 1067 159 54 luntas
347 1067 239 54 denominatur
538 1067 127 54 bona
618 1067 111 54 vel
682 1067 127 54 mala
761 1067 175 54 mediate
873 1067 95 54 actu

236 1111 76 53 et
274 1111 164 53 aliquando
400 1111 114 53 etiam
476 1111 114 53 actus
552 1111 189 53 denominatur
703 1111 214 53 denominatione
867 1111 101 53 extrin

227 1152 139 50 seca.
319 1152 77 50 ⁋
350 1152 93 50 Ad
396 1152 216 50 argumentum
566 1152 216 50 principale
736 1152 123 50 dico
813 1152 123 50 quod
874 1152 93 50 siue

232 1198 123 54 actus
314 1198 178 54 virtuosus
451 1198 96 54 sit
506 1198 137 54 passio
601 1198 109 54 siue
669 1198 191 54 distinctus
820 1198 68 54 a
833 1198 137 54 passione

237 1241 84 53 non
285 1241 84 53 est
333 1241 72 53 in
369 1241 108 53 parte
441 1241 156 53 sensitiua
561 1241 144 53 proprie:
670 1241 84 53 sed
718 1241 204 53 denominatione
874 1241 96 53 quadam

242 1288 127 52 tantum
331 1288 191 52 extrinseca.
484 1288 115 52 sicut
561 1288 115 52 patet
637 1288 76 52 ex
675 1288 140 52 dictis.
777 1288 64 52 ⁋
802 1288 76 52 Ad
841 1288 115 52 aliud
904 1288 64 52 di-

241 1330 77 48 co
280 1330 103 48 quod
344 1330 115 48 omnis
421 1330 154 48 potentia
536 1330 269 48 circumstantionata
767 1330 179 48 operatione
895 1330 64 48 ali

238 1379 111 41 cuius
312 1379 148 41 alterius
422 1379 148 41 potentie
533 1379 98 41 quae
595 1379 98 41 bene
656 1379 123 41 potest
742 1379 111 41 agere
816 1379 74 41 et
853 1379 98 41 male
902 1379 62 41 in-

238 1424 129 51 diget
324 1424 144 51 habitu
424 1424 172 51 virtuoso
554 1424 201 51 dirigente:
712 1424 101 51 sed
769 1424 187 51 appetitus
898 1424 72 51 sen

237 1459 138 50 sitiuus
338 1459 88 50 non
388 1459 88 50 est
438 1459 163 50 huiusmodi
563 1459 213 50 circumscripta
739 1459 175 50 operatione
864 1459 100 50 volun-

243 1503 121 50 tatis
323 1503 67 50 ⁋
350 1503 81 50 Ad
391 1503 121 50 aliud
472 1503 108 50 dico
539 1503 108 50 quod
607 1503 135 50 vicium
701 1503 148 50 proprie
809 1503 94 50 non
863 1503 94 50 est
904 1503 67 50 ni-

237 1549 74 50 si
274 1549 74 50 in
311 1549 173 50 voluntate.
447 1549 87 50 sed
497 1549 149 50 secundum
608 1549 173 50 Augustinum
744 1549 149 50 pectatum
856 1549 99 50 adeo
905 1549 62 50 est

231 1590 178 61 voluntarium
374 1590 95 61 quod
433 1590 71 61 si
469 1590 83 61 non
516 1590 83 61 sit
563 1590 178 61 voluntarium
706 1590 83 61 non
753 1590 83 61 sit
801 1590 142 61 peccatum
896 1590 71 61 etc.

440 1636 209 71 Questio
573 1636 209 71 vndecima.

380 1687 305 82 Trum
571 1687 343 82 omnis
761 1687 191 82 ha-

402 1769 135 62 bitus
492 1769 194 62 virtuosus
641 1769 194 62 generetur
791 1769 90 62 ex
821 1769 135 62 actibus

406 1809 152 65 probatur
520 1809 101 65 quod
584 1809 101 65 non.
647 1809 101 65 quia
711 1809 152 65 vginitas
825 1809 76 65 et
850 1809 114 65 mansue-

235 1864 110 46 tudo
304 1864 206 46 sunthabitus
469 1864 179 46 virtuosi:
607 1864 83 46 et
648 1864 124 46 tamen
730 1864 96 46 non
785 1864 179 46 causantur
909 1864 55 46 ex

232 1897 157 72 actibus
346 1897 100 72 etc
403 1897 71 72 ⁋
431 1897 114 72 Item
502 1897 142 72 quando
602 1897 128 72 actus
687 1897 100 72 est
744 1897 214 72 generatiuus
901 1897 57 72 ha

223 1942 131 58 bitus
311 1942 87 58 ex
355 1942 117 58 alio
428 1942 117 58 actu
500 1942 190 58 generatur
646 1942 131 58 alius
734 1942 175 58 habitus.
850 1942 117 58 igitur

238 1994 112 52 tanta
312 1994 87 52 est
362 1994 175 52 distinctio
499 1994 112 52 inter
574 1994 137 52 habitus
674 1994 125 52 quanta
761 1994 87 52 est
811 1994 112 52 inter
874 1994 87 52 actus

235 2028 82 52 et
276 2028 96 52 tot
331 2028 137 52 essent
427 2028 165 52 virtutes
551 2028 151 52 morales
660 2028 178 52 distincte
797 2028 137 52 specie
880 2028 82 52 quot

232 2079 98 54 sunt
293 2079 110 54 actus
367 2079 160 54 distincti
490 2079 135 54 specie.
588 2079 74 54 et
625 2079 86 54 sic
674 2079 86 54 non
723 2079 123 54 essent
809 2079 123 54 tantum
882 2079 74 54 quat

236 2123 124 47 tuor.
319 2123 69 47 ⁋
347 2123 97 47 Ite
402 2123 83 47 si
444 2123 111 47 sic.
513 2123 111 47 tunc
582 2123 138 47 potest
679 2123 166 47 generari
803 2123 97 47 vna
844 2123 111 47 virtus

233 2168 109 48 alia
301 2168 95 48 non
356 2168 177 48 generata.
492 2168 109 48 quod
560 2168 136 48 falsum
655 2168 109 48 est.
724 2168 109 48 quia
792 2168 95 48 non
832 2168 123 48 habetur

242 2210 96 52 vna
297 2210 137 52 virtus
393 2210 110 52 nisi
461 2210 178 52 habeantur
598 2210 137 52 omnes.
694 2210 68 52 ⁋
722 2210 96 52 Ite
776 2210 82 52 in
817 2210 123 52 parte
886 2210 82 52 sen-

238 2253 121 50 sitiua
323 2253 85 50 non
371 2253 85 50 est
420 2253 133 50 aliquis
517 2253 109 50 actus
589 2253 97 50 nisi
650 2253 121 50 tantum
735 2253 133 50 passio:
832 2253 85 50 sed
868 2253 97 50 passio

240 2300 93 52 non
293 2300 93 52 est
346 2300 186 52 generatiua
492 2300 160 52 habitus.
612 2300 106 52 quia
679 2300 80 52 ad
719 2300 93 52 hoc
772 2300 160 52 sequitur
878 2300 80 52 quod

235 2339 145 59 quanto
336 2339 159 59 aliquis
452 2339 101 59 est
509 2339 130 59 magis
596 2339 232 59 passionatus:
784 2339 130 59 tanto
857 2339 101 59 esset

237 2392 186 47 virtuosior.
385 2392 112 47 illud
460 2392 87 47 est
509 2392 136 47 falsum.
609 2392 99 47 quia
671 2392 124 47 quanto
758 2392 136 47 aliquis
857 2392 87 47 est
894 2392 62 47 ma-

231 2426 105 62 gis
291 2426 224 62 passionatus
470 2426 135 62 tanto
560 2426 105 62 est
620 2426 135 62 magis
710 2426 180 62 viciosus
844 2426 105 62 vel
904 2426 90 62 ad

230 2475 133 59 minus
319 2475 133 59 tanto
408 2475 104 59 est
467 2475 133 59 minus
556 2475 89 59 ad
601 2475 178 59 virtutem
734 2475 222 59 dispositus.
897 2475 59 59 Ad

231 2519 182 53 oppositum.
374 2519 78 53 ii
413 2519 117 53 ethi.
490 2519 117 53 causa
568 2519 78 53 ii
607 2519 91 53 non
659 2519 117 53 solum
737 2519 220 53 generationes:
905 2519 65 53 au-

235 2566 246 49 gmentationes:
437 2566 87 49 et
481 2566 232 49 corruptiones
669 2566 87 49 ab
712 2566 145 49 eisdem
813 2566 87 49 ex
842 2566 116 49 eisdem

233 2604 129 73 fiunt:
324 2604 91 73 sed
375 2604 194 73 operationes
531 2604 78 73 in
570 2604 129 73 eisdem
660 2604 129 73 erunt.
751 2604 104 73 Unde
816 2604 104 73 vult
867 2604 104 73 dicere

1075 217 93 67 quod
1134 217 128 67 habitus
1227 217 163 67 generantur
1355 217 186 67 corrumpuntur
1506 217 70 67 et
1541 217 186 67 augmentantur
1693 217 70 67 ex
1716 217 70 67 acti

1061 280 97 62 bus
1117 280 83 62 ad
1158 280 111 62 quos
1227 280 111 62 sunt
1297 280 111 62 nati
1366 280 180 62 inclinare
1504 280 69 62 ⁋
1532 280 125 62 Circa
1615 280 125 62 istam
1684 280 125 62 quaesti

1052 324 128 47 onem
1132 324 128 47 sunt
1212 324 192 47 quattuor
1356 324 208 47 facienda.
1517 324 80 47 ⁋
1549 324 144 47 Primo
1629 324 160 47 videndum

1058 366 128 56 vtrum
1143 366 171 56 virtutes
1272 366 128 56 nobis
1357 366 143 56 insint
1457 366 71 56 a
1485 366 157 56 natura.
1599 366 157 56 Secundo
1699 366 100 56 vtrum

1066 413 201 53 generantur
1223 413 187 53 effectiue
1367 413 86 53 ex
1410 413 158 53 actibus
1525 413 172 53 nostris.
1654 413 72 53 ⁋
1668 413 115 53 Tertio

1055 458 98 54 ex
1104 458 164 54 quibus
1219 458 181 54 actibus
1350 458 197 54 virtutes
1498 458 246 54 generantur.
1678 458 115 54 Quar-

1057 500 87 49 to
1101 500 87 49 an
1145 500 189 49 distincti
1291 500 131 49 actus
1378 500 146 49 specie
1480 500 117 49 sint
1553 500 233 49 distinctorum
1728 500 58 49 ha

1049 546 159 51 bituum
1160 546 159 51 specie
1272 546 239 51 generatiui.
1463 546 80 51 ⁋
1495 546 175 51 Quantum
1622 546 95 51 ad
1654 546 127 51 primum

1061 587 96 62 est
1116 587 96 62 vna
1171 587 138 62 opinio
1268 587 110 62 quae
1336 587 124 62 ponit
1419 587 110 62 quod
1488 587 165 62 virtutes
1611 587 138 62 insunt
1694 587 96 62 nobis

1057 630 60 50 a
1081 630 131 50 natura:
1176 630 83 50 sed
1224 630 131 50 aliquid
1319 630 119 50 inesse
1402 630 60 50 a
1426 630 119 50 natura
1509 630 143 50 secundum
1616 630 83 50 eam
1664 630 119 50 potest
1735 630 60 50 in-

1067 677 123 52 telligi
1156 677 157 52 dupliciter
1280 677 78 52 vel
1325 677 134 52 secundum
1425 677 101 52 totum
1493 677 78 52 vel
1537 677 134 52 secundum
1638 677 123 52 partem:
1717 677 67 52 quia

1059 720 150 50 partim
1164 720 105 50 est
1224 720 75 50 a
1254 720 150 50 natura
1359 720 90 50 et
1404 720 150 50 partim
1510 720 90 50 ab
1555 720 90 50 ex
1600 720 150 50 eriori
1690 720 90 50 prin

1064 762 114 46 cipio.
1144 762 69 46 Et
1178 762 148 46 similiter
1292 762 126 46 aliquid
1383 762 126 46 dicitur
1475 762 91 46 siue
1532 762 114 46 potest
1612 762 114 46 inesse
1692 762 91 46 homi
1737 762 46 46 du

1062 806 168 50 pliciter.
1192 806 91 50 vno
1243 806 104 50 modo
1308 806 155 50 secundum
1425 806 155 50 rationem
1541 806 155 50 speciei.
1658 806 104 50 alio
1709 806 78 50 modo

1060 853 145 50 secundum
1169 853 145 50 rationem
1277 853 169 50 indiuidui.
1410 853 109 50 Dicit
1482 853 121 50 igitur
1567 853 97 50 quod
1627 853 72 50 in
1651 853 133 50 potentiis

1058 895 231 50 apprehensiuis
1249 895 136 50 potest
1344 895 109 50 esse
1411 895 149 50 habitus
1520 895 177 50 naturalis
1642 895 136 50 secundum

1064 939 183 48 inchoationem
1212 939 69 48 et
1246 939 137 48 secundum
1349 939 137 48 rationem
1452 939 126 48 speciei
1543 939 69 48 et
1577 939 137 48 secundum
1669 939 114 48 rationem

1060 985 200 48 indiuidui.
1217 985 100 48 nam
1274 985 214 48 intellectus
1445 985 100 48 qui
1502 985 100 48 est
1559 985 157 48 habitus
1659 985 128 48 princie

1051 1035 136 46 piorum
1147 1035 123 46 inest
1228 1035 95 46 sic
1283 1035 163 46 secundum
1406 1035 150 46 naturam
1515 1035 95 46 quo
1569 1035 82 46 ad
1596 1035 191 46 inchoationem

1058 1070 107 48 quia
1125 1070 134 48 posito
1218 1070 94 48 hoc
1272 1070 174 48 principio
1405 1070 107 48 omne
1472 1070 120 48 totum
1553 1070 107 48 etc.
1619 1070 134 48 statim
1700 1070 80 48 inte

1059 1114 134 53 lectus
1152 1114 174 53 assentit.
1286 1114 134 53 igitur
1379 1114 94 53 est
1433 1114 134 53 natura
1526 1114 160 53 secundum
1633 1114 147 53 inchoatio

1051 1154 110 57 nem:
1120 1154 96 57 sed
1175 1154 110 57 quia
1244 1154 151 57 termini
1353 1154 96 57 non
1408 1154 220 57 cognoscuntur
1587 1154 110 57 nisi
1656 1154 96 57 per
1697 1154 96 57 speci

1064 1201 86 48 es
1107 1201 201 48 abstractas
1265 1201 72 48 a
1294 1201 259 48 fantasmatibus.
1510 1201 115 48 ideo
1582 1201 86 48 ex
1610 1201 173 48 consequen-

1056 1246 93 45 ti
1103 1246 109 45 est
1165 1246 187 45 cognitio
1305 1246 249 45 principiorum
1507 1246 155 45 partim
1616 1246 93 45 ab
1647 1246 140 45 obiecto

1064 1289 158 50 tanquam
1179 1289 72 50 a
1208 1289 187 50 principio
1352 1289 216 50 extrinseco.
1525 1289 86 50 In
1568 1289 187 50 potentiis
1698 1289 86 50 vero

1051 1333 209 51 appetitiuis
1218 1333 98 51 non
1274 1333 98 51 est
1330 1333 153 51 habitus
1441 1333 70 51 a
1469 1333 139 51 natura
1567 1333 167 51 secundum
1678 1333 112 51 incho-

1051 1383 162 47 ationem
1169 1383 88 47 ex
1213 1383 132 47 parte
1301 1383 147 47 anime:
1404 1383 103 47 sed
1463 1383 147 47 tantum
1566 1383 88 47 ex
1610 1383 132 47 parte
1684 1383 103 47 corpo

1059 1422 102 54 ris.
1123 1422 102 54 quia
1186 1422 127 54 aliqui
1275 1422 153 54 secundum
1390 1422 153 54 diuersas
1504 1422 203 54 complexiones
1670 1422 102 54 sunt
1720 1422 64 54 di-

1049 1465 211 50 uersimode
1211 1465 228 50 dispositi.
1390 1465 114 50 Sed
1455 1465 130 50 ista
1536 1465 163 50 opinio
1650 1465 114 50 est
1699 1465 81 50 con

1053 1505 84 61 tra
1101 1505 179 61 philosophum
1244 1505 131 61 secundo
1339 1505 167 61 ethicorum.
1471 1505 84 61 vbi
1519 1505 119 61 probat
1602 1505 95 61 quod
1662 1505 119 61 virtus
1733 1505 60 61 non

1060 1552 79 46 est
1105 1552 56 46 a
1127 1552 124 46 natura:
1217 1552 90 46 quia
1273 1552 112 46 quando
1352 1552 124 46 aliquis
1442 1552 79 46 est
1487 1552 135 46 assuctus
1588 1552 67 46 ad
1621 1552 157 46 contrarium
1734 1552 56 46 il-

1055 1596 115 50 lius
1127 1596 87 50 ad
1170 1596 115 50 quod
1242 1596 144 50 natura
1343 1596 187 50 inclinat.
1487 1596 115 50 tunc
1559 1596 130 50 illud
1646 1596 101 50 non
1689 1596 101 50 inest

1057 1643 120 44 sibi
1132 1643 75 44 a
1162 1643 150 44 natura
1267 1643 105 44 sed
1327 1643 90 44 in
1372 1643 150 44 multis
1478 1643 255 44 acquirentibus
1673 1643 120 44 virtu-

1055 1686 78 61 tem
1100 1686 78 61 est
1144 1686 89 61 sic.
1200 1686 112 61 igitur
1279 1686 89 61 etc.
1334 1686 67 61 Si
1368 1686 101 61 dicas
1435 1686 89 61 quod
1491 1686 168 61 philosophus
1625 1686 78 61 non
1659 1686 134 61 intelligit

1060 1732 96 50 quod
1120 1732 121 50 virtus
1205 1732 84 50 est
1253 1732 60 50 a
1277 1732 121 50 natura
1361 1732 145 50 secundum
1470 1732 96 50 suum
1530 1732 96 50 esse
1590 1732 169 50 completum:
1723 1732 84 50 sed

1048 1775 140 52 secundum
1153 1775 93 52 esse
1211 1775 198 52 incomplectum:
1374 1775 93 52 quia
1432 1775 140 52 secundum
1537 1775 186 52 inchoationem
1688 1775 70 52 vt
1712 1775 81 52 predi

1050 1819 97 47 ctum
1111 1819 97 47 est.
1172 1819 134 47 Contra.
1269 1819 183 47 philosophus
1415 1819 122 47 probat
1501 1819 97 47 quod
1562 1819 73 47 ex
1598 1819 122 47 eisdem
1671 1819 110 47 generan

1045 1866 104 46 tur
1105 1866 179 46 virtutes
1239 1866 89 46 et
1283 1866 253 46 augmentantur.
1492 1866 89 46 si
1537 1866 149 46 igitur
1641 1866 119 46 sint
1716 1866 74 46 a
1730 1866 60 46 na

1059 1908 103 51 tura
1124 1908 155 51 secundum
1239 1908 103 51 esse
1304 1908 206 51 incompletum.
1471 1908 129 51 igitur
1561 1908 90 51 per
1613 1908 180 51 consimiles
1742 1908 52 51 a-

1053 1950 107 50 ctus
1119 1950 147 50 possunt
1226 1950 187 50 augmentari
1373 1950 80 50 et
1413 1950 107 50 esse
1480 1950 67 50 a
1507 1950 134 50 natura
1600 1950 160 50 secundum
1707 1950 80 50 esse

1049 1996 203 45 completum
1206 1996 109 45 vel
1268 1996 94 45 si
1315 1996 125 45 non.
1393 1996 125 45 tunc
1471 1996 109 45 non
1534 1996 250 45 augmentantur
1721 1996 63 45 ex

1051 2036 169 48 eisdem
1169 2036 101 48 ex
1220 2036 169 48 quibus
1338 2036 253 48 generantur.
1540 2036 135 48 Item
1624 2036 101 48 de
1658 2036 135 48 habiti

1051 2079 102 53 bus
1110 2079 247 53 apprehensiuis
1313 2079 145 53 falsum
1415 2079 102 53 est
1473 2079 116 53 quod
1546 2079 160 53 dicitur
1647 2079 131 53 secundu

1064 2124 189 54 philosophum
1216 2124 126 54 tertio
1304 2124 76 54 de
1342 2124 113 54 anima
1417 2124 189 54 intellectus
1569 2124 88 54 est
1619 2124 113 54 sicut
1682 2124 101 54 tabula

1053 2169 120 45 nuda
1128 2169 90 45 in
1173 2169 105 45 qua
1233 2169 120 45 etc.
1308 2169 105 45 sed
1368 2169 90 45 si
1413 2169 135 45 esset
1504 2169 165 45 habitus
1609 2169 180 45 principio-

1052 2213 98 45 rum
1108 2213 168 45 secundum
1234 2213 224 45 inchoationem
1416 2213 98 45 non
1471 2213 126 45 esset
1555 2213 112 45 sic:
1625 2213 112 45 quia
1695 2213 70 45 a
1709 2213 84 45 natu

1053 2254 77 47 ra
1092 2254 89 47 sua
1143 2254 140 47 haberet
1245 2254 153 47 habitum:
1360 2254 115 47 licet
1436 2254 153 47 secundum
1551 2254 102 47 esse
1602 2254 179 47 imperfectum.

1049 2302 119 50 Item
1124 2302 134 50 ratio
1213 2302 104 50 sua
1273 2302 104 50 est
1333 2302 90 50 ad
1377 2302 194 50 oppositum
1526 2302 90 50 de
1571 2302 149 50 habitu
1661 2302 119 50 princi

1051 2342 170 56 piorum:
1174 2342 123 56 quia
1251 2342 200 56 destructo
1405 2342 123 56 omni
1482 2342 154 56 habitu
1575 2342 200 56 apprehensis

1053 2387 175 48 terminis
1184 2387 131 48 istis
1272 2387 131 48 totum
1359 2387 87 48 et
1403 2387 116 48 pars
1475 2387 146 48 statim
1577 2387 116 48 sine
1650 2387 116 48 omni
1708 2387 73 48 ha-

1058 2431 113 51 bitu
1128 2431 211 51 intellectus
1297 2431 183 51 assentit.
1438 2431 141 51 igitur
1537 2431 99 51 non
1593 2431 169 51 precedit
1706 2431 84 51 ali-

1058 2473 126 62 quis
1137 2473 173 62 habitus
1262 2473 204 62 inclinans
1419 2473 235 62 intellectum
1608 2473 94 62 ad
1639 2473 157 62 assenti-

1053 2525 152 48 endum.
1159 2525 121 48 Item
1235 2525 91 48 in
1280 2525 167 48 secundo
1402 2525 228 48 posteriorum
1584 2525 91 48 in
1629 2525 121 48 fine
1690 2525 91 48 pro-

1055 2564 91 45 bat
1107 2564 195 45 philosophus
1263 2564 104 45 quod
1328 2564 143 45 habitus
1433 2564 208 45 principiorum
1602 2564 182 45 acquiritur
1732 2564 52 45 ex

1056 2608 137 68 actibus
1155 2608 112 68 sicut
1230 2608 137 68 habitus
1330 2608 162 68 scientie:
1455 2608 100 68 quia
1518 2608 137 68 habitus
1605 2608 175 68 principiorum
