2254 3091
421 254 162 65 peratiue
542 254 189 65 formaliter
690 254 202 65 executionem
852 254 121 65 actus
933 254 189 65 exterioris
1068 254 81 65 quam

416 313 143 46 deserat
520 313 169 46 iusticiam
650 313 104 46 ille
715 313 130 46 vtique
806 313 91 46 tam
858 313 78 46 in
897 313 117 46 primo
975 313 104 46 actu
1040 313 104 46 quam
1092 313 52 46 in

422 347 145 54 secundo
527 347 92 54 est
580 347 158 54 perfecte
698 347 158 54 heropcus
816 347 79 54 et
856 347 92 54 non
908 347 131 54 alius.
987 347 158 54 Distinctio

416 392 171 56 numeralis
547 392 144 56 istorum
652 392 131 56 actuum
744 392 79 56 et
783 392 158 56 habituum
902 392 118 56 patet
980 392 92 56 per
1020 392 131 56 separabi

415 435 131 56 litatem
510 435 142 56 ipsorum.
617 435 166 56 distinctio
747 435 154 56 specifica
866 435 107 56 patet
937 435 107 56 primo
1008 435 83 56 per
1044 435 95 56 disti-

414 477 142 50 ctionem
518 477 181 50 specificam
660 477 181 50 obiectorum
802 477 194 50 partialium:
958 477 104 50 quia
1010 477 129 50 imposito

411 520 99 64 quod
472 520 99 64 illa
534 520 99 64 quae
596 520 148 64 ponuntur
707 520 210 64 circumstantie
880 520 148 64 virtutum
991 520 74 64 et
1028 520 74 64 ab
1053 520 86 64 aliis

423 571 104 47 sunt
488 571 143 47 obiecta
592 571 169 47 partialia
722 571 78 47 et
761 571 182 47 secundaria
904 571 130 47 ipsius
995 571 117 47 actus
1060 571 91 47 virtu

420 610 90 50 osi:
476 610 90 50 ideo
532 610 113 50 quando
611 610 101 50 talia
679 610 124 50 obiecta
769 610 147 50 variantur
882 610 135 50 secundum
983 610 124 50 speciem
1062 610 79 50 actus

421 654 84 50 et
463 654 153 50 habitus
574 654 125 50 eorum
658 654 181 50 variantur
797 654 251 50 serumispeciem:
1006 654 97 50 sed
1048 654 97 50 actus

418 697 193 52 cuiuslibet
570 697 138 52 gradus
666 697 193 52 ascendendo
818 697 124 52 habet
901 697 152 52 aliquod
997 697 138 52 obiectum

410 741 73 53 et
446 741 220 53 circumstantiam
629 741 122 53 specie
715 741 98 53 quod
776 741 85 53 non
825 741 110 53 habet
898 741 110 53 alius
971 741 122 53 gradus
1044 741 110 53 inferi-

422 793 90 57 or.
474 793 141 57 Secudum
576 793 128 57 patet:
666 793 103 57 quia
730 793 218 57 quantumcunque
910 793 103 57 vnus
974 793 128 57 gradus
1051 793 90 57 auge-

419 829 121 55 retur
499 829 81 55 in
540 829 175 55 infinitum
675 829 148 55 nunquam
783 829 189 55 inclinabit
931 829 81 55 ad
972 829 121 55 actum
1039 829 108 55 alteri

418 879 66 57 us
451 879 122 57 gradus:
539 879 77 57 sed
584 879 88 57 illa
639 879 88 57 quae
694 879 88 57 sunt
749 879 122 57 eiusdem
838 879 122 57 speciei
926 879 122 57 possunt
1014 879 110 57 habere
1081 879 66 57 effe

424 917 80 53 ctu
469 917 126 53 eiusdem
561 917 138 53 speciei.
665 917 115 53 igitur
745 917 92 53 etc.
802 917 57 53 ⁋
825 917 115 53 Quarta
905 917 161 53 distinctio
1032 917 80 53 est
1066 917 69 53 quod

417 961 139 51 virtus
515 961 195 51 theologica
668 961 181 51 accipitur
807 961 125 51 large
890 961 84 51 et
932 961 167 51 stricte.
1044 961 97 51 large

415 1011 157 47 accipitur
536 1011 85 47 pro
584 1011 169 47 virtutibus
717 1011 169 47 acquisitum
851 1011 97 47 puta
911 1011 85 47 pro
959 1011 97 47 fide
1008 1011 133 47 acquisita

411 1046 119 54 specie
494 1046 166 54 acquisita:
625 1046 142 54 caritate
732 1046 166 54 acquisita.
862 1046 95 54 quia
921 1046 95 54 isti
981 1046 107 54 actus
1040 1046 95 54 habent

423 1093 100 52 deum
485 1093 87 52 pro
535 1093 149 52 obiecto.
646 1093 137 52 stricte
746 1093 162 52 accipitur
870 1093 112 52 solum
945 1093 87 52 pro
995 1093 112 52 istis
1057 1093 87 52 haben

420 1134 103 55 tibus
488 1134 138 55 infusis.
591 1134 57 55 ⁋
614 1134 115 55 Quinta
695 1134 160 55 distinctio
821 1134 80 55 est
866 1134 92 55 quod
924 1134 126 55 aliquis
1015 1134 126 55 habitus
1096 1134 57 55 est

409 1183 183 59 intrinsece
553 1183 118 59 bonus
631 1183 183 59 moraliter:
775 1183 144 59 aliquis
880 1183 183 59 intrinsece
1023 1183 118 59 malus
1089 1183 52 59 et

412 1226 182 52 viciosus:
552 1226 154 52 aliquis
664 1226 140 52 neuter
762 1226 112 52 siue
833 1226 224 52 indifferens.
1001 1226 140 52 Exemplum

412 1274 122 55 primi
494 1274 122 55 velle
575 1274 122 55 orare
657 1274 149 55 propter
765 1274 149 55 honorem
874 1274 109 55 dei:
942 1274 81 55 et
982 1274 109 55 quia
1036 1274 109 55 prece-

430 1306 86 60 ptum
484 1306 76 60 est
527 1306 54 60 a
549 1306 76 60 deo
592 1306 129 60 secundum
689 1306 108 60 rectam
765 1306 129 60 rationem
862 1306 86 60 etc.
916 1306 129 60 Exemplum
1013 1306 129 60 secundi.
1099 1306 54 60 vel

418 1356 73 53 le
454 1356 109 53 orare
527 1356 133 53 propter
624 1356 109 53 vanam
696 1356 133 53 gloriam
793 1356 182 53 etconclusio
938 1356 157 53 preceptum
1059 1356 85 53 dei
1096 1356 48 53 et

414 1399 124 57 contra
501 1399 124 57 rectam
588 1399 162 57 rationem.
712 1399 149 57 Exemplum
824 1399 137 57 tertii.
923 1399 112 57 velle
985 1399 162 57 simpliciter

423 1443 107 54 orare
495 1443 95 54 sine
554 1443 119 54 aliqua
638 1443 203 54 circumstantia
805 1443 131 54 dictata
900 1443 60 54 a
924 1443 143 54 ratione:
1032 1443 95 54 quia
1079 1443 60 54 nec

411 1485 149 67 propter
520 1485 122 67 bonum
601 1485 122 67 finem
682 1485 95 67 nec
736 1485 149 67 propter
844 1485 122 67 malum
925 1485 135 67 finem:
1019 1485 81 67 et
1046 1485 95 67 talis

424 1532 116 53 actus
501 1532 103 53 siue
566 1532 90 53 sit
617 1532 154 53 interior
733 1532 103 53 siue
797 1532 154 53 exterior
913 1532 116 53 solum
990 1532 141 53 dicitur
1080 1532 64 53 bo-

419 1575 93 56 nus
472 1575 225 56 denominatione
657 1575 199 56 extrinseca:
816 1575 79 56 et
856 1575 119 56 nullo
935 1575 106 56 modo
988 1575 159 56 intrinsece

425 1616 129 59 bonus
511 1616 100 59 nec
568 1616 172 59 viciosus
696 1616 72 59 ⁋
725 1616 129 59 Sexta
811 1616 200 59 distinctio
968 1616 100 59 est
1025 1616 114 59 quod
1083 1616 72 59 ali

428 1665 106 58 quis
494 1665 120 58 actus
574 1665 93 58 est
627 1665 120 58 bonus
707 1665 80 58 ex
747 1665 93 58 gne
800 1665 93 58 vel
853 1665 120 58 malus
932 1665 146 58 aliquis
1039 1665 80 58 ex
1065 1665 80 58 cir-

418 1708 195 53 cumstantia
572 1708 154 53 aliquas
683 1708 84 53 ex
725 1708 181 53 principio
865 1708 195 53 meritorio.
1004 1708 140 53 Exemplum

430 1752 117 50 orimi
508 1752 143 50 quantum
612 1752 78 50 ad
651 1752 117 50 actum
729 1752 117 50 bonum
806 1752 78 50 ex
845 1752 143 50 genere:
949 1752 117 50 sicut
1027 1752 117 50 orare
1092 1752 65 50 da-

415 1793 89 54 re
460 1793 207 54 elemosinam
622 1793 118 54 siue
696 1793 133 54 velle
784 1793 133 54 talia
873 1793 148 54 facere
976 1793 177 54 absolute
1094 1793 59 54 si

422 1838 82 57 ne
463 1838 109 57 omni
531 1838 231 57 circumstantia
721 1838 109 57 bona
789 1838 95 57 vel
844 1838 122 57 mala.
925 1838 163 57 Exemplum
1034 1838 122 57 quantum

430 1888 84 45 ad
472 1888 127 45 actum
556 1888 127 45 malum
641 1888 84 45 vt
683 1888 141 45 furtum
781 1888 141 45 facere
880 1888 127 45 velle
964 1888 183 45 fornicari
1091 1888 56 45 ab

424 1925 146 52 solute
526 1925 117 52 sine
599 1925 146 52 aliqua
701 1925 248 52 circumstantia
905 1925 117 52 bona
978 1925 102 52 vel
1036 1925 117 52 mala
1095 1925 58 52 de

427 1973 118 47 quaebus
513 1973 107 47 dicunt
588 1973 150 47 philosophi
707 1973 64 47 et
739 1973 107 47 sancti
814 1973 86 47 quod
868 1973 107 47 statim
943 1973 129 47 nominata
1029 1973 118 47 conuoluta

422 2013 111 51 sunt
492 2013 97 51 cum
547 2013 167 51 malicia.
672 2013 167 51 Exemplum
797 2013 167 51 secundi.
923 2013 125 51 velle
992 2013 153 51 abstinere

428 2054 150 64 secundum
541 2054 225 64 circumstantias
729 2054 138 64 debitas
829 2054 75 64 et
866 2054 150 64 dictatas
979 2054 63 64 a
1004 2054 113 64 recta
1066 2054 88 64 ratio

422 2105 78 54 ne
461 2105 144 54 propter
566 2105 183 54 honestatem
710 2105 144 54 tamquam
814 2105 144 54 propter
919 2105 118 54 finem
997 2105 92 54 vel
1036 2105 118 54 propter

440 2145 238 53 conseruationem
638 2145 132 53 nature
730 2145 92 53 vel
783 2145 145 53 propter
889 2145 119 53 alium
968 2145 106 53 fine
1034 2145 106 53 quem
1087 2145 66 53 in-

430 2187 166 60 tenderet
555 2187 125 60 purus
638 2187 166 60 paganus.
763 2187 166 60 Exemplum
888 2187 152 60 secundi
999 2187 152 60 quantum
1096 2187 55 60 ad

432 2240 120 50 actum
512 2240 133 50 malum.
605 2240 120 50 velle
685 2240 173 50 fornicari
818 2240 120 50 cotra
898 2240 133 50 rectam
991 2240 160 50 rationem
1098 2240 53 50 lo

443 2282 79 56 co
482 2282 158 56 indebito
601 2282 105 56 etc.
667 2282 79 56 et
706 2282 145 56 propter
812 2282 171 56 libidinem
943 2282 145 56 tanquam
1035 2282 119 56 propter

433 2321 115 59 finem.
513 2321 126 59 Exeplum
604 2321 126 59 tertii.
696 2321 103 59 velle
765 2321 149 59 continere
879 2321 138 59 secundum
983 2321 115 59 rectam
1051 2321 115 59 rationem

454 2377 57 42 t
476 2377 137 42 secundum
579 2377 205 42 circumstantias
750 2377 68 42 et
784 2377 125 42 propter
875 2377 125 42 honorem
966 2377 137 42 diuinum:
1069 2377 91 42 quia
1114 2377 46 42 ta

442 2417 105 48 lis
502 2417 134 48 actus
591 2417 105 48 est
651 2417 105 48 deo
711 2417 179 48 acceptus
845 2417 75 48 ⁋
875 2417 164 48 Septima
980 2417 179 48 distinctio

446 2458 86 52 est
495 2458 99 52 quod
557 2458 148 52 habituum
668 2458 198 52 inclinantium
829 2458 74 52 ad
866 2458 111 52 actus
940 2458 124 52 quidam
1026 2458 99 52 sunt
1076 2458 86 52 subie

440 2495 117 60 ctiue
518 2495 78 60 in
557 2495 117 60 parte
635 2495 169 60 sensitiua
765 2495 78 60 et
804 2495 130 60 quadam
895 2495 78 60 in
934 2495 182 60 voluntate.
1064 2495 104 60 Primum

437 2539 116 63 patet
514 2539 90 63 per
566 2539 206 63 experientiam
734 2539 77 63 de
772 2539 129 63 brutis
863 2539 77 63 et
901 2539 155 63 furiosis
1017 2539 77 63 et
1043 2539 116 63 infatua

453 2586 87 65 tis
502 2586 100 65 quae
565 2586 137 65 aliquos
664 2586 112 65 actus
739 2586 137 65 possunt
838 2586 137 65 elicere
938 2586 75 65 in
975 2586 149 65 absentia
1075 2586 87 65 rerum

439 2633 185 69 sensibilium
586 2633 86 69 non
636 2633 86 69 per
685 2633 185 69 intellectum
833 2633 74 69 et
870 2633 185 69 voluntatem:
1017 2633 98 69 quia
1079 2633 74 69 in
1103 2633 62 69 eis

1240 232 84 69 non
1288 232 84 69 est
1336 232 97 69 vsus
1397 232 157 69 rationis.
1517 232 121 69 igitur
1602 232 84 69 per
1650 232 157 69 fantasiam
1771 232 72 69 et
1807 232 109 69 alias
1867 232 97 69 virtus

1239 298 92 44 tes
1291 298 197 44 sensitiuas.
1449 298 92 44 hoc
1501 298 92 44 non
1554 298 131 44 potest
1646 298 105 44 esse
1712 298 105 44 sine
1777 298 131 44 habitu
1856 298 105 44 genito

1233 342 71 46 ex
1269 342 94 46 actu
1327 342 82 46 qui
1374 342 129 46 habetur
1469 342 71 46 in
1504 342 165 46 praesentia
1633 342 129 46 illarum
1728 342 118 46 rerum:
1810 342 94 46 quia
1857 342 106 46 impossi

1234 385 91 46 bile
1290 385 79 46 est
1336 385 91 46 quod
1392 385 124 46 aliquid
1483 385 136 46 transeat
1585 385 68 46 de
1618 385 204 46 contradictorio
1788 385 68 46 in
1811 385 147 46 contradicto

1229 432 101 55 rium
1293 432 101 55 etc.
1356 432 88 55 sed
1406 432 152 55 fantasia
1520 432 76 55 in
1558 432 139 55 talibus
1659 432 76 55 et
1697 432 164 55 appetitus
1810 432 139 55 sensitius

1226 481 103 52 post
1290 481 128 52 primum
1380 481 115 52 actum
1457 481 141 52 possunt
1560 481 141 52 aliquem
1662 481 115 52 actum
1739 481 141 52 elicere
1842 481 103 52 quod
1893 481 64 52 non

1236 519 136 55 possunt
1335 519 99 55 ante
1397 519 124 55 primum
1483 519 124 55 actum.
1570 519 124 55 igitur
1657 519 74 55 ex
1694 519 99 55 illo
1756 519 99 55 actu
1818 519 136 55 aliquid
1904 519 50 55 ge

1234 564 124 55 neratur
1324 564 68 55 in
1358 564 90 55 illo
1414 564 158 55 appetitum.
1538 564 79 55 non
1583 564 135 55 species:
1684 564 90 55 quia
1740 564 90 55 illa
1796 564 79 55 non
1841 564 79 55 est
1875 564 79 55 ponem

1227 606 79 61 da
1266 606 119 61 sicut
1346 606 119 61 alibi
1425 606 132 61 patet.
1518 606 79 61 si
1557 606 119 61 etiam
1637 606 145 61 ponatur
1742 606 106 61 illa
1808 606 159 61 precedit
1914 606 53 61 a-

1233 652 109 45 ctum.
1306 652 73 45 et
1342 652 73 45 si
1378 652 109 45 etiam
1451 652 97 45 illa
1512 652 97 45 sola
1573 652 133 45 ponatur
1670 652 133 45 nunquam
1767 652 121 45 potest
1852 652 73 45 in
1876 652 85 45 actum

1232 696 79 48 in
1271 696 158 48 absentia
1390 696 119 48 rerum
1469 696 79 48 si
1509 696 92 48 non
1561 696 158 48 habeatur
1680 696 119 48 actus
1759 696 79 48 in
1799 696 119 48 eadem
1865 696 92 48 pote-

1228 739 84 50 tia
1276 739 72 50 in
1312 739 169 50 praesentia
1445 739 145 50 obiecti.
1554 739 121 50 Igitur
1638 739 72 50 ex
1674 739 97 50 illo
1735 739 97 50 actu
1795 739 145 50 causatur
1892 739 72 50 habi

1223 780 90 58 tus
1275 780 142 58 aliquis
1378 780 77 58 in
1416 780 103 58 tali
1481 780 167 58 potentia.
1609 780 129 58 igitur
1700 780 103 58 etc.
1764 780 155 58 Secundum
1867 780 103 58 mebrum

1234 836 143 47 probatur:
1344 836 88 47 quia
1399 836 121 47 habitus
1487 836 121 47 aliquas
1575 836 77 47 est
1620 836 165 47 simpliciter
1752 836 110 47 virtus
1829 836 66 47 et
1862 836 99 47 primo
1917 836 44 47 et

1227 869 82 53 non
1274 869 94 53 nisi
1333 869 176 53 voluntatis:
1474 869 94 53 quia
1533 869 117 53 nullus
1615 869 106 53 actus
1685 869 176 53 generatiuus
1826 869 129 53 habitus
1908 869 59 53 ta-

1236 911 87 60 lis
1285 911 87 60 est
1335 911 112 60 primo
1410 911 162 60 virtuosus
1534 911 99 60 nisi
1596 911 112 60 actus
1671 911 186 60 voluntatis.
1820 911 124 60 igitur
1894 911 75 60 etc.

1248 955 149 58 Preterea
1360 955 75 58 si
1397 955 100 58 haec
1459 955 87 58 non
1509 955 112 58 esset
1584 955 100 58 nisi
1646 955 137 58 propter
1745 955 174 58 libertatem
1870 955 87 58 volun

1227 1000 112 58 tatis
1301 1000 99 58 quae
1363 1000 87 58 non
1413 1000 124 58 potest
1500 1000 186 58 determinate
1649 1000 162 58 inclinari
1774 1000 75 58 ad
1811 1000 99 58 vnam
1861 1000 99 58 parten

1245 1048 221 52 prntedictonis
1427 1048 91 52 vel
1479 1048 143 52 propter
1583 1048 221 52 conformitatem
1766 1048 104 52 eius
1831 1048 78 52 ad
1857 1048 104 52 rectam

1237 1088 143 54 rationem:
1347 1088 88 54 quia
1402 1088 132 54 scilicet
1501 1088 77 54 non
1545 1088 110 54 potest
1621 1088 154 54 discordare
1742 1088 55 54 a
1764 1088 99 54 recta
1830 1088 132 54 ratione.
1918 1088 55 54 pri

1241 1139 90 47 mum
1293 1139 90 47 non
1344 1139 154 47 impedit:
1460 1139 103 47 quia
1524 1139 154 47 secundum
1640 1139 103 47 omns
1704 1139 141 47 caritas
1807 1139 90 47 est
1845 1139 116 47 ponenda

1239 1174 81 51 in
1279 1174 175 51 voluntate
1414 1174 81 51 ad
1454 1174 189 51 eliciendum
1603 1174 121 51 actum
1684 1174 189 51 meritorium
1832 1174 108 51 quae
1886 1174 81 51 libe

1237 1220 71 55 re
1273 1220 154 55 elicitur:
1391 1220 154 55 aliternon
1510 1220 107 55 esset
1581 1220 178 55 meritorius:
1723 1220 71 55 et
1759 1220 107 55 tamen
1830 1220 142 55 inclinat
1925 1220 47 55 vo

1237 1258 176 52 luntatem
1369 1258 102 52 per
1428 1258 132 52 modum
1515 1258 146 52 nature
1618 1258 88 52 ad
1662 1258 117 52 vnum
1735 1258 219 52 deterinate.
1896 1258 73 52 Nec

1236 1308 144 52 secundum
1344 1308 144 52 impedit:
1453 1308 96 52 quia
1513 1308 108 52 illud
1585 1308 156 52 assumptum
1705 1308 120 52 falsum
1790 1308 84 52 est
1838 1308 108 52 sicut
1898 1308 72 52 post

1232 1351 81 55 ea
1272 1351 161 55 patebit.
1393 1351 67 55 ⁋
1420 1351 121 55 Circa
1501 1351 148 55 tertium
1608 1351 175 55 articulum
1743 1351 188 55 principale
1877 1351 81 55 sunt

1239 1394 149 49 quattuor
1350 1394 161 49 articuli:
1474 1394 124 49 primus
1561 1394 87 49 est
1610 1394 74 49 de
1648 1394 174 49 connexione
1784 1394 149 49 virtutum
1883 1394 87 49 inter

1238 1439 93 45 se.
1291 1439 159 45 Secundus
1410 1439 80 45 de
1450 1439 186 45 connexione
1596 1439 119 45 earum
1675 1439 93 45 cum
1728 1439 186 45 virtutibus
1861 1439 106 45 theolo

1239 1481 131 56 gicis.
1331 1481 144 56 Tertius
1435 1481 79 56 de
1475 1481 183 56 connexione
1619 1481 118 56 earum
1697 1481 92 56 cum
1749 1481 170 56 habitibus
1867 1481 105 56 partis

1231 1537 200 46 sensitiue.
1388 1537 157 46 Quartus
1502 1537 100 46 est
1559 1537 86 46 de
1601 1537 200 46 connexione
1758 1537 128 46 earum
1844 1537 100 46 cum
1887 1537 71 46 pru

1233 1573 161 55 dentia.
1350 1573 73 55 ⁋
1379 1573 161 55 Quantum
1496 1573 88 55 ad
1540 1573 146 55 primum
1642 1573 190 55 articulum
1788 1573 102 55 est
1846 1573 102 55 vna
1890 1573 73 55 opi

1236 1610 89 55 nio
1287 1610 114 55 thome
1363 1610 114 55 pria.
1440 1610 76 55 ii
1478 1610 76 55 q.
1516 1610 102 55 lxv.
1580 1610 102 55 quod
1643 1610 127 55 aliqua
1732 1610 102 55 sunt
1796 1610 153 55 virtutes
1897 1610 64 55 quo

1241 1657 145 64 perficiunt
1355 1657 114 64 hominem
1438 1657 114 64 quantum
1520 1657 62 64 ad
1552 1657 104 64 statum
1624 1657 135 64 communem:
1728 1657 124 64 scilicet
1821 1657 114 64 quantum
1904 1657 62 64 ad
1925 1657 41 64 ea

1247 1701 93 53 quae
1305 1701 162 53 communiter
1433 1701 93 53 omni
1491 1701 104 53 homin
1560 1701 162 53 conueniunt
1688 1701 151 53 cuiusmodi
1804 1701 93 53 sunt
1850 1701 116 53 quattuor

1244 1748 162 53 virtutes
1365 1748 202 53 cardinales.
1526 1748 135 53 Quedam
1620 1748 108 53 sunt
1688 1748 108 53 quae
1755 1748 188 53 perficiunt
1890 1748 67 53 hom

1233 1799 109 49 minem
1305 1799 133 49 quantum
1402 1799 73 49 ad
1438 1799 121 49 statum
1523 1799 121 49 spalem
1608 1799 73 49 et
1644 1799 133 49 quantum
1740 1799 73 49 ad
1777 1799 97 49 illa
1837 1799 97 49 quae
1885 1799 85 49 conue

1236 1834 112 61 niunt
1310 1834 112 61 homin
1384 1834 149 61 secundum
1496 1834 112 61 illum
1570 1834 124 61 statum
1657 1834 112 61 sicut
1731 1834 211 61 magnificentia
1892 1834 87 61 magis

1248 1887 136 42 nimitas
1347 1887 99 42 quae
1409 1887 174 42 conueniunt
1545 1887 124 42 homini
1632 1887 161 42 existenti
1756 1887 74 42 in
1793 1887 161 42 dignitate
1905 1887 74 42 pta-

1242 1920 81 55 te
1282 1920 81 55 et
1322 1920 135 55 honore
1417 1920 81 55 et
1457 1920 121 55 aliis
1538 1920 202 55 virtutibus.
1700 1920 162 55 Toquendo
1822 1920 81 55 de
1849 1920 121 55 praemis

1241 1967 116 50 dicitur
1326 1967 84 50 quod
1378 1967 84 50 ille
1431 1967 84 50 sunt
1483 1967 126 50 connexe.
1578 1967 126 50 loquendo
1673 1967 63 50 de
1704 1967 126 50 secundis
1799 1967 116 50 dicitur
1883 1967 84 50 quod
1925 1967 42 50 il

1237 2007 83 58 le
1279 2007 96 58 non
1334 2007 110 58 sunt
1402 2007 165 58 connexe.
1526 2007 151 58 Quantum
1637 2007 83 58 ad
1678 2007 207 58 connexionem
1829 2007 138 58 virtutum

1243 2056 95 48 cum
1298 2056 176 48 prudentia
1433 2056 122 48 dicit
1514 2056 108 48 quod
1582 2056 176 48 prudentia
1718 2056 95 48 non
1772 2056 95 48 est
1826 2056 108 48 sine
1880 2056 95 48 virtu

1256 2099 119 47 tibus
1335 2099 185 47 moralibus:
1480 2099 106 47 quia
1546 2099 172 47 prudentia
1678 2099 92 47 est
1731 2099 119 47 recta
1811 2099 119 47 ratio
1877 2099 92 47 agibi

1241 2144 110 54 lium
1310 2144 110 54 quae
1379 2144 165 54 procedit
1503 2144 83 54 ex
1544 2144 152 54 finibus
1654 2144 179 54 virtutum.
1792 2144 124 54 quere
1875 2144 83 54 in
1902 2144 83 54 Tho-

1242 2185 90 55 ma.
1293 2185 103 55 Item
1358 2185 205 55 philosophus.
1524 2185 90 55 vi.
1576 2185 180 55 ethicorum.
1717 2185 141 55 malicia
1819 2185 90 55 est
1858 2185 115 55 corupti

1250 2227 81 59 ua
1291 2227 190 59 principii.
1441 2227 190 59 principium
1590 2227 122 59 autem
1671 2227 95 59 est
1726 2227 190 59 prudentia.
1861 2227 109 59 igitur

1247 2273 97 52 non
1303 2273 111 52 stat
1372 2273 97 52 cum
1428 2273 139 52 vicio.
1525 2273 125 52 Item.
1609 2273 111 52 iii.
1678 2273 195 52 ethicorum.
1831 2273 125 52 omnis
1900 2273 70 52 ma-

1258 2316 89 50 us
1303 2316 104 50 est
1362 2316 193 50 ignorans.
1510 2316 148 50 igitur
1614 2316 178 50 scientia
1748 2316 119 50 siue
1807 2316 163 50 prudentia

1249 2354 108 65 non
1310 2354 124 65 stat
1388 2354 108 65 cum
1449 2354 185 65 malicia.
1589 2354 77 65 ⁋
1620 2354 155 65 Contra
1728 2354 139 65 istam
1805 2354 170 65 opinionem

1258 2397 109 65 primo
1330 2397 97 65 quia
1391 2397 145 65 concedit
1499 2397 181 65 propositum:
1644 2397 145 65 scilicet
1753 2397 97 65 quod
1813 2397 84 65 non
1861 2397 97 65 omns
1910 2397 60 65 vi-

1263 2450 118 48 cutes
1342 2450 105 48 sunt
1407 2450 157 48 nessario
1525 2450 157 48 connexe:
1643 2450 105 48 quia
1709 2450 105 48 ille
1774 2450 105 48 quae
1827 2450 157 48 perficiunt

1253 2491 187 56 hominem
1389 2491 102 56 in
1440 2491 255 56 determinato
1644 2491 153 56 statu
1746 2491 119 56 non
1814 2491 136 56 sunt
1882 2491 102 56 con-

1250 2533 112 52 nexe
1320 2533 98 52 cum
1376 2533 126 52 aliis
1460 2533 98 52 que
1516 2533 196 52 perficiunt
1671 2533 154 52 hominem
1783 2533 168 52 secundum
1895 2533 84 52 com-

1263 2581 118 53 munem
1341 2581 144 53 statum.
1446 2581 144 53 Secundo
1550 2581 104 53 quia
1615 2581 196 53 impossibile
1772 2581 91 53 est
1824 2581 104 53 quod
1877 2581 104 53 alicui

1252 2624 163 67 occurrat
1374 2624 149 67 materia
1483 2624 122 67 vnius
1564 2624 163 67 virtutis
1686 2624 108 67 quae
1754 2624 163 67 perficit
1862 2624 122 67 hominem
