2232 3082
429 242 165 75 Contra.
549 242 135 75 forte
638 242 165 75 nunquam
758 242 209 75 dubitabant
923 242 90 75 de
968 242 165 75 materia
1072 242 75 75 for

418 300 187 52 titudinis
561 300 101 52 nec
619 300 86 52 de
662 300 173 52 regimine
792 300 115 52 nisi
864 300 129 52 forte
950 300 144 52 tantum
1051 300 86 52 in
1079 300 58 52 go

418 342 136 58 nerali
514 342 136 58 saltem
609 342 95 58 hoc
663 342 95 58 est
718 342 190 58 possibile.
867 342 82 58 et
908 342 95 58 sic
962 342 163 58 cogitare
1071 342 68 58 non

425 383 154 56 sufficit
541 383 77 56 ad
580 383 154 56 virtutem
695 383 142 56 moralem
798 383 77 56 in
837 383 167 56 speciali:
966 383 103 56 quia
1030 383 77 56 ad
1056 383 77 56 illa

417 427 196 59 requiritur
571 427 182 59 prudentia
711 427 84 59 in
753 427 168 59 speciali
879 427 126 59 sicut
963 427 126 59 prius
1033 427 112 59 dictum

431 475 109 67 est.
499 475 68 67 ⁋
527 475 109 67 Ideo
594 475 177 67 respondeo
730 475 82 67 ad
771 475 122 67 istum
853 475 177 67 articulum
989 475 82 67 et
1029 475 95 67 sit
1070 475 68 67 hec

424 515 129 65 prima
510 515 187 65 conclusio
654 515 115 65 quod
725 515 172 65 virtutes
855 515 129 65 omnes
941 515 187 65 generales
1070 515 72 65 con

425 561 193 61 nectuntur
573 561 89 61 in
618 561 193 61 quibusdam
766 561 208 61 principiis
915 561 222 61 vniuersalibus

425 608 108 53 puta
492 608 108 53 omne
559 608 161 53 honestum
680 608 94 53 est
734 608 175 53 faciendum
868 608 108 53 omne
936 608 121 53 bonum
1016 608 94 53 est
1057 608 94 53 dili-

427 644 130 67 gendum
518 644 104 67 omne
583 644 156 67 dictatum
699 644 65 67 a
725 644 117 67 recta
803 644 143 67 ratione
907 644 91 67 est
959 644 169 67 faciendum
1075 644 65 67 qua

419 694 151 62 possunt
529 694 110 62 esse
597 694 151 62 maiores
707 694 82 62 et
748 694 151 62 minores
857 694 82 62 in
899 694 192 62 sillogismo
1035 694 110 62 practi

425 741 78 52 co
464 741 196 52 concludente
621 741 209 52 conclusionem
790 741 209 52 particularem
959 741 117 52 cuius
1025 741 117 52 noticia

424 781 100 55 est
481 781 185 55 prudentia
623 781 185 55 immediate
766 781 185 55 directiua
908 781 85 55 in
951 781 114 55 actu
1008 781 128 55 virtuo-

413 827 77 55 so
452 827 77 55 et
490 827 129 55 potest
581 827 103 55 idem
645 827 180 55 principium
787 827 129 55 numero
877 827 103 55 esse
941 827 116 55 maior
1018 827 90 55 cum
1057 827 90 55 diuer

410 865 112 58 sis
474 865 207 58 minoribus
633 865 191 58 acceptis
777 865 96 58 ad
825 865 255 58 concludendum
1016 865 128 58 diuer-

424 908 101 66 sas
481 908 232 66 conclusiones
670 908 232 66 particulares
858 908 145 66 quarum
960 908 159 66 noticie
1061 908 87 66 sunt

413 964 190 53 prudentie
560 964 190 53 directiue
706 964 88 53 in
750 964 176 53 diuersis
882 964 161 53 actibus
985 964 161 53 virtuosis

414 1004 118 56 sicut
493 1004 79 56 de
532 1004 105 56 ista
597 1004 197 56 conclusione
755 1004 131 56 dictum
846 1004 92 56 est
899 1004 144 56 diffuse
1004 1004 79 56 in
1030 1004 118 56 reporta

425 1036 156 67 tionibus
542 1036 78 67 in
581 1036 143 67 materia
685 1036 130 67 morali
776 1036 117 67 quare
855 1036 104 67 ibi.
920 1036 65 67 ⁋
946 1036 143 67 Secunda
1037 1036 117 67 conclu-

425 1084 90 58 sio
477 1084 90 58 est
528 1084 103 58 quod
592 1084 90 58 vna
643 1084 128 58 virtus
733 1084 154 58 perfecta
849 1084 205 58 sufficienter
1016 1084 90 58 cum
1054 1084 103 58 volun-

419 1126 110 62 tate
488 1126 83 62 et
530 1126 124 62 recta
612 1126 152 62 ratione
723 1126 110 62 siue
792 1126 179 62 prudentia
929 1126 165 62 inclinat
1053 1126 83 62 ad
1081 1126 69 62 pri

430 1175 80 59 mum
475 1175 103 59 actum
544 1175 138 59 alterius
648 1175 149 59 virtutris
762 1175 92 59 quae
820 1175 80 59 est
866 1175 172 59 generatiuus
1003 1175 115 59 illius
1072 1175 69 59 vir-

412 1217 140 55 tutis
506 1217 93 55 et
553 1217 233 55 intellectio
739 1217 109 55 per
802 1217 187 55 virtutem
942 1217 202 55 perfectam
1082 1217 62 55 in

421 1259 139 55 secundo
522 1259 76 55 et
560 1259 126 55 quarto
648 1259 113 55 gradu
724 1259 76 55 de
762 1259 139 55 quaibus
862 1259 113 55 supra
938 1259 126 55 dictum
1026 1259 101 55 est:
1076 1259 76 55 quia

413 1306 78 57 si
452 1306 144 57 aliquis
557 1306 105 57 vult
622 1306 144 57 aliquid
727 1306 118 57 solum
805 1306 105 57 quia
870 1306 92 57 est
923 1306 157 57 dictatum
1040 1306 65 57 a
1053 1306 92 57 recta

425 1350 140 57 ratione
527 1350 140 57 quantum
629 1350 77 57 ad
668 1350 140 57 tertium
770 1350 140 57 gradum:
872 1350 89 57 vel
923 1350 102 57 quia
986 1350 115 57 solum
1063 1350 89 57 est
1101 1350 51 57 di

424 1393 128 53 ctatum
514 1393 64 53 a
539 1393 141 53 ratione
642 1393 115 53 recta
719 1393 77 53 et
757 1393 141 53 propter
859 1393 141 53 honorem
962 1393 154 53 diuinum:
1064 1393 77 53 tunc

419 1434 106 64 vult
485 1434 106 64 omne
551 1434 159 64 dictatum
671 1434 66 64 a
697 1434 119 64 recta
777 1434 159 64 ratione:
896 1434 80 64 et
936 1434 93 64 ita
989 1434 159 64 dictante
1095 1434 53 64 re

425 1484 95 53 cta
480 1484 150 53 ratione
589 1484 109 53 quod
657 1484 123 53 actus
739 1484 177 53 virtuosus
875 1484 95 53 sit
929 1484 191 53 eliciendus
1065 1484 82 53 cir-

429 1528 87 53 ca
473 1528 175 53 materiam
604 1528 175 53 alterius
735 1528 189 53 virtutis:
881 1528 146 53 statim
982 1528 116 53 illa
1041 1528 116 53 virtus

425 1568 125 55 licet
508 1568 97 55 sit
564 1568 167 55 alterius
689 1568 153 55 speciei
800 1568 83 55 in
842 1568 97 55 vno
897 1568 125 55 gradu
980 1568 97 55 vel
1036 1568 83 55 in
1064 1568 83 55 alio

418 1611 166 59 inclinat
543 1611 124 59 tamen
626 1611 221 59 sufficientur
805 1611 194 59 voluntatem
957 1611 83 59 ad
985 1611 166 59 aliciendum

430 1654 127 59 actum
515 1654 141 59 primum
613 1654 169 59 alterius
741 1654 184 59 virtutis.
882 1654 184 59 Exemplum.
1023 1654 127 59 patet
1094 1654 56 59 de

426 1699 178 56 iusticia
560 1699 89 56 et
604 1699 238 56 temperantia.
798 1699 89 56 Et
842 1699 89 56 si
887 1699 149 56 queras
991 1699 134 56 vtrum
1065 1699 89 56 vir-

422 1744 94 60 tus
475 1744 81 60 in
516 1744 148 60 secundo
624 1744 121 60 gradu
705 1744 162 60 inclinat
826 1744 216 60 sufficientur
1002 1744 108 60 modo
1056 1744 94 60 predi

424 1795 92 48 cto
476 1795 78 48 ad
515 1795 131 48 primum
607 1795 118 48 actum
685 1795 157 48 alterius
803 1795 170 48 virtutis.
934 1795 183 48 Respondeo.
1065 1795 78 48 quod

421 1834 169 60 aliquando
551 1834 156 60 inclinat
668 1834 78 60 et
707 1834 169 60 aliquando
838 1834 104 60 non.
903 1834 221 60 vniuersaliter
1072 1834 78 60 enim

422 1879 146 50 quando
524 1879 175 50 occurrit
656 1879 160 50 materia
772 1879 175 50 alterius
903 1879 175 50 virtutis
1034 1879 102 50 cum
1078 1879 73 50 ali

433 1929 100 51 qua
490 1929 243 51 circunstantia
690 1929 200 51 repugnante
847 1929 243 51 conseruationi
1033 1929 114 51 istius

436 1965 160 52 virtutis
556 1965 80 52 in
596 1965 147 52 secundo
702 1965 120 52 gradu
782 1965 120 52 sicut
863 1965 80 52 in
903 1965 133 52 tertio
996 1965 93 52 vel
1049 1965 80 52 in
1076 1965 80 52 quar

437 2005 89 57 to.
488 2005 128 57 quando
578 2005 115 57 autem
654 2005 153 57 occurrit
769 2005 89 57 cum
820 2005 230 57 circumstantiis
998 2005 166 57 impertinen-

442 2054 128 47 tibus
527 2054 113 47 tunc
598 2054 99 47 non
655 2054 184 47 inclinat.
796 2054 184 47 Exemplum.
938 2054 85 47 si
981 2054 113 47 enim
1037 2054 128 47 aliquis

430 2101 99 48 sit
486 2101 141 48 iustus
585 2101 85 48 et
628 2101 170 48 immineat
755 2101 113 48 sibi
826 2101 127 48 mors:
911 2101 113 48 nisi
981 2101 141 48 faciat
1066 2101 99 48 actum

432 2144 162 50 iusticie
553 2144 121 50 talis
634 2144 162 50 iusticia
755 2144 81 50 in
796 2144 148 50 secundo
904 2144 121 50 gradu
985 2144 162 50 inclinat
1093 2144 67 50 sta

443 2179 93 60 im
490 2179 124 60 modo
568 2179 186 60 predicto
708 2179 93 60 ad
754 2179 140 60 actum
847 2179 155 60 primum
941 2179 217 60 fortitudinis

431 2228 94 55 qui
484 2228 121 55 actus
565 2228 135 55 illius
660 2228 162 55 virtutis
781 2228 94 55 est
835 2228 121 55 nolle
916 2228 148 55 deserem
1011 2228 148 55 iusticiam

438 2277 83 54 pro
485 2277 118 54 aliquo
568 2277 95 54 quod
627 2277 83 54 est
675 2277 118 54 contra
757 2277 118 54 rectam
840 2277 154 54 rationem.
958 2277 71 54 et
994 2277 95 54 ideo
1053 2277 71 54 si
1076 2277 83 54 recta

442 2316 106 54 ratio
513 2316 118 54 dictet
595 2316 94 54 quod
654 2316 118 54 citius
736 2316 82 54 sit
783 2316 165 54 sustinenda
913 2316 94 54 mors
972 2316 94 54 quam
1031 2316 94 54 fiat
1078 2316 82 54 actus

432 2361 200 48 iniusticie:
592 2361 133 48 statim
685 2361 107 48 illa
752 2361 160 48 iusticia
872 2361 80 48 in
912 2361 107 48 tali
978 2361 120 48 gradu
1045 2361 120 48 incliat

438 2401 74 60 ad
475 2401 111 60 actum
549 2401 123 60 primum
635 2401 210 60 fortitudinis:
808 2401 86 60 sed
857 2401 74 60 si
894 2401 136 60 aliquis
993 2401 123 60 habeat
1067 2401 99 60 iusti-

437 2451 107 49 ciam
503 2451 80 49 in
543 2451 173 49 praedicto
676 2451 120 49 gradu
756 2451 80 49 et
796 2451 160 49 immineat
916 2451 107 49 sibi
983 2451 107 49 mors
1049 2451 107 49 nisi
1103 2451 53 49 fa

435 2488 111 57 ciat
504 2488 125 57 actum
587 2488 222 57 inteperantie
767 2488 111 57 puta
837 2488 111 57 nisi
906 2488 194 57 fornicetur
1058 2488 97 57 ibi
1100 2488 69 57 non

430 2539 171 48 inclinat
558 2539 171 48 iusticia
686 2539 85 48 in
728 2539 128 48 gradu
814 2539 185 48 praedicto
956 2539 85 48 ad
998 2539 142 48 primum
1084 2539 85 48 gra-

445 2578 76 57 dum
489 2578 174 57 temperantie:
630 2578 87 57 quia
684 2578 109 57 potest
761 2578 109 57 primam
837 2578 141 57 iusticiam
945 2578 152 57 conseruare
1054 2578 109 57 secundum

441 2621 118 65 rectam
524 2621 141 65 rationem
630 2621 71 65 et
665 2621 106 65 tamen
736 2621 118 65 facere
818 2621 106 65 actum
889 2621 212 65 intemperantie:
1066 2621 94 65 quia
1113 2621 59 65 hoc

1233 210 136 85 nulla
1324 210 106 85 est
1384 210 227 85 repugnantia
1565 210 136 85 inter
1656 210 136 85 actus
1746 210 106 85 nec
1807 210 136 85 inter
1882 210 91 85 cir-

1229 295 207 46 cumstantias
1395 295 152 46 actuum.
1505 295 97 46 Sed
1561 295 124 46 vtrum
1643 295 166 46 iusticia
1768 295 83 46 in
1809 295 124 46 primo
1878 295 83 46 gra-

1241 333 80 46 du
1281 333 160 46 inclinat
1401 333 80 46 ad
1441 333 133 46 primum
1534 333 120 46 actum
1614 333 160 46 alterius
1734 333 173 46 virtutis.
1854 333 107 46 Respon

1231 378 87 52 deo
1280 378 99 52 quod
1342 378 99 52 non:
1404 378 99 52 quia
1466 378 124 52 potest
1552 378 136 52 aliquis
1651 378 111 52 velle
1725 378 124 52 facere
1812 378 111 52 opera
1873 378 87 52 iusta

1242 420 154 51 pformiter
1361 420 107 51 recte
1432 420 143 51 rationi:
1539 420 119 51 absque
1622 420 83 51 hoc
1670 420 95 51 quod
1729 420 95 51 plus
1789 420 166 51 inclinetur
1919 420 71 51 ad

1231 464 167 55 volendum
1357 464 125 55 actum
1440 464 209 55 temperantie
1608 464 209 55 conformiter
1775 464 153 55 rationi
1872 464 98 55 recte

1236 509 86 54 qui
1285 509 86 54 tam
1334 509 98 54 isti
1395 509 110 54 actus
1468 509 98 54 quam
1530 509 208 54 circumstantie
1701 509 122 54 actuum
1787 509 98 54 sunt
1836 509 122 54 imparti-

1228 552 138 48 nentes
1325 552 194 48 adinuicem.
1477 552 83 48 Et
1519 552 111 48 ideo
1588 552 152 48 habitus
1698 552 69 48 a
1726 552 97 48 quo
1781 552 152 48 dicitur
1878 552 83 48 vnus

1232 594 128 51 actus
1317 594 100 51 non
1374 594 171 51 inclinat
1503 594 86 51 ad
1545 594 128 51 alium
1631 594 128 51 actum
1716 594 257 51 impertinentem.
1916 594 57 51 De

1233 640 94 48 hac
1286 640 202 48 conclusione
1448 640 162 48 scilicet
1569 640 94 48 quo
1623 640 94 48 vna
1677 640 135 48 virtus
1771 640 162 48 inclinat
1892 640 81 48 ad
1919 640 54 48 a-

1239 684 105 53 ctum
1305 684 132 53 primum
1397 684 158 53 alterius
1516 684 119 53 quare
1595 684 92 53 vbi
1648 684 132 53 supra.
1740 684 79 53 Si
1779 684 145 53 quaeras
1872 684 92 53 vtrum

1232 727 159 53 iusticia
1351 727 159 53 secundum
1470 727 106 53 quam
1536 727 132 53 virtus
1629 727 146 53 heroyca
1735 727 159 53 inclinat
1841 727 119 53 suffici

1237 770 112 54 enter
1311 770 75 54 ad
1349 770 112 54 actum
1424 770 150 54 alterius
1536 770 162 54 virtutis:
1660 770 162 54 Respondeo
1785 770 100 54 quod
1835 770 137 54 aliquando

1236 815 160 52 inclinat
1356 815 80 52 et
1396 815 173 52 aliquando
1529 815 107 52 non.
1596 815 93 52 nam
1649 815 187 52 occurrente
1796 815 147 52 materia
1889 815 80 52 alte

1229 859 115 51 rius
1300 859 172 51 virtutis
1430 859 101 51 cum
1487 859 115 51 alia
1559 859 244 51 circumstantia
1760 859 201 51 necessario
1904 859 57 51 se

1237 903 143 52 quente
1337 903 185 52 iusticiam
1479 903 128 52 nihil
1565 903 214 52 repugnante:
1736 903 114 52 puta
1807 903 86 52 si
1836 903 128 52 aliquem

1241 953 187 44 oporteret
1384 953 172 44 deserere
1513 953 129 44 actum
1600 953 172 44 iusticie
1729 953 101 44 vel
1786 953 144 44 facere
1872 953 101 44 inho-

1231 988 143 55 nestum
1331 988 100 55 vel
1388 988 186 55 sustinere
1530 988 171 55 carcerem
1659 988 100 55 ibi
1716 988 200 55 inclinaret
1859 988 114 55 suffi-

1228 1031 153 53 cienter
1339 1031 84 53 ad
1381 1031 125 53 actum
1465 1031 237 53 fortitudinis.
1660 1031 84 53 si
1701 1031 125 53 autem
1785 1031 167 53 occurrat
1896 1031 70 53 ma-

1237 1074 123 59 teria
1319 1074 163 59 virtutis
1442 1074 95 59 cum
1496 1074 245 59 circumstantiis
1701 1074 136 59 omnino
1782 1074 191 59 impertinenti

1230 1120 122 52 bus:
1306 1120 122 52 puta
1382 1120 91 52 si
1428 1120 198 52 oporteret
1580 1120 167 52 aliquem
1701 1120 122 52 bona
1777 1120 106 52 sua
1823 1120 137 52 perdere

1228 1164 108 53 nisi
1296 1164 149 53 faceret
1405 1164 122 53 actum
1486 1164 230 53 intemperantie
1676 1164 81 53 in
1716 1164 108 53 tali
1784 1164 108 53 casu
1852 1164 95 53 non
1892 1164 68 53 in-

1238 1217 135 46 clinat
1332 1217 229 46 sufficientur.
1520 1217 81 46 Si
1560 1217 148 46 quaeras
1668 1217 121 46 vtrum
1749 1217 161 46 iusticia
1870 1217 81 46 in
1897 1217 67 46 vno

1242 1255 135 51 gradu
1332 1255 180 51 inclinat
1467 1255 90 51 ad
1512 1255 135 51 actum
1602 1255 180 51 iusticie
1736 1255 90 51 in
1781 1255 120 51 alio
1841 1255 120 51 gradum

1255 1298 195 49 Respondeo.
1409 1298 140 49 primus
1506 1298 140 49 gradus
1604 1298 98 49 non
1660 1298 154 49 videtur
1772 1298 181 49 inclinare
1911 1298 84 49 ad

1237 1338 144 51 secundum:
1348 1338 89 51 quia
1403 1338 133 51 secundus
1503 1338 100 51 habet
1570 1338 200 51 circumstantiam
1736 1338 111 51 omnino
1803 1338 166 51 impertinentem

1228 1383 87 41 ad
1271 1383 145 41 primum
1372 1383 101 41 nec
1430 1383 203 41 sequentem:
1590 1383 101 41 nec
1647 1383 217 41 repugnantem
1821 1383 130 41 sibi:
1894 1383 72 41 nec

1243 1423 113 58 eadem
1319 1423 138 58 ratione
1419 1423 151 58 secundus
1532 1423 151 58 inclinat
1645 1423 75 58 ad
1683 1423 138 58 tertium
1784 1423 88 58 nec
1834 1423 75 58 ad
1859 1423 113 58 quartum

1246 1467 73 51 ed
1282 1467 85 51 tam
1331 1467 146 51 secundus
1440 1467 97 51 quam
1501 1467 134 51 tertius
1598 1467 97 51 quam
1659 1467 134 51 quartus
1756 1467 146 51 inclinat
1866 1467 73 51 ad
1890 1467 85 51 quin-

1236 1518 105 51 tum:
1301 1518 105 51 puta
1367 1518 79 51 ad
1406 1518 170 51 heroycam.
1537 1518 66 51 ⁋
1564 1518 131 51 Tertia
1655 1518 170 51 conclusio
1786 1518 92 51 est
1839 1518 105 51 quod
1891 1518 79 51 nul-

1244 1556 94 56 la
1291 1556 156 56 virtus
1401 1556 172 56 moralis
1526 1556 94 56 in
1573 1556 203 56 quocunque
1729 1556 141 56 gradu
1808 1556 156 56 necessa-

1239 1600 93 59 rio
1292 1600 159 59 coexigit
1411 1600 119 59 aliam
1490 1600 159 59 virtutem
1609 1600 79 59 in
1649 1600 159 59 quocuque
1768 1600 119 59 gradu
1847 1600 93 59 hoc
1887 1600 79 59 pro-

1254 1649 128 50 patur:
1344 1649 102 50 quia
1408 1649 141 50 aliquis
1510 1649 128 50 potest
1599 1649 77 50 se
1638 1649 179 50 exercitare
1778 1649 115 50 circa
1842 1649 128 50 materiam

1240 1697 124 48 vnius
1323 1697 152 48 virtutm
1434 1697 83 48 in
1475 1697 180 48 quocumque
1613 1697 124 48 gradu
1696 1697 124 48 supra
1779 1697 124 48 dicto
1848 1697 111 48 absque

1238 1739 98 53 hoc
1294 1739 112 53 quod
1364 1739 167 53 exerceat
1489 1739 84 53 se
1531 1739 125 53 circa
1614 1739 167 53 materiam
1740 1739 167 53 alterius
1851 1739 112 53 virtui

1234 1778 103 64 quia
1299 1778 168 64 possibile
1428 1778 90 64 est
1479 1778 103 64 quod
1544 1778 90 64 non
1595 1778 155 64 occurrat
1711 1778 142 64 materia
1801 1778 168 64 cuiuscumque

1247 1829 135 49 alterius
1348 1829 135 49 virtuum:
1450 1829 68 49 et
1483 1829 79 49 non
1528 1829 124 49 videtur
1619 1829 101 49 ratio
1686 1829 101 49 maior
1754 1829 101 49 quare
1821 1829 113 49 potest
1900 1829 68 49 se
1923 1829 56 49 ex-

1240 1869 142 55 ercitare
1346 1869 71 55 in
1382 1869 83 55 vno
1429 1869 106 55 gradu
1500 1869 94 55 quam
1559 1869 71 55 in
1594 1869 106 55 alio:
1665 1869 71 55 et
1701 1869 83 55 ita
1748 1869 71 55 in
1783 1869 142 55 quolibet
1889 1869 83 55 vel
1925 1869 47 55 in

1252 1909 123 52 nullo
1334 1909 82 52 si
1375 1909 178 52 quecumque
1512 1909 164 52 occurrat
1635 1909 137 52 matria
1730 1909 164 52 alterius
1839 1909 137 52 virturum

1245 1958 91 50 hoc
1297 1958 155 50 accidit.
1413 1958 65 50 ⁋
1439 1958 129 50 Quarta
1530 1958 168 50 conclusio
1659 1958 91 50 est
1711 1958 104 50 quod
1776 1958 91 50 duo
1828 1958 117 50 primi
1892 1958 78 50 gra-

1251 1995 83 56 dus
1299 1995 143 56 virtutis
1406 1995 107 56 stant
1477 1995 83 56 cum
1524 1995 107 56 vicio
1596 1995 154 56 contrario
1714 1995 143 56 alterius
1821 1995 143 56 virtutis
1916 1995 48 56 et

1248 2041 112 53 recto
1322 2041 137 53 iudicio
1422 2041 162 53 rationis:
1546 2041 87 53 non
1596 2041 112 53 tamen
1670 2041 149 53 respectu
1782 2041 124 53 illius
1857 2041 112 53 virtuum

1257 2086 95 61 quae
1316 2086 95 61 stat
1376 2086 83 61 cum
1423 2086 118 61 vicio:
1506 2086 83 61 sed
1553 2086 142 61 respectu
1660 2086 142 61 alterius
1766 2086 130 61 virtuum
1861 2086 83 61 cum
1896 2086 83 61 cuius

1244 2130 148 54 opposito
1355 2130 99 54 stat
1416 2130 99 54 ista
1478 2130 136 54 virtus:
1576 2130 74 54 et
1613 2130 160 54 similiter
1737 2130 99 54 stat
1798 2130 86 54 cum
1847 2130 111 54 vicio
1909 2130 74 54 oppo

1255 2180 86 49 sito
1309 2180 64 49 et
1341 2180 107 49 errore
1416 2180 107 49 rectum
1491 2180 129 49 alterius
1587 2180 150 49 virtutuis:
1705 2180 64 49 et
1737 2180 75 49 hoc
1780 2180 182 49 quantumcumque
1919 2180 54 49 vir

1243 2217 84 54 tus
1291 2217 72 54 in
1327 2217 108 54 illis
1399 2217 144 54 gradibus
1506 2217 180 54 intendatur.
1650 2217 108 54 prima
1722 2217 96 54 pars
1782 2217 144 54 probatur
1889 2217 84 54 per
1925 2217 60 54 ex-

1250 2259 167 63 perientiam:
1384 2259 89 63 quia
1440 2259 123 63 aliquis
1529 2259 112 63 potest
1607 2259 134 63 temprate
1707 2259 100 63 agere
1774 2259 134 63 secundum
1875 2259 89 63 duos
1919 2259 56 63 pri

1259 2307 89 58 nos
1310 2307 127 58 gradus
1399 2307 204 58 temperantie:
1565 2307 76 58 et
1603 2307 115 58 tamen
1679 2307 115 58 velle
1756 2307 115 58 iuste
1832 2307 115 58 agere
1896 2307 89 58 etiam

1257 2351 148 50 dictante
1368 2351 136 50 ratione
1466 2351 123 50 recta:
1553 2351 99 50 quia
1614 2351 111 50 talia
1688 2351 111 50 opera
1762 2351 136 50 iniusta
1861 2351 86 50 non
1898 2351 74 50 sunt

1257 2389 172 61 facienda:
1389 2389 93 61 sed
1442 2389 159 61 opposita
1561 2389 106 61 sunt
1628 2389 159 61 facienda
1747 2389 79 61 et
1786 2389 132 61 stante
1866 2389 119 61 ratione

1256 2435 121 54 recta
1336 2435 94 54 tam
1390 2435 161 54 respectu
1510 2435 201 54 temperantie
1671 2435 107 54 quam
1738 2435 161 54 respectu
1845 2435 134 54 iusticie

1260 2480 146 51 potest
1363 2480 161 51 aliquis
1479 2480 161 51 propter
1596 2480 204 51 libertatem
1757 2480 204 51 voluntatis
1903 2480 73 51 vel

1258 2522 86 64 le
1301 2522 187 64 oppositum
1444 2522 129 64 vnius
1531 2522 129 64 sicut
1617 2522 115 64 post
1689 2522 172 64 patebit.
1818 2522 86 64 et
1861 2522 101 64 ita
1904 2522 72 64 po-

1255 2569 115 51 test
1327 2569 129 51 velle
1413 2569 144 51 facere
1513 2569 129 51 opera
1600 2569 158 51 iniusta
1715 2569 86 51 et
1758 2569 115 51 post
1830 2569 115 51 esse
1887 2569 101 51 iniu-

1246 2611 122 66 stus.
1328 2611 176 66 Preterea.
1463 2611 136 66 quando
1558 2611 149 66 aliquis
1667 2611 122 66 actus
1748 2611 109 66 sine
1803 2611 176 66 circumstam
