2254 3088
242 205 158 68 formatur
360 205 131 68 alicui
452 205 145 68 iudicio
557 205 171 68 rationis:
689 205 92 68 non
741 205 118 68 autem
820 205 105 68 illi
873 205 92 68 cuius

246 259 88 52 est
296 259 212 52 destructiuum:
471 259 113 52 sicut
546 259 125 52 patet.
633 259 100 52 ergo
696 259 125 52 alteri
783 259 138 52 priori.
883 259 75 52 et
908 259 50 52 de

240 298 100 48 illo
302 298 124 48 tertio
389 298 75 48 ex
426 298 87 48 quo
476 298 124 48 potest
563 298 149 48 impediri
675 298 124 48 potest
762 298 112 48 queri
837 298 112 48 sicut
899 298 50 48 de

243 343 108 54 primo
315 343 72 54 et
351 343 144 54 secundo.
459 343 72 54 et
495 343 84 54 sic
543 343 96 54 erit
603 343 156 54 processus
722 343 72 54 in
758 343 156 54 infinitum
878 343 72 54 in
902 343 60 54 iu-

229 387 138 55 diciis
326 387 83 55 et
367 387 179 55 imperiis:
504 387 96 55 vel
559 387 165 55 stabitur
683 387 83 55 ad
724 387 151 55 aliquod
821 387 138 55 imperium

243 432 98 54 quod
304 432 86 54 non
353 432 147 54 elicitur
463 432 183 54 conformiter
610 432 110 54 recte
683 432 134 54 rationi
781 432 86 54 sed
830 432 110 54 solum
891 432 73 54 libe

234 475 77 61 re
273 475 77 61 ex
311 475 102 61 nuda
375 475 192 61 ostensione.
528 475 77 61 et
567 475 89 61 qua
618 475 141 61 ratione
720 475 128 61 statur
809 475 77 61 in
835 475 115 61 secundo

239 517 91 57 vel
291 517 78 57 in
330 517 143 57 tertio:
434 517 117 57 eadem
512 517 143 57 ratione
617 517 78 57 in
656 517 117 57 primo
734 517 104 57 etc.
799 517 65 57 ⁋
812 517 143 57 Preterea.

229 566 159 55 appetitus
351 566 171 55 sensitiuus
485 566 122 55 potest
570 566 146 55 impedire
680 566 159 55 iudictum:
802 566 110 55 sicut
863 566 98 55 quando

231 618 152 50 aliquem
342 618 180 50 passiones
480 618 152 50 possunt
591 618 111 50 esse
660 618 97 50 ita
715 618 194 50 vehementes
867 618 83 50 in
895 618 55 50 ap

227 649 138 56 petitum
328 649 163 56 sensitiuo
453 649 100 56 quod
516 649 163 56 totaliter
642 649 163 56 impediant
767 649 151 56 iudicium
868 649 75 56 rati

226 698 93 53 nis:
284 698 70 53 et
319 698 105 53 tamen
389 698 81 53 per
436 698 81 53 hoc
482 698 81 53 non
529 698 81 53 est
575 698 116 53 liber.
656 698 116 53 igitur
738 698 81 53 nec
784 698 105 53 eodem
854 698 93 53 modo
901 698 46 53 in

229 735 145 62 proposito
341 735 56 62 ⁋
363 735 179 62 Confirmatur.
509 735 90 62 quia
564 735 101 62 ratio
632 735 145 62 aliquando
743 735 112 62 errat.
822 735 90 62 tunc
867 735 90 62 quaero

221 783 95 53 aut
276 783 95 53 hoc
330 783 95 53 est
384 783 81 53 in
425 783 135 53 ptante
519 783 190 53 voluntatis
669 783 95 53 aut
723 783 108 53 non.
790 783 81 53 si
831 783 108 53 non:
885 783 68 53 non

225 826 129 55 peccat
316 826 78 55 ex
355 826 194 55 ignorantia.
510 826 104 55 quia
575 826 129 55 nullus
665 826 168 55 obligatur
795 826 78 55 ad
821 826 129 55 impossi-

220 870 124 51 bile.
303 870 83 51 si
344 870 96 51 sit
399 870 83 51 in
441 870 138 51 ptante
537 870 193 51 voluntatis
688 870 96 51 aut
743 870 193 51 immediate:
881 870 69 51 aut

224 911 161 53 mediante
344 911 107 53 actu
411 911 201 53 voluntatis.
572 911 67 53 ⁋
599 911 80 53 Si
639 911 121 53 dicis
719 911 107 53 quod
786 911 107 53 ipsa
840 911 107 53 intel-

215 959 134 53 lectio
308 959 94 53 est
362 959 120 53 primo
442 959 80 53 in
482 959 134 53 ptante
576 959 201 53 intellectus
736 959 67 53 ⁋
763 959 147 53 Contra.
856 959 94 53 intel

219 1001 127 58 lectus
308 1001 114 58 nulli
384 1001 140 58 adheret
486 1001 102 58 nisi
550 1001 140 58 propter
651 1001 178 58 euidentiam
791 1001 89 58 rei
842 1001 89 58 vel
880 1001 76 58 pro-

222 1050 117 51 pter
295 1050 233 51 auctoritatem
485 1050 102 51 vel
543 1050 161 51 propter
660 1050 175 51 imperium
777 1050 175 51 voluntatis

222 1094 91 49 sed
274 1094 104 49 siue
339 1094 104 49 sic:
404 1094 104 49 siue
470 1094 91 49 sic
522 1094 156 49 adhereat
639 1094 130 49 semper
730 1094 196 49 neccessario
874 1094 78 49 adhe

227 1142 97 49 ret
283 1142 139 49 posito
380 1142 125 49 alio:
464 1142 111 49 puta
533 1142 181 49 euidentia
673 1142 97 49 rei
728 1142 97 49 vel
784 1142 153 49 imperio
881 1142 70 49 vo-

229 1179 162 54 luntatis.
353 1179 87 54 nec
403 1179 124 54 potest
490 1179 112 54 istis
564 1179 162 54 stantibus
689 1179 87 54 non
739 1179 162 54 adherere.
850 1179 100 54 igitur

231 1222 93 55 non
284 1222 93 55 est
337 1222 79 55 in
376 1222 132 55 ptante
469 1222 212 55 intellectus.
641 1222 66 55 ⁋
668 1222 172 55 Preterea.
800 1222 106 55 tunc
853 1222 106 55 primum

222 1268 152 55 peccatum
336 1268 114 55 esset
412 1268 76 55 in
450 1268 177 55 intellectu
589 1268 89 55 non
640 1268 76 55 in
678 1268 177 55 voluntate.
817 1268 101 55 quia
867 1268 89 55 consi

219 1310 99 52 stit
281 1310 74 52 in
318 1310 99 52 illo
380 1310 99 52 actu
442 1310 99 52 quie
504 1310 112 52 primo
578 1310 87 52 est
628 1310 74 52 in
665 1310 124 52 ptante
752 1310 136 52 nostra.
851 1310 74 52 et
876 1310 62 52 per

228 1352 161 56 consequens
355 1352 92 56 tunc
413 1352 115 56 posset
494 1352 138 56 pectatum
598 1352 81 56 non
644 1352 92 56 esse
701 1352 185 56 voluntarium.
851 1352 92 56 quod
897 1352 58 56 est

222 1394 154 54 contra
329 1394 215 54 Augustinum
498 1394 92 54 et
544 1394 138 54 alios
636 1394 138 54 sctos
729 1394 77 54 ⁋
744 1394 215 54 Confirmatur.

229 1445 104 47 non
289 1445 164 47 videtur
408 1445 223 47 impossibile
587 1445 119 47 deum
661 1445 209 47 suspendere
810 1445 149 47 actionem

225 1486 119 47 cause
304 1486 146 47 secunde
410 1486 79 47 et
450 1486 132 47 facere
543 1486 119 47 actum
622 1486 146 47 priorem
728 1486 106 47 sine
794 1486 106 47 actu
847 1486 106 47 poste-

226 1534 117 49 riori.
308 1534 117 49 igitur
390 1534 117 49 potest
471 1534 117 49 facere
553 1534 105 49 illum
623 1534 105 49 actum
693 1534 175 49 intellectus
833 1534 93 49 esse
880 1534 70 49 sine

226 1573 101 53 actu
290 1573 190 53 voluntatis.
442 1573 76 53 et
480 1573 89 53 sic
531 1573 152 53 peccatum
645 1573 114 53 esset
721 1573 76 53 in
759 1573 178 53 intellectu
886 1573 63 53 non

234 1620 164 51 existente
360 1620 76 51 in
398 1620 176 51 voluntate.
537 1620 63 51 ⁋
562 1620 126 51 Tertia
650 1620 164 51 conclusio
776 1620 101 51 est.
839 1620 101 51 quod
889 1620 76 51 prum

232 1659 138 53 dentia
329 1659 152 53 secundo
439 1659 110 53 modo
508 1659 124 53 dicta
591 1659 96 53 pro
646 1659 152 53 notitia
756 1659 179 53 immediate
880 1659 69 53 di-

222 1695 172 63 rectionis
354 1695 159 63 alicuius
473 1695 225 63 propositionis
658 1695 211 63 particularis
817 1695 145 63 euidentur

224 1746 114 51 illate
304 1746 69 51 ex
338 1746 172 51 vniversali:
475 1746 114 51 potest
555 1746 92 51 esse
613 1746 92 51 sine
670 1746 126 51 virtute
761 1746 126 51 morali.
853 1746 80 51 hoc
887 1746 69 51 pro-

232 1792 100 49 batur
298 1792 78 49 per
343 1792 111 49 easdem
420 1792 144 49 rationes:
531 1792 78 49 per
575 1792 89 49 quas
631 1792 100 49 prior
697 1792 144 49 probatur.
808 1792 89 49 quia
852 1792 100 49 dictan-

221 1834 82 53 te
262 1834 192 53 intellectu
413 1834 82 53 de
454 1834 137 53 aliquo
550 1834 82 53 in
591 1834 219 53 particulari:
769 1834 137 53 potest
851 1834 96 53 volun

214 1873 101 57 tas
271 1873 87 57 in
315 1873 216 57 contrarium.
488 1873 72 57 ⁋
516 1873 87 57 Si
560 1873 130 57 autem
646 1873 115 57 tunc
718 1873 159 57 dicatur
819 1873 130 57 quantum

232 1922 67 54 ad
265 1922 124 54 priorem
355 1922 180 54 conclusione:
501 1922 67 54 et
535 1922 101 54 istam
603 1922 146 54 similiter
715 1922 90 54 quod
771 1922 135 54 voluntas
872 1922 79 54 non
906 1922 56 54 est

221 1964 131 55 libera:
316 1964 95 55 quia
376 1964 119 55 potest
459 1964 119 55 facere
542 1964 119 55 contra
626 1964 143 55 iudicium
733 1964 155 55 rationis.
852 1964 83 55 sed
888 1964 71 55 quia

221 2018 135 47 potest
315 2018 135 47 libere
409 2018 148 47 imprare
517 2018 202 47 executionem
678 2018 202 47 operationum
826 2018 121 47 exterio

232 2045 100 61 rum:
294 2045 75 61 et
331 2045 150 61 respectu
444 2045 125 61 illius
531 2045 137 61 imperii
631 2045 137 61 dicitur
731 2045 137 61 libera:
831 2045 87 61 non
869 2045 87 61 autem

227 2090 156 59 respectu
344 2090 156 59 alicuius
461 2090 117 59 actus
539 2090 143 59 eliciti
644 2090 195 59 conformiter
787 2090 169 59 velldiffor-

228 2140 116 55 miter
305 2140 116 55 recte
383 2140 155 55 rationi.
499 2140 64 55 ⁋
525 2140 142 55 Contra.
628 2140 129 55 quando
718 2140 129 55 aliqua
808 2140 90 55 duo
860 2140 90 55 sic
898 2140 52 55 se

228 2187 147 48 habent.
334 2187 107 48 quod
401 2187 133 48 posito
494 2187 120 48 primo
574 2187 186 48 necessario
721 2187 147 48 ponitur
814 2187 133 48 secundum

231 2225 201 56 impossibile
391 2225 94 56 est
445 2225 134 56 primum
538 2225 107 56 poni
605 2225 107 56 nisi
672 2225 161 56 secundum
792 2225 161 56 ponatur.
899 2225 54 56 et

241 2268 77 59 per
285 2268 154 59 consequens
406 2268 132 59 secundum
506 2268 77 59 non
550 2268 77 59 est
594 2268 66 59 in
627 2268 110 59 ptante
704 2268 165 59 voluntatis:
837 2268 88 59 nisi
881 2268 66 59 quia

240 2316 117 56 primum
322 2316 93 56 est.
381 2316 82 56 sed
427 2316 105 56 recta
497 2316 129 56 ratione
591 2316 140 56 dictante
696 2316 93 56 quod
754 2316 129 56 aliquid
848 2316 82 56 sit
883 2316 70 56 omni

234 2360 112 53 non
298 2360 223 53 operandum:
473 2360 96 53 et
521 2360 207 53 imperante
681 2360 207 53 voluntate
840 2360 144 53 illud

230 2399 206 57 efficacitur
395 2399 151 57 operari
505 2399 193 57 necessario
657 2399 165 57 operatur
780 2399 83 57 et
808 2399 151 57 exequitur

237 2438 152 63 secundum
351 2438 164 63 potentias
478 2438 177 63 exteriores
617 2438 76 63 si
655 2438 89 63 non
705 2438 202 63 impediantur.
857 2438 101 63 igitur

229 2491 210 52 necessario
394 2491 180 52 sequitur
529 2491 180 52 imperium
665 2491 240 52 executionis.
845 2491 105 52 Maior

235 2533 123 58 patet
318 2533 82 58 ex
359 2533 151 58 dictis.
482 2533 123 58 Minor
564 2533 165 58 probatur
688 2533 96 58 per
743 2533 178 58 gregorium
866 2533 96 58 dicen

228 2577 105 75 tem.
294 2577 158 75 probatio
412 2577 198 75 dilectionis
571 2577 92 75 est
623 2577 171 75 exhibitio
755 2577 145 75 operis.
848 2577 105 75 simili

1050 208 213 57 philosophus.
1223 208 93 57 ix.
1276 208 133 57 metha.
1369 208 160 57 potentia
1489 208 186 57 rationalis
1636 208 120 57 valet
1716 208 80 57 ad

1052 263 164 51 opposita:
1178 263 76 51 et
1216 263 113 51 dicit
1292 263 88 51 ibi
1342 263 101 51 quod
1405 263 88 51 cum
1456 263 88 51 sit
1506 263 189 51 oppositorum
1658 263 101 51 oret
1708 263 63 51 ibi

1042 313 134 50 aliquid
1139 313 97 50 esse
1200 313 195 50 deterinatium
1358 313 146 50 scilicet
1468 313 158 50 appetitum
1590 313 73 50 et
1614 313 146 50 proheresim

1046 341 105 64 Unde
1111 341 118 64 dicit
1190 341 92 64 sic
1242 341 105 64 quod
1308 341 105 64 enim
1373 341 196 64 desiderabit
1530 341 223 64 principaliter
1701 341 65 64 hoc

1045 381 151 68 faciet.
1155 381 137 68 quando
1251 381 82 68 vt
1293 381 137 68 possit
1389 381 179 68 extiterit
1526 381 82 68 et
1554 381 206 68 appropiquaue-

1041 434 81 47 rit
1088 434 138 47 passiuo.
1191 434 104 47 quare
1260 434 115 47 poteno
1341 434 138 47 secundum
1445 434 138 47 rationem
1549 434 127 47 necesse
1641 434 115 47 quando
1710 434 46 47 de

1039 473 158 51 siderat
1153 473 129 51 cuius
1240 473 129 51 habet
1326 473 187 51 potentiam
1469 473 86 51 et
1512 473 86 51 vt
1555 473 129 51 habet
1641 473 100 51 hoc
1684 473 72 51 fa-

1047 519 100 57 cere
1109 519 125 57 habet.
1196 519 125 57 igitur
1283 519 150 57 presente
1396 519 137 57 passiuo
1495 519 150 57 sequitur
1607 519 100 57 ergo
1657 519 100 57 conclu

1043 560 108 50 sio.
1111 560 68 50 ⁋
1138 560 81 50 Si
1179 560 149 50 qumeras
1287 560 122 50 vtrum
1369 560 149 50 imprare
1477 560 203 50 executionem
1640 560 122 50 actus
1708 560 54 50 ex

1028 611 163 54 terioris
1150 611 95 54 sit
1205 611 122 54 alius
1286 611 122 54 actus
1367 611 81 54 ab
1408 611 108 54 illo
1476 611 95 54 quo
1530 611 108 54 vult
1584 611 176 54 efficacitur

1033 656 171 43 dictatum
1161 656 71 43 a
1189 656 128 43 recta
1275 656 171 43 ratione.
1403 656 71 43 ⁋
1431 656 171 43 Respodeo
1560 656 85 43 si
1602 656 114 43 ille
1659 656 100 43 actus

1047 695 90 50 quo
1098 695 103 50 vult
1163 695 154 50 dictatum
1278 695 64 50 a
1304 695 141 50 ratione
1407 695 116 50 recta
1484 695 90 50 sit
1535 695 116 50 actus
1599 695 154 50 impratiuus

1036 736 199 53 formaliter
1192 736 142 53 qualis
1291 736 99 53 est
1348 736 128 53 actus
1433 736 170 53 virtutis
1561 736 170 53 heropce.
1675 736 85 53 tunc

1036 787 95 52 est
1091 787 109 52 idem
1159 787 122 52 actus
1240 787 136 52 omnino
1335 787 95 52 quo
1389 787 109 52 vult
1457 787 163 52 dictatum
1580 787 81 52 et
1620 787 95 52 quo
1661 787 95 52 impe-

1029 831 92 45 rat
1081 831 209 45 executionem.
1251 831 105 45 quia
1317 831 131 45 posito
1409 831 105 45 ipso
1474 831 170 45 exequitur
1605 831 131 45 statim
1697 831 92 45 amo

1028 871 84 54 to
1070 871 223 54 impedimento:
1251 871 126 54 sicut
1335 871 126 54 prius
1419 871 140 54 patet.
1517 871 84 54 et
1559 871 98 54 hoc
1614 871 112 54 sine
1670 871 84 54 omni

1036 914 104 46 actu
1101 914 195 46 voluntatis.
1257 914 78 46 si
1296 914 117 46 autem
1374 914 91 46 sit
1426 914 195 46 imperatiuus
1569 914 182 46 equiualenter

1033 959 109 56 puta
1101 959 150 56 aliquis
1210 959 109 56 vult
1279 959 163 56 dictatum
1401 959 68 56 a
1428 959 150 56 ratione
1537 959 82 56 si
1578 959 123 56 esset
1646 959 123 56 oportu-

1027 1001 148 47 nitas:
1131 1001 89 47 et
1175 1001 119 47 nisi
1249 1001 133 47 esset
1338 1001 252 47 impedimentum.
1546 1001 89 47 si
1590 1001 119 47 post
1649 1001 104 47 impet

1034 1043 239 61 executionem
1226 1043 144 61 actus
1321 1043 223 61 exterioris
1497 1043 160 61 habita
1592 1043 176 61 oportuni-

1034 1093 119 57 tate.
1113 1093 92 57 ibi
1166 1093 145 57 imprare
1271 1093 92 57 est
1324 1093 119 57 alius
1404 1093 119 57 actus
1483 1093 66 57 a
1509 1093 132 57 primo.
1602 1093 106 57 quia
1654 1093 106 57 primus

1035 1137 92 41 est
1087 1137 184 41 impratiuus
1232 1137 118 41 solum
1311 1137 210 41 equiualentur
1481 1137 158 41 secundus
1586 1137 171 41 formaliter.

1042 1173 119 55 primus
1126 1173 107 55 habet
1197 1173 191 55 impedimentum
1352 1173 83 55 pro
1400 1173 131 55 obiecto
1495 1173 143 55 secundus
1602 1173 95 55 non.
1650 1173 119 55 secundus

1046 1214 94 52 habet
1108 1214 105 52 tempus
1182 1214 126 52 praesens
1276 1214 73 52 pro
1318 1214 115 52 obiecto
1402 1214 105 52 primus
1475 1214 84 52 non.
1528 1214 63 52 et
1559 1214 73 52 per
1601 1214 147 52 consequens
1706 1214 63 52 sunt

1028 1265 155 43 diuersi
1141 1265 141 43 actus.
1239 1265 141 43 Quarta
1338 1265 183 43 conclusio
1478 1265 99 43 est
1535 1265 113 43 quod
1605 1265 141 43 aliqua
1690 1265 70 43 pru

1037 1306 134 52 dentia
1130 1306 134 52 tertio
1224 1306 107 52 modo
1291 1306 121 52 dicta
1372 1306 134 52 potest
1465 1306 107 52 esse
1532 1306 107 52 sine
1599 1306 147 52 virtute
1693 1306 67 52 mo-

1038 1353 102 56 rali
1102 1353 76 56 et
1140 1353 102 56 alia
1204 1353 165 56 prudentia
1331 1353 102 56 non.
1394 1353 89 56 hoc
1445 1353 127 56 patet:
1534 1353 102 56 quia
1598 1353 127 56 aliqua
1674 1353 89 56 talis

1039 1401 196 47 propositio
1193 1401 126 47 habet
1277 1401 168 47 cognosci
1403 1401 98 47 per
1460 1401 224 47 experientiam
1628 1401 140 47 acceptam

1039 1445 163 44 respectu
1162 1445 122 44 actus
1243 1445 163 44 alterius
1365 1445 163 44 hominis.
1487 1445 109 44 Alia
1555 1445 95 44 non
1610 1445 136 44 potest
1691 1445 68 44 eui

1037 1478 145 59 denter
1138 1478 174 59 cognosci
1268 1478 116 59 nisi
1341 1478 101 59 per
1399 1478 232 59 experientiam
1587 1478 174 59 acceptam
1703 1478 72 59 re-

1044 1522 153 58 spectu
1151 1522 169 58 proprii
1274 1522 153 58 actus.
1381 1522 184 58 Exemplum
1519 1522 138 58 primi
1596 1522 169 58 iracundus

1047 1568 93 58 est
1100 1568 185 58 mitigandus
1245 1568 93 58 per
1298 1568 146 58 pulchra
1404 1568 119 58 verba
1484 1568 132 58 quando
1576 1568 172 58 aliquando
1696 1568 79 58 vidi

1040 1612 92 47 eum
1092 1612 92 47 sic
1145 1612 171 47 mitigatum
1276 1612 92 47 per
1329 1612 118 47 alium
1408 1612 92 47 vel
1460 1612 92 47 per
1513 1612 79 47 me
1552 1612 144 47 noticia
1644 1612 118 47 euidens

1054 1656 121 61 istius
1139 1656 121 61 potest
1224 1656 97 61 esse
1284 1656 97 61 sine
1345 1656 133 61 virtute
1442 1656 121 61 morali
1527 1656 97 61 quia
1587 1656 133 61 aliquis
1672 1656 85 61 potes

1043 1701 183 54 euidenter
1184 1701 127 54 illam
1268 1701 239 54 propositionem
1465 1701 211 54 cognoscere:
1633 1701 84 54 et
1662 1701 98 54 tamen

1046 1745 115 56 nolle
1123 1745 89 56 eum
1174 1745 192 56 simpliciter
1327 1745 153 56 mitigare
1442 1745 115 56 sicut
1519 1745 115 56 patet
1596 1745 89 56 per
1634 1745 128 56 experien

1048 1786 112 54 tiam.
1122 1786 75 54 et
1160 1786 149 54 probatur
1272 1786 87 54 hec
1321 1786 100 54 pars
1384 1786 87 54 per
1433 1786 149 54 rationes
1545 1786 112 54 prius
1620 1786 124 54 factas
1695 1786 62 54 pro

1042 1831 151 48 secunda
1152 1831 220 48 conclusione.
1331 1831 165 48 Exemplum
1454 1831 165 48 secundi.
1578 1831 151 48 aliquis
1674 1831 82 48 enim

1043 1876 188 53 eliciendo
1187 1876 203 53 frequenter
1346 1876 116 53 actu
1419 1876 217 53 continentie
1592 1876 87 53 et
1621 1876 145 53 temperam

1036 1917 115 61 tie.
1108 1917 130 61 magis
1194 1917 202 61 disponitur
1353 1917 87 61 ad
1396 1917 101 61 dei
1454 1917 216 61 cognitionem
1627 1917 87 61 et
1656 1917 101 61 dile-

1037 1959 143 50 ctionem
1141 1959 78 50 et
1180 1959 78 50 ad
1219 1959 181 50 studendum.
1361 1959 169 50 Similiter
1491 1959 91 50 hic
1543 1959 143 50 aliquis
1633 1959 130 50 diligen-

1038 2003 77 57 do
1077 2003 103 57 deum
1141 2003 141 57 maiorem
1243 2003 115 57 habet
1320 2003 192 57 dilectionem
1474 2003 103 57 quam
1538 2003 77 57 in
1577 2003 103 57 alia
1641 2003 77 57 re
1666 2003 103 57 tempo-

1045 2053 104 56 rali.
1115 2053 70 56 et
1150 2053 151 56 similiter
1266 2053 139 56 diligens
1370 2053 139 56 perfecte
1475 2053 93 56 deum
1533 2053 70 56 et
1568 2053 104 56 actum
1626 2053 139 56 temperane-

1043 2092 101 50 tie
1100 2092 159 50 propter
1216 2092 101 50 deu
1274 2092 145 50 facile
1375 2092 188 50 contennit
1520 2092 130 50 actus
1592 2092 174 50 intemperam

1041 2135 82 50 tie
1088 2135 71 50 et
1124 2135 153 50 huiusmodi
1241 2135 94 50 sunt
1300 2135 200 50 propositiones
1465 2135 94 50 quae
1524 2135 82 50 non
1571 2135 129 50 possunt
1653 2135 106 50 euiden-

1044 2175 102 54 ter
1103 2175 117 54 esse
1176 2175 117 54 vere
1249 2175 102 54 nec
1307 2175 190 54 euidenter
1453 2175 88 54 ab
1497 2175 146 54 aliquo
1599 2175 131 54 sciri
1672 2175 88 54 sine

1042 2224 121 50 actu
1117 2224 166 50 proprio
1238 2224 196 50 elicitiuo
1388 2224 211 50 generatiuo
1554 2224 196 50 virtutis.
1690 2224 75 50 Nul

1040 2271 91 48 lus
1092 2271 104 48 enim
1157 2271 130 48 potest
1248 2271 169 48 euidenter
1378 2271 117 48 scire
1457 2271 117 48 istud
1535 2271 104 48 quod
1600 2271 117 48 actus
1665 2271 104 48 tempa-

1037 2308 137 55 rantie
1133 2308 96 55 est
1188 2308 191 55 frequenter
1338 2308 205 55 diligendus:
1502 2308 109 55 quia
1571 2308 150 55 hominem
1666 2308 96 55 dispo

1048 2355 94 61 nit
1101 2355 80 61 ad
1141 2355 94 61 dei
1195 2355 214 61 dilectionem:
1368 2355 94 61 vel
1422 2355 107 61 quod
1489 2355 107 61 deus
1556 2355 94 61 sit
1596 2355 160 61 diligendus

1050 2398 137 58 propter
1149 2398 187 58 dilectionem
1298 2398 100 58 quae
1361 2398 137 58 habetur
1460 2398 75 58 in
1498 2398 75 58 eo
1535 2398 100 58 plus
1597 2398 100 58 quam
1659 2398 75 58 in
1684 2398 75 58 alia

1044 2446 83 55 re.
1092 2446 83 55 non
1139 2446 95 55 quia
1199 2446 83 55 per
1246 2446 190 55 experientiam
1401 2446 71 55 in
1436 2446 119 55 seipso
1519 2446 154 55 aliquando
1626 2446 143 55 cognoscit.

1051 2488 112 59 quod
1121 2488 154 59 ipsemet
1233 2488 183 59 eliciendo
1374 2488 197 59 frequenter
1528 2488 112 59 actu
1584 2488 183 59 temperantie

1041 2535 115 48 magis
1118 2535 89 48 sic
1169 2535 192 48 disponitur.
1322 2535 166 48 similiter
1450 2535 77 48 in
1488 2535 166 48 diligendo
1616 2535 102 48 deum
1667 2535 102 48 habuit

1040 2579 156 55 ipsemet
1153 2579 156 55 maiorem
1267 2579 213 55 dilectionem
1437 2579 113 55 quam
1508 2579 85 55 in
1550 2579 142 55 aliqua
1650 2579 113 55 alia
1706 2579 57 55 re
