2282 3096
291 177 117 74 test
365 177 117 74 ille
438 177 132 74 actus
526 177 117 74 esse
599 177 176 74 perfecte
731 177 190 74 virtuosus
877 177 117 74 sine
936 177 88 74 actu

285 247 194 60 prudentie
435 247 120 60 quod
509 247 105 60 est
569 247 194 60 manifeste
719 247 165 60 falsum:
839 247 120 60 quia
898 247 120 60 stante

294 284 221 51 ordinatione
471 284 103 51 que
530 284 118 51 nunc
603 284 103 51 est
662 284 147 51 nullus
765 284 132 51 actus
853 284 103 51 est
897 284 118 51 perfe-

285 333 106 46 cte
345 333 196 46 virtuosus
496 333 121 46 nisi
572 333 226 46 conformiter
753 333 196 46 eliciatur
888 333 136 46 rationi

292 380 124 48 recte
375 380 194 48 actualiter
527 380 194 48 inherenti.
679 380 111 48 ideo
748 380 111 48 dico
818 380 111 48 quod
887 380 124 48 recta
956 380 69 48 ra-

292 419 96 53 tio
347 419 96 53 est
402 419 165 53 obiectum
526 419 124 53 actus
609 419 165 53 virtuosi
733 419 83 53 et
774 419 83 53 ex
815 419 96 53 hoc
871 419 110 53 quod
926 419 96 53 requi

279 466 134 50 ritur
368 466 89 50 ad
413 466 134 50 actum
503 466 194 50 virtuosum
652 466 164 50 tanquam
771 466 179 50 obiectum
905 466 89 50 in
935 466 89 50 esse

293 513 141 44 reali.
392 513 169 44 sequitur
519 513 113 44 quod
589 513 127 44 habet
674 513 226 44 causalitatem
843 513 169 44 effectiuam

289 563 167 46 respectu
414 563 125 46 actus
498 563 167 46 virtuosi
623 563 167 46 secundum
748 563 195 46 principium
887 563 125 46 frequen

281 595 102 53 ter
340 595 204 53 allegatum.
500 595 175 53 effectus
631 595 233 53 sufficienter
820 595 175 53 dependet
937 595 87 53 etc.

285 638 111 58 quia
354 638 83 58 si
396 638 97 58 non
451 638 222 58 requireretur
631 638 83 58 in
673 638 111 58 esse
742 638 125 58 reali
825 638 152 58 tanquam
922 638 97 58 obie-

286 680 130 55 ctum:
372 680 115 55 tunc
444 680 159 55 videtur
560 680 115 55 quod
632 680 130 55 solum
718 680 115 55 eius
790 680 187 55 presentia
934 680 87 55 et
963 680 58 55 ob

282 728 136 52 iecti
373 728 136 52 actus
463 728 182 52 virtuosi
600 728 106 52 cum
660 728 197 52 voluntate
811 728 151 52 potest
902 728 106 52 causa

290 774 74 49 re
327 774 110 49 actum
400 774 160 49 virtuosum
523 774 110 49 sicut
597 774 172 49 quemcumque
732 774 110 49 alium
805 774 110 49 actum
879 774 123 49 potest
953 774 61 49 cau

280 815 140 53 sare.
374 815 249 53 Confirmatur.
576 815 125 53 quia
654 815 156 53 nullus
763 815 140 53 actus
856 815 109 53 est
903 815 109 53 pefe-

282 867 103 45 cte
341 867 192 45 virtuosus
489 867 118 45 nisi
563 867 177 45 voluntas
696 867 103 45 per
755 867 133 45 illum
844 867 133 45 actum
918 867 103 45 velit

279 902 170 55 dictatum
406 902 71 55 a
435 902 127 55 recta
520 902 156 55 ratione
633 902 156 55 propter
746 902 99 55 hoc
803 902 113 55 quod
873 902 99 55 est
916 902 99 55 dicta

292 950 102 56 tum
351 950 73 56 a
380 950 131 56 recta
467 950 175 56 ratione.
598 950 117 56 quia
671 950 87 56 si
715 950 146 56 vellet
817 950 175 56 dictatum
948 950 73 56 a
963 950 58 56 ra

283 994 132 55 tione
371 994 102 55 non
430 994 117 55 quia
503 994 190 55 dictatum:
649 994 102 55 sed
708 994 117 55 quia
781 994 219 55 delectabile
942 994 73 55 vel

292 1035 169 53 propter
414 1035 138 53 aliam
507 1035 153 53 causam
614 1035 107 53 iam
675 1035 153 53 vellet
783 1035 138 53 illud
860 1035 153 53 dictatum

285 1082 85 64 si
327 1082 127 64 solum
412 1082 127 64 esset
497 1082 170 64 ostensum
625 1082 156 64 propter
738 1082 255 64 apprehensionem
936 1082 85 64 sine

280 1124 113 58 recta
356 1124 150 58 ratione.
468 1124 75 58 et
506 1124 88 58 per
556 1124 175 58 consequens
694 1124 100 58 ille
756 1124 113 58 actus
831 1124 88 58 non
881 1124 113 58 esset
944 1124 75 58 vir-

279 1171 161 55 tuosus:
397 1171 117 55 quia
470 1171 103 55 non
529 1171 205 55 eliceretur
690 1171 220 55 conformiter
866 1171 132 55 recte
940 1171 73 55 ra-

286 1215 151 52 tioni:
392 1215 121 52 quia
467 1215 106 52 hoc
528 1215 106 52 est
588 1215 166 52 elicere
709 1215 227 52 conformiter
876 1215 136 52 rationi

282 1259 133 53 recte
371 1259 133 53 velle
460 1259 178 53 dictatum
593 1259 74 53 a
622 1259 163 53 ratione
741 1259 133 53 recta
830 1259 163 53 propter
933 1259 74 53 hoc

290 1303 103 58 quod
354 1303 90 58 est
406 1303 167 58 dictatum.
534 1303 103 58 nunc
599 1303 116 58 autem
676 1303 90 58 est
727 1303 193 58 impossibile
881 1303 103 58 quod
933 1303 77 58 ali-

279 1344 117 63 quis
352 1344 132 63 velit
440 1344 161 63 aliquid
557 1344 161 63 propter
674 1344 132 63 aliud
762 1344 117 63 nisi
835 1344 132 63 velit
908 1344 102 63 illud

279 1394 144 54 aliud:
379 1394 115 54 quia
451 1394 86 54 si
495 1394 130 54 nolit
581 1394 101 54 vel
639 1394 101 54 non
696 1394 130 54 velit
783 1394 130 54 illud
869 1394 130 54 aliud
941 1394 72 54 iam

293 1435 108 56 vult
360 1435 121 56 aliud
441 1435 121 56 magis
522 1435 148 56 propter
630 1435 81 56 se
670 1435 108 56 quam
738 1435 148 56 propter
846 1435 121 56 illud
927 1435 121 56 aliud

291 1481 148 57 igitur
395 1481 89 57 ad
439 1481 103 57 hoc
498 1481 118 57 quod
572 1481 133 57 velim
661 1481 177 57 virtuose
793 1481 133 57 illud
867 1481 148 57 dictatum

282 1529 73 49 a
312 1529 161 49 ratione
429 1529 132 49 recta
517 1529 161 49 oportet
634 1529 205 49 necessario
796 1529 117 49 quod
869 1529 132 49 velim
943 1529 73 49 re-

280 1571 120 56 ctam
355 1571 179 56 rationem
489 1571 105 56 per
549 1571 149 56 eundem
654 1571 134 56 actum
743 1571 90 56 et
788 1571 105 56 non
848 1571 105 56 per
893 1571 120 56 alium.

284 1609 116 64 quia
357 1609 87 64 si
401 1609 102 64 per
459 1609 131 64 alium
546 1609 102 64 iam
605 1609 116 64 ille
677 1609 131 64 actus
765 1609 102 64 quo
823 1609 116 64 volo
896 1609 73 64 a
910 1609 102 64 ratio

277 1658 87 48 ne
320 1658 174 48 dictatum
450 1658 101 48 non
508 1658 130 48 esset
595 1658 203 48 virtuosus:
754 1658 116 48 quia
827 1658 101 48 non
885 1658 116 48 est:
943 1658 72 48 vir

279 1706 149 46 tuosus
383 1706 119 46 nisi
458 1706 164 46 propter
577 1706 104 46 hoc
637 1706 119 46 quod
711 1706 119 46 volo
786 1706 134 46 illum
860 1706 149 46 dictatum

275 1744 74 52 a
305 1744 163 52 ratione
424 1744 163 52 propter
543 1744 193 52 rationem:
691 1744 119 52 quia
765 1744 134 52 ratio
855 1744 104 52 sic
899 1744 119 52 dictat

293 1788 79 50 et
332 1788 92 50 sic
385 1788 132 50 igitur
478 1788 92 50 per
531 1788 132 50 eundem
623 1788 119 50 actum
702 1788 119 50 sicut
781 1788 92 50 per
834 1788 132 50 eundem
914 1788 92 50 actum

291 1836 117 49 vtor
364 1836 175 49 creatura
496 1836 88 49 et
539 1836 146 49 diligo
641 1836 117 49 deum
714 1836 160 49 propter
831 1836 117 49 quem
889 1836 117 49 diligo

284 1876 187 59 creaturam.
431 1876 80 59 et
471 1876 120 59 eodem
551 1876 107 59 modo
617 1876 134 59 potest
711 1876 147 59 probari
818 1876 107 59 quod
884 1876 120 59 finis
951 1876 67 59 qui

292 1920 101 57 est
349 1920 101 57 vna
407 1920 245 57 circumstantia
609 1920 101 57 sit
666 1920 173 57 obiectum
796 1920 130 57 actus
868 1920 144 57 virtuosi

288 1967 117 55 quia
361 1967 117 55 volo
434 1967 117 55 tale
507 1967 175 55 dictatum
639 1967 161 55 propter
755 1967 131 55 talem
843 1967 146 55 finem.
930 1967 88 55 igi-

284 2008 95 56 tur
339 2008 95 56 per
393 2008 122 56 illum
474 2008 122 56 actum
555 2008 108 56 volo
623 2008 135 56 finem:
718 2008 108 56 quia
786 2008 203 56 vnumquodque
935 2008 81 56 pro-

288 2056 114 55 pter
359 2056 114 55 quod
430 2056 85 55 et
472 2056 128 55 illud
558 2056 142 55 magis.
657 2056 185 55 Similiter
799 2056 142 55 potest
884 2056 128 55 probari

285 2095 113 63 quod
356 2095 128 63 locus
441 2095 85 63 et
483 2095 142 63 tempus
583 2095 99 63 que
639 2095 113 63 sunt
710 2095 241 63 circumstantie
909 2095 113 63 sunt
965 2095 57 63 ob

283 2144 131 52 iecta
371 2144 189 52 partialia
516 2144 131 52 actus
603 2144 189 52 virtuosi:
748 2144 116 52 quia
821 2144 145 52 aliter
908 2144 116 52 seque-

287 2195 128 39 retur
372 2195 114 39 quod
443 2195 114 39 ille
514 2195 128 39 actus
599 2195 128 39 esset
684 2195 170 39 perfecte
812 2195 185 39 virtuosus
940 2195 85 39 sine

287 2227 113 58 illis
363 2227 225 58 circumstantiis
550 2227 113 58 sicut
625 2227 88 58 cum
675 2227 113 58 illis
750 2227 238 58 circumstantiis.
938 2227 75 58 quod

284 2272 90 52 est
336 2272 167 52 manifeste
464 2272 141 52 falsum.
567 2272 116 52 patet
644 2272 103 52 enim
708 2272 103 52 quod
772 2272 116 52 velle
849 2272 154 52 creature
952 2272 64 52 est

281 2317 128 52 actus
366 2317 184 52 virtuosus
508 2317 85 52 si
550 2317 128 52 velit
635 2317 113 52 loco
706 2317 85 52 et
749 2317 156 52 tempore
862 2317 142 52 aliter
947 2317 71 52 non

290 2359 107 55 sed
351 2359 138 55 magis
443 2359 199 55 viciosus.
596 2359 199 55 Assumptum
749 2359 153 55 patet:
856 2359 122 55 quia
917 2359 107 55 posi-

289 2404 102 50 tis
348 2404 146 50 causis
450 2404 262 50 sufficientibus
668 2404 87 50 ad
712 2404 131 50 actum
799 2404 189 50 virtuosum
931 2404 87 50 siue

298 2451 181 54 obiectis
434 2451 272 54 sufficientibus
660 2451 226 54 apprehensis
841 2451 91 54 et
871 2451 151 54 dictatis

296 2499 158 55 potest
407 2499 126 55 poni
485 2499 126 55 ille
564 2499 158 55 actus:
674 2499 110 55 sed
737 2499 236 55 apprehensio
911 2499 110 55 actus

302 2540 168 53 carnalis
428 2540 154 53 propter
540 2540 112 53 deum
610 2540 84 53 et
652 2540 126 53 ratio
736 2540 154 53 dictans
848 2540 126 53 talem
918 2540 98 53 actum

285 2584 177 53 carnalem
418 2584 118 53 esse
492 2584 177 53 volendum
624 2584 162 53 propter
742 2584 133 53 deum:
830 2584 103 53 ita
889 2584 118 53 quod
948 2584 74 53 nec

1100 181 276 65 apprehendatur
1327 181 114 65 nec
1392 181 195 65 dictetur
1538 181 97 65 de
1586 181 130 65 loco
1668 181 97 65 et
1700 181 146 65 tempore

1101 244 107 48 cum
1162 244 107 48 deo
1223 244 76 48 a
1253 244 198 48 voluntate
1405 244 213 48 sufficiant
1573 244 91 48 ad
1619 244 198 48 causandum
1756 244 91 48 vel-

1101 288 94 45 le
1148 288 203 45 virtuosum
1304 288 187 45 respectu
1445 288 156 45 illius
1554 288 156 45 actus.
1663 288 94 45 et
1710 288 109 45 hoc
1756 288 94 45 dico

1114 332 90 44 si
1159 332 135 44 locus
1249 332 90 44 et
1294 332 150 44 tempus
1399 332 105 44 non
1459 332 120 44 sint
1535 332 165 44 obiecta
1655 332 135 44 actus
1730 332 120 44 virtuo

1102 375 103 50 si.
1161 375 147 50 igitur
1264 375 132 50 illud
1353 375 132 50 velle
1441 375 103 50 est
1500 375 177 50 perfecte
1632 375 191 50 virtuosum
1765 375 88 50 sine

1096 417 156 52 talibus
1209 417 270 52 circumstantiis.
1436 417 85 52 Si
1479 417 128 52 dicas
1564 417 114 52 quod
1635 417 199 52 requiritur
1791 417 85 52 ad

1108 465 132 45 actum
1197 465 191 45 virtuosum
1344 465 118 45 quod
1417 465 132 45 locus
1506 465 88 45 et
1550 465 147 45 tempus
1638 465 206 45 apprehendan-

1099 511 95 49 tur
1154 511 82 49 et
1195 511 177 49 dictentur
1330 511 68 49 a
1358 511 150 49 ratione
1466 511 122 49 sicut
1548 511 136 49 finis:
1643 511 82 49 et
1684 511 150 49 taliter
1779 511 68 49 non

1095 559 153 49 potest
1202 559 138 49 ratio
1294 559 169 49 causare
1417 559 138 49 actum
1509 559 215 49 virtuosum.
1677 559 92 49 et
1723 559 107 49 per
1769 559 77 49 con

1098 601 163 49 sequens
1217 601 104 49 tam
1276 601 133 49 locus
1365 601 118 49 quam
1439 601 148 49 tempus
1542 601 118 49 sunt
1616 601 163 49 obiecta
1720 601 118 49 parti-

1110 643 124 48 alia
1187 643 139 48 actus
1280 643 186 48 dictandi
1419 643 93 48 et
1466 643 294 48 apprehensionis:
1713 643 108 48 non
1760 643 77 48 ta-

1093 685 117 47 men
1160 685 134 47 sunt
1244 685 184 47 obiecta
1378 685 234 47 volitionis
1562 685 217 47 virtuose.
1712 685 134 47 Contra

1106 726 157 50 volitio
1220 726 157 50 dicitur
1334 726 171 50 perfecte
1462 726 185 50 virtuosa:
1604 726 114 50 quia
1675 726 85 50 in
1704 726 128 50 omnibus

1100 773 214 46 conformiter
1271 773 171 46 elicitur
1399 773 157 46 rationi
1513 773 143 46 recte:
1613 773 114 46 quia
1684 773 86 46 si
1727 773 86 46 in
1755 773 86 46 ali-

1113 813 105 54 quo
1173 813 225 54 conformiter
1353 813 210 54 eliceretur
1519 813 90 54 et
1564 813 90 54 in
1609 813 150 54 aliquo
1714 813 120 54 non.
1774 813 75 54 iam

1105 866 104 55 non
1165 866 134 55 esset
1254 866 179 55 perfecte
1389 866 194 55 virtuosa.
1538 866 194 55 Exemplum.
1687 866 90 55 si
1717 866 134 55 aliquis

1109 906 138 49 vellet
1206 906 124 49 actum
1289 906 166 49 carnalem
1413 906 152 49 propter
1523 906 124 49 talem
1606 906 124 49 finem
1689 906 166 49 dictatum
1800 906 41 49 a

1098 951 163 48 ratione
1217 951 134 48 recta
1306 951 89 48 et
1351 951 149 48 nullum
1455 951 134 48 alium
1544 951 134 48 actum
1633 951 163 48 volendi
1737 951 104 48 habe-

1101 993 92 50 ret
1153 993 158 50 respectu
1272 993 105 50 loci
1338 993 79 50 et
1377 993 158 50 temporis
1496 993 158 50 quamquam
1614 993 105 50 ista
1680 993 171 50 dictentur
1799 993 39 50 a

1101 1038 162 51 ratione
1219 1038 133 51 recta
1308 1038 118 51 ista
1381 1038 162 51 volitio
1499 1038 103 51 non
1558 1038 103 51 est
1617 1038 177 51 perfecte
1735 1038 103 51 virtu

1108 1081 114 49 osa:
1179 1081 99 49 sed
1236 1081 142 49 potius
1335 1081 156 49 viciosa
1449 1081 99 49 vel
1505 1081 227 49 indifferens.
1690 1081 142 49 igitur
1789 1081 85 49 ad

1102 1122 98 54 hoc
1158 1122 112 54 quod
1228 1122 98 54 sit
1284 1122 168 54 perfecte
1410 1122 182 54 virtuosa:
1549 1122 154 54 oportet
1661 1122 112 54 quod
1717 1122 126 54 confor-

1111 1169 133 53 metur
1200 1169 162 53 rationi
1318 1169 133 53 recte
1406 1169 88 53 et
1450 1169 162 53 omnibus
1568 1169 177 53 dictatis
1701 1169 74 53 a
1715 1169 133 53 ratione

1115 1216 128 47 recta
1200 1216 114 47 sibi
1271 1216 142 47 debite
1371 1216 199 47 competere.
1528 1216 142 47 igitur
1627 1216 85 47 si
1670 1216 128 47 recta
1741 1216 100 47 ratio

1103 1260 142 44 dictet
1202 1260 114 44 quod
1273 1260 128 44 talis
1358 1260 128 44 actus
1444 1260 99 44 sit
1500 1260 170 44 volendus
1628 1260 114 44 loco
1699 1260 85 44 et
1727 1260 114 44 tempo-

1111 1305 91 49 re
1156 1305 183 49 voluntas
1293 1305 183 49 perfecte
1430 1305 183 49 virtuosa
1567 1305 137 49 debet
1658 1305 137 49 velle
1735 1305 106 49 talem

1103 1346 128 49 actum
1188 1346 114 49 loco
1259 1346 85 49 et
1302 1346 156 49 tepore.
1415 1346 85 49 et
1458 1346 99 49 per
1514 1346 199 49 consequens
1671 1346 156 49 quicqud
1770 1346 71 49 est

1100 1390 199 49 obiectum
1250 1390 149 49 actus
1349 1390 199 49 dictandi
1498 1390 149 49 recte
1597 1390 133 49 erit
1664 1390 182 49 oppositum

1101 1435 137 43 actus
1192 1435 183 43 perfecte
1329 1435 198 43 virtuosi.
1481 1435 91 43 Si
1527 1435 137 43 dicas
1618 1435 122 43 quod
1694 1435 137 43 prima
1770 1435 76 43 pro

1109 1476 124 57 batio
1192 1476 96 57 qua
1247 1476 165 57 probatur
1370 1476 110 57 quod
1439 1476 124 57 recta
1521 1476 124 57 ratio
1604 1476 96 57 est
1659 1476 165 57 obiectum
1769 1476 82 57 quae

1112 1523 122 59 fuit:
1194 1523 109 59 quia
1262 1523 95 59 non
1316 1523 190 59 requiritur
1466 1523 122 59 sicut
1547 1523 122 59 causa
1629 1523 190 59 partialis.
1764 1523 82 59 quia

1108 1568 145 51 potest
1209 1568 116 51 deus
1281 1568 130 51 illam
1368 1568 232 51 causalitatem
1556 1568 188 51 supplere.
1701 1568 116 51 ergo
1759 1568 87 51 etc.

1108 1616 112 44 quia
1178 1616 168 44 secundum
1305 1616 126 44 istam
1389 1616 112 44 viam
1459 1616 84 44 si
1501 1616 112 44 deus
1571 1616 183 44 suppleret
1712 1616 126 44 illam
1782 1616 70 44 cau

1111 1653 186 45 salitatem
1253 1653 171 45 voluntas
1382 1653 86 45 in
1425 1653 171 45 causando
1553 1653 128 45 illum
1639 1653 128 45 actum
1725 1653 100 45 qui
1767 1653 86 45 dici

1105 1698 104 47 tur
1164 1698 207 47 virtuosus.
1327 1698 119 47 tunc
1402 1698 104 47 non
1461 1698 193 47 diceretur
1609 1698 207 47 virtuosus:
1757 1698 89 47 quia

1114 1743 193 44 virtuosus
1263 1743 178 44 connotat
1396 1743 223 44 actiuitatem
1574 1743 223 44 voluntatis:
1752 1743 89 44 et
1782 1743 59 44 ta

1101 1785 105 61 men
1161 1785 180 61 voluntas
1296 1785 105 61 non
1355 1785 105 61 est
1415 1785 180 61 obiectum
1550 1785 135 61 talis
1640 1785 150 61 actus:
1744 1785 105 61 sed
1789 1785 60 61 po

1115 1831 141 52 tentia
1213 1831 84 52 et
1256 1831 127 52 causa
1340 1831 197 52 partialis.
1495 1831 141 52 igitur
1593 1831 127 52 eodem
1677 1831 112 52 modo
1748 1831 84 52 in
1776 1831 70 52 pro

1100 1870 161 57 posito
1213 1870 209 57 virtuosum
1374 1870 193 57 connotat
1519 1870 242 57 actiuitatem
1696 1870 145 57 pruden-

1106 1919 101 50 tie
1163 1919 173 50 respectu
1293 1919 130 50 actus
1380 1919 187 50 virtuosi:
1524 1919 87 50 et
1567 1919 144 50 quando
1668 1919 115 50 illa
1726 1919 115 50 actiui

1100 1966 110 42 tas
1163 1966 204 42 suppletur
1320 1966 173 42 aliunde
1446 1966 110 42 non
1508 1966 110 42 est
1571 1966 141 42 actus
1650 1966 188 42 virtuosus.

1101 2006 153 53 igitur
1208 2006 107 53 per
1269 2006 244 53 suppletionem
1467 2006 137 53 illam
1559 2006 107 53 non
1620 2006 168 53 oportet
1727 2006 122 53 ponere

1104 2049 213 58 prudentiam
1271 2049 122 58 esse
1347 2049 183 58 obiectum
1484 2049 137 58 actus
1575 2049 198 58 virtuosi.
1712 2049 137 58 Respon-

1106 2095 89 48 deo
1157 2095 102 48 quod
1221 2095 127 48 potest
1310 2095 102 48 dici
1373 2095 102 48 quod
1437 2095 127 48 melior
1526 2095 76 48 et
1564 2095 140 48 fortior
1666 2095 114 48 ratio
1742 2095 76 48 ad
1768 2095 76 48 pro-

1102 2135 138 53 bandu
1194 2135 184 53 rationem
1332 2135 153 53 rectam
1439 2135 123 53 siue
1516 2135 215 53 prudentiam
1685 2135 123 53 esse
1746 2135 92 53 obie

1111 2185 116 46 ctum
1184 2185 131 46 actus
1271 2185 174 46 virtuosi
1402 2185 102 46 est
1460 2185 116 46 hec.
1533 2185 116 46 quia
1606 2185 145 46 aliter
1693 2185 145 46 sequeren

1107 2231 103 51 tur
1166 2231 103 51 duo
1225 2231 280 51 inconuenientia.
1461 2231 147 51 Primum
1564 2231 103 51 est
1623 2231 118 51 quod
1697 2231 147 51 nullus
1785 2231 59 51 a-

1114 2270 111 53 ctus
1183 2270 194 53 necessario
1335 2270 83 53 et
1377 2270 194 53 intrinsece
1529 2270 97 53 est
1584 2270 194 53 virtuosus:
1736 2270 97 53 sed
1778 2270 69 53 so-

1111 2311 106 53 lum
1172 2311 243 53 contingenter
1369 2311 137 53 cuius
1461 2311 198 53 oppositum
1613 2311 137 53 prius
1689 2311 152 53 probatum

1108 2357 107 49 est.
1175 2357 147 49 Secudum
1282 2357 94 49 est
1335 2357 107 49 quod
1402 2357 80 49 de
1443 2357 107 49 actu
1509 2357 94 49 non
1563 2357 161 49 virtuoso
1684 2357 134 49 fieret
1764 2357 67 49 vir

1106 2402 160 52 tuosus
1218 2402 112 52 per
1282 2402 176 52 aliquid
1409 2402 128 52 mere
1489 2402 191 52 naturale
1633 2402 128 52 quod
1712 2402 112 52 non
1760 2402 80 52 est

1102 2449 92 43 in
1148 2449 200 43 potestate
1302 2449 169 43 nostra.
1425 2449 92 43 et
1471 2449 138 43 eodem
1563 2449 123 43 modo
1640 2449 92 43 de
1686 2449 108 43 non
1732 2449 108 43 meri-

1099 2492 143 52 torio
1194 2492 158 52 fieret
1305 2492 222 52 meritorium
1480 2492 111 52 per
1543 2492 174 52 aliquid
1670 2492 127 52 mere
1733 2492 111 52 natu-

1102 2537 131 52 rale:
1190 2537 102 52 sed
1248 2537 189 52 oppositum
1394 2537 189 52 vtriusque
1540 2537 175 52 probatum
1671 2537 102 52 est
1714 2537 117 52 prius.

1128 2584 137 82 Primum
1224 2584 164 82 probatur
1347 2584 110 82 sic.
1415 2584 110 82 quia
1484 2584 192 82 quemcumque
1635 2584 123 82 actum
1703 2584 137 82 respectu
