2282 3085
409 188 239 58 quorumcunque
603 188 209 58 obiectorum
768 188 164 58 excepta
887 188 164 58 ratione
1007 188 134 58 recta
1081 188 60 58 in

400 233 169 54 ratione
523 233 169 54 obiecti
646 233 154 54 potest
754 233 185 54 voluntas
893 233 169 54 elicere
1000 233 139 54 median-

407 283 80 51 te
447 283 121 51 recta
527 283 147 51 ratione
635 283 134 51 potest
728 283 147 51 elicere
836 283 107 51 sine
903 283 80 51 ea
943 283 80 51 et
983 283 94 51 cum
1037 283 107 51 sola
1090 283 54 51 ap

408 320 190 56 prehensione
560 320 139 56 illorum
661 320 190 56 obiectorum.
813 320 114 56 patet
889 320 101 56 enim
952 320 101 56 quod
1016 320 114 56 sicut
1079 320 63 56 vo-

402 366 134 55 luntas
495 366 134 55 potest
589 366 121 55 velle
669 366 174 55 abstinere
803 366 147 55 propter
910 366 107 55 deum
977 366 107 55 loco
1044 366 80 55 et
1071 366 67 55 tem

403 413 122 53 pore.
485 413 82 53 et
526 413 95 53 sic
580 413 82 53 de
621 413 122 53 aliis
703 413 245 53 circumstantiis
907 413 163 53 mediante
1029 413 109 53 actu
1084 413 54 53 di

399 460 170 44 ctatiuo
522 460 248 44 intellectus:
724 460 108 44 ita
786 460 155 44 potest
894 460 139 44 velle
972 460 170 44 abstinere

401 498 146 58 propter
507 498 106 58 deum
574 498 106 58 loco
640 498 80 58 et
680 498 146 58 tempore
786 498 106 58 etc.
853 498 80 58 si
893 498 120 58 solum
959 498 173 58 intellectus

400 542 226 50 apprehendit
581 542 136 50 istam
671 542 256 50 propositionem
883 542 181 50 volendum
1018 542 106 50 est
1064 542 75 50 ab-

400 591 160 51 stinere
517 591 160 51 propter
633 591 116 51 etc.
705 591 87 51 et
749 591 87 51 si
793 591 218 51 intellectus
967 591 131 51 nullo
1054 591 116 51 modo

401 636 174 46 assentiat
534 636 107 46 illi
601 636 174 46 complexo:
735 636 120 46 quero
815 636 80 46 si
855 636 107 46 illa
922 636 147 46 volitio
1029 636 94 46 sit
1069 636 67 46 vir

402 673 116 51 tuosa
480 673 181 51 intrinsece
622 673 91 51 vel
674 673 103 51 non.
738 673 91 51 non
790 673 129 51 potest
880 673 103 51 dici
945 673 103 51 quod
1010 673 103 51 sic:
1061 673 78 51 quia

401 723 93 50 non
454 723 160 50 elicitur
574 723 199 50 conformiter
733 723 146 50 rationi
839 723 120 50 recte
919 723 160 50 secundum
1026 723 106 50 prediu

403 773 113 44 cta:
474 773 113 44 quod
544 773 198 44 necessario
700 773 198 44 requiritur
855 773 85 44 ad
898 773 127 44 actum
968 773 170 44 virtuosum.

404 806 77 54 Si
443 806 116 54 dicas
520 806 103 54 quod
584 806 103 54 sic:
649 806 103 54 quia
713 806 116 54 talis
790 806 116 54 actus
868 806 155 54 elicitur
984 806 116 54 sicut
1048 806 90 54 ratio

413 857 174 48 dictaret.
546 857 80 48 et
586 857 107 48 ideo
653 857 120 48 licet
733 857 187 48 actualiter
880 857 93 48 non
933 857 200 48 conformetur
1080 857 67 48 ra-

398 893 140 52 tioni
492 893 156 52 recte:
601 893 140 52 tamen
695 893 234 52 conformatur
867 893 265 52 aptitudinaliter

409 945 82 47 et
450 945 95 47 hoc
505 945 177 47 sufficit.
641 945 150 47 Contra.
750 945 123 47 recta
832 945 123 47 ratio
913 945 163 47 dictaret
1036 945 109 47 quod
1091 945 54 47 vo

413 983 139 53 lendum
510 983 97 53 est
566 983 180 53 abstinere
704 983 153 53 propter
815 983 111 53 deum
885 983 111 53 etc.
954 983 83 53 et
995 983 97 53 hoc
1037 983 111 53 confor

406 1027 127 50 miter
490 1027 155 50 rationi
603 1027 141 50 recte.
702 1027 99 50 hoc
758 1027 113 50 est:
829 1027 113 50 quia
899 1027 99 50 sic
956 1027 169 50 dictatum
1069 1027 70 50 est

414 1073 66 48 a
440 1073 145 48 ratione
545 1073 118 48 recta
624 1073 132 48 aliter
717 1073 92 48 non
769 1073 105 48 erit
835 1073 132 48 recta:
927 1073 92 48 sed
980 1073 158 48 erronea.
1085 1073 66 48 sed

413 1123 158 48 volitio
528 1123 144 48 habens
628 1123 115 48 deum
700 1123 86 48 et
743 1123 129 48 alias
829 1123 258 48 circumstantias
1044 1123 101 48 pro
1088 1123 57 48 ob

408 1163 131 49 iecto
496 1163 146 49 preter
598 1163 175 49 rationem
730 1163 146 49 rectam
832 1163 102 49 non
890 1163 102 49 est
949 1163 131 49 eadem
1022 1163 131 49 numero:

406 1201 78 55 nec
450 1201 112 55 specie
529 1201 78 55 cum
573 1201 145 55 volitione
685 1201 89 55 quae
740 1201 167 55 eliceretur:
874 1201 89 55 quia
930 1201 78 55 sic
975 1201 100 55 esset
1030 1201 112 55 dictatum

408 1246 66 54 a
434 1246 146 54 ratione
540 1246 119 54 recta
620 1246 146 54 propter
726 1246 199 54 variationem
886 1246 159 54 obiecti:
1005 1246 106 54 puta
1058 1246 93 54 ratio

404 1293 94 55 nis
457 1293 134 55 recte.
551 1293 134 55 igitur
645 1293 107 55 illa
712 1293 94 55 que
766 1293 94 55 non
819 1293 121 55 habet
900 1293 161 55 rationem
1020 1293 94 55 pro
1061 1293 80 55 obie

416 1342 104 48 cto:
481 1342 91 48 non
533 1342 91 48 est
586 1342 104 48 nata
651 1342 196 48 conformiter
808 1342 117 48 elici
886 1342 144 48 rationi
990 1342 131 48 recte:
1069 1342 78 48 quia

409 1377 112 51 recta
483 1377 112 51 ratio
558 1377 87 51 non
607 1377 149 51 eliceret
719 1377 124 51 illum:
806 1377 87 51 sed
856 1377 99 51 vnum
918 1377 112 51 alium
993 1377 87 51 qui
1030 1377 112 51 haberet

403 1429 165 44 rationem
527 1429 96 44 pro
582 1429 165 44 obiecto.
705 1429 82 44 Si
746 1429 123 44 dicas
829 1429 110 44 quod
897 1429 96 44 non
952 1429 96 44 est
1007 1429 110 44 iste
1062 1429 82 44 vir-

417 1470 146 53 tuosus
519 1470 160 53 propter
636 1470 175 53 defectum
767 1470 204 53 prudentie.
927 1470 116 53 tunc
999 1470 116 53 pono
1058 1470 87 53 quod

417 1516 199 49 coexistat
570 1516 138 49 actus
661 1516 214 49 prudentie.
829 1516 92 49 Et
875 1516 138 49 quero
967 1516 122 49 tunc
1028 1516 107 49 vtrum

402 1564 118 42 ille
476 1564 132 42 actus
564 1564 162 42 volendi
682 1564 236 42 conexistente
873 1564 118 42 actu
947 1564 191 42 prudentie
1079 1564 74 42 sit

425 1598 137 54 pirtus
521 1598 96 54 vel
576 1598 110 54 non.
645 1598 82 54 si
686 1598 96 54 non
741 1598 124 54 patet
823 1598 206 54 discurrendo
988 1598 96 54 per
1029 1598 110 54 singu-

413 1644 100 54 las
470 1644 143 54 causas
570 1644 143 54 huius:
671 1644 115 54 quia
742 1644 129 54 nulla
829 1644 129 54 esset
915 1644 129 54 causa
1001 1644 129 54 huius
1072 1644 72 54 ni-

407 1686 86 59 si
450 1686 114 59 quia
521 1686 114 59 illa
593 1686 157 59 volitio
707 1686 100 59 non
764 1686 129 59 habet
850 1686 143 59 rectam
950 1686 172 59 rationem
1065 1686 72 59 pro

409 1731 166 54 obiecto
530 1731 121 54 quia
606 1731 106 54 per
666 1731 197 54 ypothesim
817 1731 151 54 nullum
923 1731 136 54 aliud
999 1731 151 54 obiectum

410 1781 189 48 requisitum
558 1781 148 48 deficit
666 1781 81 48 et
706 1781 121 48 ratio
787 1781 121 48 recta
868 1781 189 48 coexistit.
1017 1781 81 48 et
1044 1781 94 48 omnia

408 1824 132 49 talia.
500 1824 106 49 vnde
566 1824 132 49 igitur
659 1824 93 49 est
712 1824 106 49 quod
778 1824 93 49 non
831 1824 93 49 est
884 1824 119 49 talis
963 1824 119 49 actus
1029 1824 119 49 virtuo-

415 1863 106 49 sus
476 1863 91 49 si
521 1863 106 49 sit
582 1863 198 49 virtuosus
734 1863 228 49 coexistente
917 1863 122 49 actu
978 1863 167 49 prudentie

421 1906 139 54 igitur
518 1906 167 54 sequitur
644 1906 111 54 quod
713 1906 125 54 actus
796 1906 139 54 primus
894 1906 97 54 non
949 1906 181 54 virtuosus
1074 1906 70 54 in-

405 1956 186 48 trinsece
544 1956 108 48 nec
606 1956 232 48 extrinsece.
791 1956 124 48 modo
869 1956 108 48 sit
930 1956 201 48 virtuosus
1070 1956 77 48 in-

420 1994 161 49 trinsece
540 1994 94 49 per
594 1994 120 49 solam
674 1994 227 49 coexistentiam
861 1994 187 49 prudentie.
1008 1994 80 49 et
1048 1994 94 49 cum
1088 1994 54 49 vo

418 2040 145 49 luntas
520 2040 145 49 potest
622 2040 203 49 conseruare
782 2040 131 49 eunde
869 2040 131 49 actum
956 2040 145 49 stante
1043 2040 102 49 prima

418 2080 246 50 apprehensione
620 2080 145 50 illius
721 2080 174 50 complexi
852 2080 188 50 destructo
996 2080 116 50 illo
1054 2080 87 50 actu

417 2129 190 55 prudentie
564 2129 161 55 propter
681 2129 161 55 aliquod
798 2129 132 55 aliud
886 2129 190 55 negatiuum
1033 2129 117 55 sibi
1091 2129 59 55 ap

415 2172 150 54 parens.
525 2172 164 54 sequitur
648 2172 109 54 quod
716 2172 109 54 idem
784 2172 123 54 actus
866 2172 137 54 numero
962 2172 137 54 fieret
1044 2172 109 54 iterum

417 2207 83 63 non
465 2207 167 63 virtuosus:
596 2207 95 63 quia
655 2207 83 63 non
703 2207 167 63 conexistit
834 2207 167 63 prudentie.
965 2207 72 63 et
1001 2207 83 63 sic
1037 2207 107 63 quaeli-

414 2261 87 45 bet
463 2261 112 45 actus
538 2261 112 45 esset
612 2261 199 45 contingentur
774 2261 174 45 virtuosus.
911 2261 124 45 igitur
998 2261 137 45 oportet
1085 2261 62 45 ne-

419 2307 153 46 cessario
534 2307 102 46 quod
597 2307 114 46 actus
674 2307 89 46 que
724 2307 89 46 est
775 2307 178 46 intrinsece
915 2307 76 46 et
953 2307 178 46 necessario
1080 2307 64 46 vir

420 2349 125 50 tuosus
508 2349 88 50 sic
558 2349 100 50 quod
621 2349 88 50 non
671 2349 125 50 potest
759 2349 113 50 fieri
834 2349 188 50 indifferens
985 2349 88 50 vel
1023 2349 125 50 viciosus

423 2399 105 46 quod
489 2399 131 46 habeat
581 2399 92 46 non
633 2399 131 46 tantum
725 2399 118 46 illas
804 2399 250 46 circumstantias:
1015 2399 92 46 sed
1054 2399 92 46 etiam

408 2437 157 47 rationem
526 2437 131 47 rectam
617 2437 92 47 pro
670 2437 157 47 obiecto.
788 2437 79 47 et
827 2437 105 47 ille
892 2437 118 47 solus
971 2437 92 47 est
1023 2437 92 47 sic
1062 2437 92 47 virtu

426 2478 102 57 psus
490 2478 76 57 et
528 2478 153 57 quilibet
643 2478 115 57 alius
719 2478 165 57 similiter
846 2478 204 57 contingenter
1012 2478 76 57 et
1037 2478 102 57 extrin

415 2524 135 54 sece.
505 2524 90 54 Et
550 2524 135 54 eodem
640 2524 120 54 modo
715 2524 150 54 potest
821 2524 135 54 argui
911 2524 90 54 si
956 2524 165 54 ponatur
1061 2524 90 54 quod

408 2569 142 63 actus
503 2569 221 63 dictatiuus
677 2569 158 63 illius
788 2569 190 63 complexi
930 2569 142 63 simul
1009 2569 142 63 ponatur

1239 187 103 57 cum
1298 187 117 57 actu
1371 187 235 57 apprehensiuo
1562 187 161 57 eiusdem
1680 187 88 57 et
1724 187 117 57 actu
1797 187 161 57 volendi
1900 187 73 57 pre

1254 230 128 50 dicto.
1344 230 77 50 et
1382 230 167 50 similiter
1511 230 103 50 ille
1575 230 115 50 actus
1652 230 141 50 volendi
1754 230 167 50 abstinere
1870 230 115 50 propter

1247 278 112 45 deum
1317 278 112 45 etc.
1388 278 155 45 excepta
1500 278 155 45 ratione
1612 278 98 45 pro
1669 278 155 45 obiecto
1781 278 141 45 potest
1866 278 112 45 causa-

1244 321 84 48 ri
1286 321 113 48 sine
1357 321 113 48 actu
1427 321 183 48 dictatiuo
1568 321 169 48 secundum
1694 321 127 48 casum
1779 321 127 48 prius
1849 321 127 48 positum

1240 361 86 57 ita
1289 361 123 57 potest
1375 361 173 57 conseruari
1511 361 99 57 sine
1572 361 111 57 eodem
1646 361 209 57 quantumcunque
1819 361 111 57 simul
1880 361 99 57 causam

1236 409 124 53 tur:
1314 409 124 53 quia
1392 409 109 53 non
1454 409 124 53 plus
1531 409 186 53 dependet
1671 409 140 53 actus
1764 409 171 53 volendi
1888 409 93 53 ab
1919 409 62 53 eo

1233 456 84 56 in
1275 456 210 56 conseruando
1443 456 112 56 quam
1513 456 84 56 in
1555 456 182 56 causando.
1696 456 84 56 et
1738 456 98 56 sic
1794 456 126 56 patet
1864 456 112 56 primum

1235 499 216 43 incoueniens.
1437 499 162 43 Secundum
1558 499 162 43 sequitur
1679 499 81 43 ex
1720 499 121 43 primo
1801 499 108 43 quod
1868 499 94 43 per
1909 499 67 43 so-

1228 538 102 53 lam
1287 538 204 53 positionem
1447 538 131 53 actus
1535 538 190 53 prudentie
1681 538 146 53 fieret
1783 538 131 53 actus
1856 538 117 53 volun-

1230 584 133 52 tatis
1319 584 221 52 preexistens
1495 584 192 52 virtuosus
1643 584 103 52 vel
1702 584 206 52 meritorius
1864 584 103 52 qui
1908 584 59 52 ta

1236 629 110 47 men
1299 629 141 47 prius
1393 629 110 47 non
1456 629 141 47 esset
1550 629 204 47 virtuosus
1707 629 172 47 propter
1816 629 157 47 defectum

1226 673 151 48 rationis
1340 673 113 48 recte
1415 673 151 48 secundum
1528 673 113 48 casum
1604 673 126 48 primum
1692 673 113 48 prius
1767 673 138 48 dictum:
1868 673 101 48 quia
1918 673 63 48 cum

1234 717 132 50 actus
1323 717 191 50 prudentie
1470 717 103 50 sic
1528 717 103 50 est
1587 717 191 50 naturalis
1734 717 88 50 et
1778 717 132 50 nullo
1866 717 118 50 modo
1925 717 59 50 in

1235 762 170 52 potestate
1366 762 144 52 nostra.
1471 762 157 52 sequitur
1589 762 105 52 quod
1654 762 79 52 de
1694 762 92 52 non
1746 762 170 52 meritorio
1877 762 92 52 vel
1916 762 66 52 non

1234 806 171 56 virtuoso
1362 806 142 56 fieret
1461 806 185 56 virtuosum
1604 806 85 56 et
1646 806 199 56 meritorium
1803 806 100 56 per
1860 806 157 56 aliquid

1241 855 105 46 quod
1306 855 118 46 nullo
1385 855 105 46 modo
1451 855 92 46 est
1503 855 79 46 in
1542 855 131 46 ptante
1634 855 144 46 nostra.
1739 855 79 46 et
1778 855 92 46 sic
1831 855 79 46 de
1870 855 92 46 non
1909 855 66 46 di-

1235 900 99 50 gno
1292 900 114 50 vita
1363 900 142 50 eterna
1462 900 142 50 fieret
1561 900 142 50 dignus
1661 900 99 50 per
1717 900 156 50 aliquid
1831 900 114 50 quod
1888 900 85 50 nul-

1234 941 82 42 lo
1275 941 109 42 modo
1343 941 95 42 est
1398 941 82 42 in
1439 941 177 42 potestate
1575 941 150 42 nostra.
1684 941 109 42 quod
1752 941 150 42 videtur
1848 941 136 42 absurdum

1233 984 119 44 Eodem
1312 984 80 44 mo
1352 984 106 44 modo
1419 984 80 44 si
1458 984 146 44 propter
1565 984 119 44 solam
1644 984 226 44 destructionem
1830 984 119 44 actus
1896 984 80 44 pru-

1234 1027 141 48 dentie
1333 1027 85 48 de
1375 1027 113 48 actu
1445 1027 169 48 virtuoso
1572 1027 85 48 et
1615 1027 183 48 meritorio
1756 1027 141 48 fieret
1854 1027 99 48 non
1897 1027 70 48 vir

1229 1066 133 50 tuosus
1322 1066 80 50 et
1361 1066 93 50 non
1415 1066 186 50 meritorius
1561 1066 159 50 secundum
1680 1066 119 50 alium
1760 1066 119 50 casum
1839 1066 93 50 cum
1879 1066 93 50 actus

1234 1108 113 64 ille
1305 1108 184 64 prudentie
1446 1108 99 64 sit
1503 1108 113 64 mere
1574 1108 184 64 naturalis
1716 1108 128 64 sicut
1801 1108 142 64 prius:
1886 1108 99 64 seque

1240 1159 102 48 tur
1299 1159 116 48 quod
1371 1159 189 48 virtuosus
1516 1159 87 48 et
1560 1159 145 48 dignus
1662 1159 116 48 vita
1734 1159 145 48 eterna
1836 1159 145 48 fieret
1923 1159 58 48 no

1247 1207 188 50 virtuosus
1391 1207 87 50 et
1434 1207 173 50 indignus
1564 1207 101 50 per
1622 1207 159 50 aliquid
1738 1207 116 50 quod
1810 1207 130 50 nullo
1896 1207 116 50 modo

1234 1249 123 49 esset
1317 1249 82 49 in
1358 1249 178 49 potestate
1495 1249 96 49 sua
1550 1249 110 49 quod
1618 1249 96 49 est
1673 1249 178 49 absurdum:
1810 1249 82 49 et
1852 1249 110 49 ista
1906 1249 69 49 in-

1241 1295 250 43 conuenientia
1445 1295 172 43 possunt
1570 1295 156 43 vitari
1679 1295 172 43 ponendo
1804 1295 125 43 quod
1867 1295 109 43 recta

1227 1333 88 50 ro
1271 1333 102 50 sit
1330 1333 175 50 obiectum
1461 1333 131 50 actus
1549 1333 175 50 virtuosi
1680 1333 88 50 et
1724 1333 102 50 non
1782 1333 146 50 aliter
1885 1333 88 50 vt
1914 1333 73 50 vi-

1247 1375 143 56 detur.
1375 1375 86 56 Ad
1418 1375 143 56 primum
1518 1375 200 56 argumentum
1676 1375 157 56 secunde
1776 1375 200 56 dubitationis

1243 1425 115 47 dico
1314 1425 115 47 quod
1386 1425 100 47 non
1443 1425 115 47 sunt
1515 1425 243 47 circumstantie
1715 1425 172 47 respectu
1844 1425 129 47 actus
1915 1425 72 47 in-

1237 1471 177 47 trinsece
1370 1471 89 47 et
1415 1471 207 47 necessario
1577 1471 192 47 virtuosi:
1725 1471 103 47 sed
1784 1471 118 47 sunt
1843 1471 133 47 obiecta

1233 1514 195 50 secundaria
1386 1514 167 50 respectu
1512 1514 139 50 illius
1609 1514 139 50 actus:
1707 1514 97 50 sed
1762 1514 111 50 sunt
1818 1514 167 50 circumstan

1245 1558 102 48 tie
1304 1558 175 48 respectu
1435 1558 161 48 illorum
1552 1558 146 48 actuum
1654 1558 117 48 siue
1727 1558 117 48 sint
1800 1558 131 48 actus
1873 1558 117 48 volun-

1234 1598 135 48 tatis
1324 1598 120 48 siue
1399 1598 225 48 intellectus
1579 1598 120 48 siue
1655 1598 165 48 cuiuscu
1775 1598 120 48 nque
1835 1598 150 48 alterius

1249 1647 149 55 potentie
1360 1647 99 55 quae
1422 1647 111 55 solum
1496 1647 99 55 sunt
1558 1647 149 55 virtuosi
1670 1647 173 55 extrinsece
1806 1647 149 55 secundum
1905 1647 74 55 quan

1243 1689 98 52 dam
1299 1689 252 52 denominationem
1509 1689 210 52 extrinsecam
1678 1689 98 52 per
1734 1689 238 52 conformitatem
1930 1689 84 52 ad

1241 1732 126 57 actum
1325 1732 154 57 aliquem
1437 1732 196 57 intrinsece
1591 1732 196 57 virtuosum:
1744 1732 112 57 quia
1814 1732 126 57 tales
1884 1732 98 57 actus

1244 1783 173 45 possunt
1370 1783 157 45 semper
1480 1783 141 45 iidem
1574 1783 188 45 remanere
1715 1783 94 45 et
1747 1783 235 45 circunstantie

1244 1825 173 46 variari:
1373 1825 129 46 sicut
1459 1825 115 46 idem
1531 1825 144 46 potest
1632 1825 115 46 esse
1704 1825 129 46 actus
1790 1825 158 46 volendi
1891 1825 86 46 ali-

1249 1862 121 54 quid
1325 1862 91 54 et
1370 1862 242 54 intelligendi
1567 1862 91 54 et
1612 1862 197 54 ambulandi
1764 1862 167 54 propter
1870 1862 106 54 finen

1237 1908 125 51 bonum
1321 1908 84 51 et
1363 1908 125 51 malum
1446 1908 98 51 cum
1502 1908 125 51 recta
1586 1908 153 51 ratione
1697 1908 84 51 et
1739 1908 139 51 contra
1837 1908 139 51 rectam
1920 1908 56 51 ra

1237 1952 150 51 tionem.
1347 1952 82 51 et
1388 1952 109 51 ideo
1456 1952 164 51 respectu
1579 1952 137 51 talium
1674 1952 164 51 dicuntur
1797 1952 150 51 proprie
1893 1952 82 51 esse

1240 1996 244 55 circumstantie:
1444 1996 95 55 sed
1498 1996 122 55 actus
1579 1996 95 55 qui
1633 1996 95 55 est
1687 1996 190 55 necessario
1836 1996 81 55 et
1863 1996 122 55 intrin-

1243 2033 116 66 sece
1315 2033 130 66 bonus
1402 2033 101 66 non
1460 2033 130 66 esset
1547 2033 116 66 idem
1619 2033 159 66 variata
1735 2033 188 66 quacumque
1865 2033 116 66 circum

1234 2083 161 50 stantia
1351 2083 117 50 quod
1424 2083 161 50 variato
1541 2083 161 50 obiecto
1658 2083 102 50 non
1716 2083 146 50 potest
1818 2083 131 50 actus
1891 2083 88 50 esse

1234 2128 114 53 idem
1305 2128 157 53 propter
1419 2128 186 53 transitum
1562 2128 71 53 a
1591 2128 257 53 contradictorio
1805 2128 86 53 in
1833 2128 143 53 contradi

1241 2172 166 51 ctorium.
1365 2172 83 51 et
1407 2172 110 51 ideo
1476 2172 166 51 respectu
1600 2172 124 51 actus
1683 2172 97 51 non
1738 2172 110 51 sunt
1807 2172 152 51 proprie
1904 2172 69 51 cir

1239 2218 182 51 cumstantie.
1384 2218 73 51 Et
1421 2218 73 51 si
1457 2218 133 51 dicatur
1554 2218 121 51 omnino
1639 2218 97 51 quod
1699 2218 85 51 sic
1748 2218 97 51 tunc
1808 2218 145 51 dicuntur
1905 2218 61 51 cir

1245 2257 186 55 cumstantie:
1393 2257 99 55 quia
1455 2257 87 55 non
1505 2257 99 55 sunt
1566 2257 136 55 obiecta
1666 2257 198 55 principalia:
1826 2257 87 55 sed
1864 2257 111 55 secunda

1237 2302 97 48 ria
1292 2302 138 48 saltem
1389 2302 138 48 aliqua
1486 2302 124 48 licet
1569 2302 124 48 finis
1652 2302 97 48 sit
1707 2302 166 48 obiectum
1818 2302 166 48 principale

1275 2349 83 57 Ad
1317 2349 125 57 aliud
1400 2349 111 57 dico
1470 2349 111 57 quod
1539 2349 111 57 idem
1609 2349 125 57 actus
1692 2349 139 57 potest
1789 2349 139 57 habere
1873 2349 97 57 diuer

1249 2389 104 60 sas
1309 2389 268 60 denominationes
1532 2389 89 60 vt
1577 2389 209 60 terminatur
1741 2389 89 60 ad
1785 2389 164 60 diuersa
1890 2389 89 60 obie

1254 2442 104 48 cta.
1319 2442 78 48 de
1358 2442 91 48 hoc
1410 2442 117 48 quare
1488 2442 91 48 in.
1540 2442 117 48 iiii.
1618 2442 78 48 q.
1657 2442 78 48 de
1696 2442 195 48 penitentia.
1878 2442 78 48 Ad
1904 2442 78 48 ter-

1243 2481 111 51 tium
1312 2481 111 51 dico
1382 2481 111 51 quod
1451 2481 125 51 actus
1534 2481 166 51 exterior
1659 2481 97 51 non
1714 2481 125 51 habet
1797 2481 180 51 propriam.
1922 2481 69 51 vo-

1232 2527 191 49 luntatem
1376 2527 144 49 sicut
1471 2527 223 49 ymaginatur
1647 2527 128 49 Ioh.
1727 2527 96 49 de
1775 2527 112 49 hoc
1838 2527 144 49 quere
1918 2527 64 49 in

1239 2568 209 62 quotlibet.
1403 2568 119 62 Ioh.
1478 2568 90 62 et
1523 2568 239 62 responsionem
1716 2568 134 62 supra
1806 2568 90 62 ad
1836 2568 149 62 argumen
