2260 3092
433 199 246 62 fortitudinis:
635 199 101 62 nec
693 199 101 62 est
751 199 217 62 generatiuus
924 199 246 62 fortitudinis:
1113 199 43 62 i

430 252 143 56 solum
526 252 111 56 est
589 252 143 56 actus
685 252 239 56 generatiuus
876 252 191 56 virtutis
1003 252 159 56 heroyce.

432 299 202 52 Similiter
588 299 171 52 aliquis
712 299 171 52 propter
836 299 217 52 castitatem
991 299 171 52 seruandam

431 341 160 56 semper
543 341 192 56 abstinet
687 341 80 56 a
719 341 128 56 vino
799 341 96 56 et
848 341 192 56 carnibus
992 341 96 56 et
1024 341 144 56 aliquis

435 389 198 52 abscindit
587 389 122 52 sibi
663 389 167 52 verenda
785 389 91 52 et
830 389 137 52 actus
922 389 213 52 imperatiui
1074 389 76 52 ist

423 426 118 53 rum
490 426 252 53 executionum
692 426 118 53 non
759 426 134 53 sunt
843 426 151 53 actus
927 426 235 53 fortitudinis

431 469 101 58 sed
488 469 116 58 sunt
561 469 130 58 actus
647 469 202 58 teperantie
806 469 173 58 heroyce.
936 469 87 58 et
979 469 101 58 sic
1037 469 87 58 de
1066 469 101 58 aliis

435 525 132 50 Alio
518 525 132 50 modo
601 525 165 50 potest
716 525 198 50 imperare
865 525 248 50 executionem
1046 525 116 50 actus

437 560 158 54 causati
552 560 86 54 ab
595 560 115 54 alio
666 560 101 54 vel
724 560 72 54 a
753 560 86 54 se
796 560 158 54 propter
911 560 158 54 aliquam
1011 560 158 54 molestiam

434 606 115 52 sibi
506 606 158 52 illatam
621 606 86 52 ab
664 606 115 52 alio
736 606 158 52 propter
851 606 130 52 actum
938 606 187 52 virtutis:
1067 606 101 52 sicut

426 647 192 56 sustinere
574 647 163 56 verbera
692 647 89 56 et
737 647 177 56 carcerem
869 647 118 56 nisi
943 647 177 56 dimittat
1062 647 103 56 actum

421 698 241 48 temperantie:
617 698 90 48 et
662 698 136 48 tales
753 698 121 48 sunt
828 698 136 48 actus
919 698 241 48 fortitudinis
1100 698 75 48 he-

431 735 127 61 rorce
516 735 85 61 et
558 735 85 61 ad
601 735 127 61 illos
686 735 170 61 inclinat
813 735 170 61 iusticia
941 735 85 61 et
969 735 184 61 temperantia

430 783 130 59 modo
511 783 146 59 supra
609 783 163 59 dicto.
723 783 163 59 Cetera
837 783 146 59 quere
934 783 146 59 alibi
1032 783 98 59 de
1064 783 98 59 mate

414 825 145 82 xia
497 825 227 82 morali.
662 825 227 82 Questio
807 825 310 82 decimatertia.

605 878 270 86 Trum
774 878 371 86 aliquis
1010 878 135 86 po

622 959 111 48 sit
685 959 158 48 habere
796 959 142 48 actum
891 959 158 48 rectum
1001 959 95 48 et
1033 959 126 48 virtuo

618 996 102 62 sum
677 996 175 62 respectu
808 996 175 62 alicuius
939 996 160 62 obiecti
1041 996 117 62 respen

434 1041 98 65 ctu
490 1041 126 65 cuius
574 1041 98 65 est
629 1041 126 65 error
713 1041 84 65 in
755 1041 209 65 intellectu:
923 1041 154 65 videtur
1034 1041 112 65 quod
1090 1041 70 65 non

422 1095 124 56 quia
500 1095 124 56 ille
578 1095 140 56 actus
671 1095 217 56 voluntatis
842 1095 217 56 eliceretur
997 1095 171 56 conformi-

429 1133 106 59 ter
489 1133 167 59 iudicio
611 1133 227 59 intellectus
792 1133 167 59 erroneo
914 1133 106 59 aut
959 1133 212 59 difformiter.

435 1186 95 51 si
483 1186 143 51 primo
578 1186 143 51 modo.
673 1186 175 51 Contra.
801 1186 143 51 illud
896 1186 191 51 iudicium
1023 1186 143 51 iudicat

432 1219 196 62 oppositum
583 1219 166 62 illius.
704 1219 151 62 Diuina
810 1219 181 62 voluntas
946 1219 121 62 vult
1021 1219 136 62 sicut
1097 1219 60 62 in

427 1265 190 54 tellectus
574 1265 176 54 deceptus
705 1265 161 54 iudicat
822 1265 117 54 quod
896 1265 146 54 alicui
998 1265 117 54 puta
1071 1265 73 54 a
1086 1265 73 54 est

426 1305 257 61 subueniendum
635 1305 176 61 tanquam
763 1305 209 61 indigenti
923 1305 176 61 extrema
1036 1305 144 61 necessi

429 1360 118 53 tate:
508 1360 92 53 cui
560 1360 118 53 tamen
639 1360 158 53 secundum
758 1360 184 53 voluntatem
903 1360 145 53 diuinam
1008 1360 92 53 non
1061 1360 92 53 est
1100 1360 66 53 sic

437 1396 249 59 subueniendum:
643 1396 117 59 quia
716 1396 103 59 non
775 1396 103 59 sic
834 1396 176 59 indiget.
966 1396 88 59 et
1010 1396 103 59 per
1054 1396 117 59 conse-

427 1448 149 48 quens
527 1448 149 48 talis
626 1448 182 48 meretur
759 1448 199 48 faciendo
908 1448 166 48 contra
1007 1448 149 48 volunta

435 1482 104 63 tem
495 1482 179 63 diuinam.
629 1482 89 63 si
673 1482 164 63 secundo
793 1482 134 63 modo.
882 1482 149 63 igitur
986 1482 164 63 aliquis
1091 1482 74 63 me-

426 1529 134 52 retur
515 1529 179 52 faciendo
650 1529 149 52 contra
754 1529 253 52 conscientiam.
962 1529 119 52 quod
1022 1529 134 52 videtur

428 1570 144 60 falsum
528 1570 86 60 et
571 1570 244 60 inconueniens.
801 1570 86 60 Ad
844 1570 201 60 questionem
1002 1570 129 60 primo
1074 1570 100 60 scien

434 1626 101 51 dum
491 1626 101 51 est
549 1626 116 51 quod
622 1626 87 51 ad
665 1626 101 51 hoc
723 1626 116 51 quod
796 1626 130 51 actus
882 1626 145 51 rectus
984 1626 130 51 primo
1056 1626 116 51 elicia

426 1663 106 64 tur
487 1663 76 64 a
517 1663 198 64 voluntate
669 1663 213 64 necessario
836 1663 213 64 requiritur
1004 1663 152 64 aliqua
1095 1663 76 64 re-

433 1713 108 53 cta
494 1713 138 53 ratio
586 1713 92 53 in
633 1713 231 53 intellectu.
817 1713 108 53 hoc
879 1713 138 53 patet
971 1713 108 53 per
1017 1713 154 53 rationem

430 1761 89 58 et
475 1761 252 58 auctoritates.
682 1761 104 58 per
741 1761 193 58 rationem:
889 1761 119 58 quia
964 1761 119 58 illa
1023 1761 148 58 voluntas

439 1797 105 58 que
499 1797 150 58 potest
604 1797 165 58 quantum
725 1797 105 58 est
785 1797 90 58 de
830 1797 90 58 se
875 1797 120 58 bene
950 1797 135 58 agere
1041 1797 90 58 et
1071 1797 90 58 male

442 1851 112 47 quia
512 1851 84 47 de
554 1851 84 47 se
597 1851 98 47 non
653 1851 98 47 est
709 1851 127 47 recta
793 1851 197 47 necessario
948 1851 84 47 ad
990 1851 98 47 hoc
1047 1851 112 47 quod
1103 1851 56 47 re

433 1881 107 64 cte
494 1881 122 64 agat
570 1881 168 64 indiget
692 1881 153 64 aliqua
799 1881 153 64 regula
906 1881 198 64 dirigente
1058 1881 122 64 alia
1119 1881 46 64 a

441 1933 106 53 se.
501 1933 106 53 hoc
562 1933 151 53 patet.
668 1933 121 53 quia
744 1933 121 53 ideo
820 1933 182 53 voluntas
956 1933 151 53 diuina
1062 1933 106 53 non
1107 1933 61 53 in

447 1977 138 49 diget
538 1977 153 49 aliquo
645 1977 214 49 dirigente.
814 1977 122 49 quia
890 1977 122 49 illa
966 1977 107 49 est
1027 1977 138 49 prima
1104 1977 61 49 re

444 2021 120 49 gula
519 2021 195 49 directiua
669 2021 90 49 et
714 2021 105 49 non
774 2021 150 49 potest
880 2021 120 49 male
955 2021 150 49 agere.
1060 2021 105 49 sed
1105 2021 60 49 vo

441 2066 157 50 luntas
551 2066 157 50 nostra
661 2066 110 50 est
724 2066 220 50 huiusmodi.
897 2066 126 50 quia
976 2066 157 50 potest
1070 2066 110 50 recte

450 2104 87 54 et
493 2104 101 54 non
551 2104 130 54 recte
638 2104 145 54 agere.
739 2104 145 54 igitur
841 2104 159 54 indiget
957 2104 145 54 aliqua
1044 2104 130 54 ratione

441 2152 209 51 dirigente.
605 2152 104 51 Per
665 2152 238 51 auctoritatem
858 2152 134 51 patet
948 2152 104 51 per
992 2152 179 51 diffinitio

445 2190 102 61 nem
503 2190 174 61 virtutis
633 2190 87 61 ii
677 2190 203 61 ethicorum.
836 2190 116 61 quod
909 2190 145 61 virtus
1010 2190 102 61 est
1054 2190 131 61 habitus

443 2232 209 60 electiuus
604 2232 226 60 consistens
781 2232 97 60 in
830 2232 145 60 medio
926 2232 242 60 determinata
1103 2232 81 60 ra-

458 2277 129 59 tione
544 2277 115 59 etc.
615 2277 86 59 Et
659 2277 129 59 multe
745 2277 115 59 alie
816 2277 230 59 auctoritates
1003 2277 115 59 sunt
1075 2277 86 59 ad
1103 2277 72 59 hoc

451 2324 110 56 quod
520 2324 96 56 non
575 2324 138 56 potest
672 2324 110 56 esse
740 2324 124 56 actus
823 2324 138 56 rectus
919 2324 83 56 et
961 2324 179 56 virtuosus
1085 2324 96 56 nisi-

457 2371 138 56 habeat
554 2371 166 56 rationem
678 2371 152 56 rectam.
788 2371 97 56 hoc
844 2371 138 56 igitur
940 2371 179 56 supposito
1065 2371 110 56 tanqua

462 2409 135 57 certo
552 2409 120 57 quod
627 2409 135 57 actus
718 2409 150 57 rectus
823 2409 90 57 et
868 2409 196 57 virtuosus
1003 2409 181 57 voluntatis

448 2451 218 57 necessario
620 2451 234 57 conformatur
807 2451 140 57 actui
900 2451 218 57 prudentie.
1087 2451 94 57 Tunc

450 2498 102 63 est
509 2498 161 63 dubium.
626 2498 132 63 vtrum
714 2498 88 63 ad
758 2498 132 63 actum
845 2498 190 63 virtuosum
992 2498 176 63 sufficit
1109 2498 73 63 com

450 2551 194 45 formitas
595 2551 97 45 ad
644 2551 226 45 prudentiam
821 2551 226 45 habitualem
999 2551 113 45 vel
1048 2551 145 45 aptitu-

463 2592 172 67 dinalem.
592 2592 101 67 vel
649 2592 201 67 requiritur
807 2592 201 67 necessario
965 2592 216 67 conformitas
1124 2592 57 67 ad

1254 188 209 70 prudentiam
1419 188 180 70 actualem
1553 188 209 70 actualiter
1718 188 209 70 inherentem
1867 188 120 70 quando

1249 242 192 53 elicitur
1393 242 144 53 actus
1489 242 160 53 rectus
1601 242 96 53 in
1649 242 224 53 voluntate.
1809 242 176 53 Respondeo

1251 287 136 58 primo
1342 287 121 58 dico
1417 287 121 58 quod
1493 287 196 58 prudentia
1644 287 257 58 aptitudinalis
1855 287 106 58 non
1900 287 91 58 suf-

1249 330 127 62 ficit
1334 330 85 62 ad
1376 330 127 62 actum
1461 330 198 62 virtuosum:
1616 330 113 62 quia
1686 330 184 62 supposito
1828 330 113 62 quod
1884 330 113 62 confor

1252 378 138 60 mitas
1344 378 92 60 ad
1390 378 214 60 prudentiam
1558 378 260 60 aptitudinalem
1772 378 107 60 non
1834 378 107 60 est
1895 378 138 60 aliud

1254 419 119 52 nisi
1329 419 119 52 quod
1403 419 164 52 ipsemet
1522 419 134 52 actus
1612 419 164 52 dicatur
1731 419 149 52 rectus
1835 419 149 52 quando
1925 419 74 52 eli

1254 463 124 54 citur
1337 463 124 54 sicut
1419 463 124 54 recta
1502 463 124 54 ratio
1584 463 165 54 dictaret
1708 463 124 54 illum
1791 463 124 54 actum
1873 463 110 54 esse
1928 463 69 54 eli

1257 508 162 54 ciendum
1375 508 88 54 si
1419 508 177 54 inesset:
1552 508 132 54 licet
1640 508 118 54 modo
1713 508 103 54 non
1772 508 132 54 insit
1861 508 88 54 de
1890 508 103 54 facto

1247 552 106 64 ita
1308 552 121 64 quod
1383 552 197 64 prudentia
1535 552 258 64 aptitudinalis
1747 552 106 64 non
1808 552 106 64 est
1869 552 121 64 nisi
1929 552 61 64 po

1246 598 169 54 tentia
1364 598 135 54 siue
1449 598 203 54 aptitudo
1601 598 135 54 ante
1686 598 152 54 actum
1787 598 101 54 ad
1821 598 169 54 habendum

1247 640 227 61 prudentiam.
1428 640 121 61 Tunc
1504 640 136 61 arguo
1594 640 121 61 sic.
1670 640 227 61 Impossibile
1851 640 106 61 est
1896 640 91 61 quod

1265 684 164 53 aliquis
1384 684 134 53 actus
1473 684 208 53 voluntatis
1637 684 179 53 elicitus
1771 684 149 53 contra
1860 684 134 53 consci-

1248 732 146 53 entiam
1351 732 88 53 et
1395 732 146 53 contra
1497 732 176 53 dictamen
1629 732 176 53 rationis
1761 732 117 53 siue
1834 732 146 53 rectum
1922 732 73 53 si-

1255 777 92 54 ue
1301 777 183 54 erroneum
1438 777 107 54 sit
1499 777 214 54 virtuosus.
1667 777 137 54 patet
1758 777 92 54 de
1789 777 198 54 conscientia

1260 819 147 54 recta:
1363 819 118 54 quia
1437 819 133 54 talis
1525 819 206 54 eliceretur
1688 819 147 54 contra
1791 819 192 54 preceptum
1923 819 74 54 di-

1256 862 136 59 uinum
1347 862 91 59 et
1392 862 211 59 voluntatem
1558 862 166 59 diuinam
1679 862 181 59 volentem
1815 862 136 59 talem
1890 862 106 59 actum

1257 914 161 45 elicere
1375 914 220 45 conformiter
1550 914 161 45 rationi
1668 914 147 45 recte.
1770 914 88 45 de
1800 914 190 45 conscientia

1260 951 162 49 erronea
1378 951 147 49 errore
1481 951 236 49 inuincibili.
1673 951 147 49 patet:
1776 951 118 49 quia
1850 951 133 49 talis
1923 951 74 49 er-

1253 996 100 56 ror
1310 996 100 56 non
1367 996 100 56 est
1424 996 200 56 culpabilis
1581 996 100 56 pro
1638 996 86 56 eo
1680 996 114 56 quod
1752 996 100 56 non
1809 996 100 56 est
1866 996 86 56 in
1894 996 100 56 pote-

1260 1041 134 54 state
1349 1041 178 54 errantis
1483 1041 104 54 sic
1542 1041 178 54 faciendo
1676 1041 149 54 contra
1780 1041 178 54 rationem
1899 1041 104 54 erro-

1264 1085 113 47 neam
1335 1085 113 47 quam
1405 1085 141 47 nescis
1504 1085 184 47 erroneam:
1646 1085 99 47 nec
1702 1085 99 47 est
1759 1085 85 47 in
1801 1085 184 47 potestate
1928 1085 71 47 tua

1250 1123 102 52 hoc
1309 1123 131 52 scire
1396 1123 116 52 quod
1469 1123 131 52 facis
1556 1123 146 52 contra
1658 1123 233 52 conscientiam
1833 1123 160 52 erroneam.

1247 1172 98 51 De
1296 1172 244 51 conscientia
1491 1172 179 51 erronea
1621 1172 228 51 vincibili.
1800 1172 163 51 patet:
1897 1172 98 51 quia

1258 1215 132 54 licet
1347 1215 132 54 error
1435 1215 103 54 sit
1494 1215 221 54 culpabilis:
1670 1215 132 54 tamen
1759 1215 88 54 ex
1803 1215 103 54 quo
1862 1215 103 54 tum
1906 1215 88 54 igno

1248 1258 117 59 ras
1315 1258 101 59 te
1366 1258 168 59 errare
1483 1258 201 59 faciendo
1634 1258 168 59 contra
1751 1258 151 59 talem
1835 1258 168 59 rationem

1257 1308 181 48 contennis
1396 1308 167 48 rationem
1521 1308 111 48 quam
1590 1308 139 48 nescis
1688 1308 97 48 err
1743 1308 139 48 oneam.
1840 1308 83 48 et
1882 1308 97 48 sic
1924 1308 69 48 pes

1248 1347 109 45 cas
1311 1347 93 45 ex
1357 1347 218 45 contemptu:
1528 1347 109 45 sed
1591 1347 171 45 aliquis
1715 1347 156 45 potest
1824 1347 140 45 velle
1902 1347 93 45 ali-

1251 1384 116 59 quid
1324 1384 116 59 quod
1397 1384 131 59 recta
1484 1384 131 59 ratio
1571 1384 145 59 dictet
1672 1384 116 59 esse
1745 1384 174 59 volendum
1875 1384 87 59 si
1904 1384 102 59 ines-

1259 1440 97 46 set
1314 1440 124 46 sibi.
1397 1440 83 46 et
1439 1440 124 46 tamen
1522 1440 124 46 ratio
1604 1440 152 46 erronea
1715 1440 110 46 siue
1784 1440 138 46 errore
1867 1440 138 46 inuinci-

1261 1480 117 54 bili
1335 1480 117 54 siue
1408 1480 190 54 vincibili
1554 1480 88 54 de
1598 1480 132 54 facto
1686 1480 147 54 dictat
1789 1480 132 54 illud
1877 1480 117 54 esse
1935 1480 59 54 no

1259 1517 151 59 lendum
1365 1517 91 59 et
1410 1517 197 59 oppositum
1561 1517 121 59 eius
1637 1517 121 59 esse
1713 1517 197 59 volendum.
1849 1517 151 59 Exemplum

1250 1565 157 60 aliquis
1364 1565 157 60 indiget
1478 1565 157 60 extrema
1591 1565 228 60 necessitate:
1776 1565 100 60 sit
1833 1565 100 60 ita
1890 1565 85 60 et
1919 1565 71 60 per

1252 1611 216 50 consequens
1421 1611 139 50 recta
1513 1611 139 50 ratio
1606 1611 92 50 si
1652 1611 169 50 inesset
1775 1611 154 50 alicui
1867 1611 139 50 potenti

1260 1649 161 58 dictaret
1380 1649 107 58 quod
1447 1649 107 58 tali
1514 1649 121 58 esset
1595 1649 215 58 subueniendum
1769 1649 147 58 tanquam
1863 1649 134 58 indigen-

1263 1703 92 51 ti
1309 1703 168 51 extrema
1431 1703 244 51 necessitate:
1629 1703 107 51 sed
1690 1703 137 51 ratio
1782 1703 153 51 errans
1874 1703 122 51 errore

1267 1741 203 54 inuincibili
1430 1741 136 54 potest
1525 1741 163 54 iudicare
1647 1741 109 54 quod
1715 1741 122 54 talis
1797 1741 95 54 non
1851 1741 95 54 est
1905 1741 95 54 sic
1946 1741 54 54 in

1254 1787 158 54 digens.
1369 1787 86 54 et
1412 1787 101 54 per
1469 1787 201 54 consequens
1628 1787 144 54 potest
1729 1787 173 54 iudicare
1858 1787 115 54 quod
1916 1787 86 54 tali

1254 1837 163 48 tanquam
1372 1837 103 48 sic
1432 1837 192 48 indigenti
1579 1837 103 48 non
1638 1837 103 48 est
1697 1837 103 48 sic
1757 1837 236 48 subueniendu.
1934 1837 59 48 po

1259 1871 122 62 test
1335 1871 182 62 voluntas
1471 1871 91 62 ex
1517 1871 197 62 libertate
1669 1871 106 62 sua
1730 1871 137 62 velle
1821 1871 122 62 sibi
1882 1871 122 62 subue-

1266 1920 99 57 nire
1328 1920 136 57 tanquam
1427 1920 87 57 sic
1476 1920 174 57 indigenti.
1613 1920 74 57 et
1650 1920 149 57 secundum
1761 1920 161 57 veritatem
1885 1920 87 57 sic
1923 1920 74 57 indi

1266 1959 103 67 get
1325 1959 251 67 quantumcunque
1532 1959 133 67 ratio
1621 1959 163 67 erronea
1739 1959 163 67 iudicet
1842 1959 163 67 oppositum

1263 2013 157 52 igitur
1373 2013 125 52 ille
1451 2013 141 52 actus
1545 2013 219 52 voluntatis
1718 2013 110 52 non
1781 2013 110 52 est
1828 2013 172 52 virtuosus

1260 2050 102 57 sed
1319 2050 175 57 peccatum
1450 2050 175 57 mortale.
1581 2050 87 57 et
1624 2050 102 57 sic
1683 2050 87 57 si
1726 2050 116 57 ille
1799 2050 131 57 actus
1872 2050 131 57 virtuo-

1265 2095 112 55 sus
1329 2095 143 55 esset
1424 2095 143 55 solum
1520 2095 175 55 propter
1647 2095 271 55 conformitatem
1871 2095 96 55 ad
1902 2095 96 55 prum

1269 2137 157 57 dentiam
1383 2137 243 57 aptitudinalem
1583 2137 157 57 aliquis
1697 2137 129 57 simul
1783 2137 86 57 et
1826 2137 129 57 semel
1897 2137 100 57 eodem

1260 2179 127 62 actu
1340 2179 191 62 peccaret
1483 2179 222 62 mortaliter
1657 2179 95 62 et
1705 2179 222 62 mereretur.
1880 2179 95 62 Si
1912 2179 95 62 dica

1255 2226 118 50 tur
1323 2226 135 50 quod
1407 2226 253 50 conformitas
1610 2226 101 50 ad
1660 2226 236 50 prudentiam
1829 2226 186 50 aptitudi-

1266 2265 147 63 nalem
1364 2265 196 63 sufficit
1511 2265 98 63 ad
1560 2265 147 63 actum
1658 2265 213 63 virtuosum
1822 2265 164 63 quando
1920 2265 82 63 non

1276 2320 138 50 inest
1368 2320 199 50 voluntati
1521 2320 138 50 error
1613 2320 199 50 oppositus
1766 2320 123 50 illi
1827 2320 169 50 prudentie

1280 2360 144 58 Contra
1381 2360 130 58 istud
1467 2360 101 58 non
1525 2360 101 58 est
1582 2360 115 58 nisi
1655 2360 130 58 fuga:
1741 2360 115 58 quia
1813 2360 187 58 equaliter
1943 2360 72 58 est

1276 2402 186 60 aptitudo
1416 2402 93 60 ad
1463 2402 217 60 prudentiam
1633 2402 93 60 in
1680 2402 217 60 intellectu
1851 2402 155 60 quando
1944 2402 62 60 in

1283 2448 98 53 est
1339 2448 126 53 error
1423 2448 181 53 oppositus
1562 2448 112 53 illi
1632 2448 181 53 prudentie
1772 2448 126 53 sicut
1855 2448 140 53 quando
1939 2448 70 53 non

1283 2499 141 45 inest.
1381 2499 99 45 hoc
1438 2499 155 45 excepto
1550 2499 113 45 quod
1621 2499 99 45 non
1677 2499 99 45 ita
1733 2499 183 45 faciliter
1860 2499 155 45 reducitur

1278 2539 88 52 ad
1322 2539 133 52 actum
1411 2539 118 52 illa
1485 2539 177 52 aptitudo
1617 2539 147 52 quando
1720 2539 103 52 est
1779 2539 133 52 error
1868 2539 88 52 in
1897 2539 118 52 intel-

1279 2580 124 58 lectu
1362 2580 124 58 sicut
1444 2580 137 58 quando
1540 2580 96 58 non
1595 2580 124 58 inest
1678 2580 124 58 talis
1760 2580 137 58 error:
1856 2580 110 58 quia
1911 2580 110 58 quando
