2265 3096
240 204 175 72 voluntas
372 204 160 72 elicere
488 204 219 72 conformiter
663 204 131 72 actum
751 204 160 72 rationi
853 204 102 72 recto

242 269 105 59 quae
308 269 171 59 opponitur
440 269 145 59 rationi
545 269 145 59 erronee
651 269 211 59 inuincibili:
822 269 105 59 quia
875 269 92 59 talis

245 310 121 57 error
325 310 94 57 non
379 310 94 57 est
433 310 81 57 in
473 310 175 57 potestate
608 310 148 57 hominis
716 310 175 57 errantis:
850 310 81 57 et
877 310 81 57 ideo

248 363 159 46 excusat
363 363 203 46 voluntatem
522 363 116 46 quod
595 363 101 46 non
653 363 159 46 tenetur
768 363 145 46 facere
855 363 116 46 confor

232 404 133 44 miter
321 404 163 44 rationi
440 404 133 44 recte
528 404 193 44 opposite:
677 404 119 44 immo
751 404 193 44 eliciendo
884 404 74 44 con

230 443 171 54 formiter
358 443 114 54 tali
430 443 157 54 rationi
544 443 157 54 erronee
658 443 100 54 non
715 443 157 54 peccat:
829 443 100 54 sed
872 443 86 54 agit

247 489 173 47 virtuose
376 489 87 47 et
420 489 187 47 eliciendo
564 489 130 47 actum
650 489 144 47 contra
751 489 130 47 illum
823 489 130 47 errorem

232 530 139 56 peccat
329 530 83 56 et
371 530 139 56 errat:
468 530 125 56 licet
551 530 139 56 inquam
648 530 97 56 ita
704 530 97 56 sit
759 530 125 56 tamen
828 530 139 56 voluntas

234 573 160 54 tenetur
351 573 160 54 elicere
468 573 219 54 conformiter
643 573 160 54 rationi
759 573 131 54 recte
847 573 102 54 que
891 573 58 54 op

236 616 171 58 ponitur
361 616 171 58 rationi
485 616 171 58 erronee
610 616 202 58 vincibili
765 616 93 58 et
796 616 171 58 culpabili

246 663 99 49 hoc
302 663 113 49 quia
373 663 127 49 talis
457 663 99 49 est
513 663 84 49 in
556 663 183 49 potestate
697 663 183 49 errantis:
837 663 113 49 quia
894 663 70 49 po-

233 715 102 44 tuit
297 715 89 44 non
348 715 140 44 errasse
449 715 76 44 si
487 715 178 44 voluisset.
627 715 76 44 et
665 715 89 44 per
716 715 178 44 consequens
843 715 127 44 elicien-

239 749 99 47 do
288 749 148 47 actum
387 749 247 47 conformiter
585 749 181 47 rationi
717 749 181 47 erronee
832 749 132 47 vinci-

230 790 111 58 bili
299 790 152 58 peccat:
410 790 111 58 quia
479 790 138 58 elicit
576 790 124 58 actum
659 790 111 58 quem
728 790 97 58 non
783 790 124 58 debet
852 790 111 58 elice-

239 835 90 51 re:
291 835 103 51 immo
355 835 168 51 oppositum
484 835 116 51 actum
562 835 142 51 tenetur
665 835 155 51 elicere:
781 835 103 51 quia
846 835 103 51 ille
897 835 65 51 er-

232 881 108 52 ror
293 881 108 52 non
355 881 170 52 excusat
479 881 124 52 eum:
556 881 108 52 sed
618 881 155 52 potius
726 881 201 52 aggrauat:
865 881 93 52 quia

229 926 126 55 talis
313 926 140 55 peccat
411 926 154 55 duplici
523 926 168 55 peccato:
650 926 168 55 scilicet
762 926 196 55 commissionis

237 968 194 52 eliciendo
387 968 224 52 conformiter
566 968 165 52 rationi
686 968 165 52 erronee
790 968 165 52 culpabili

241 1013 87 46 et
284 1013 217 46 omnissionis
458 1013 188 46 omittendo
602 1013 130 46 actum
689 1013 188 46 oppositum
834 1013 116 46 quem
892 1013 72 46 te-

228 1055 124 52 netur
311 1055 166 52 elicere.
436 1055 83 52 et
477 1055 97 52 sic
532 1055 166 52 aggrauat
657 1055 124 52 error
740 1055 124 52 talis
823 1055 83 52 et
864 1055 97 52 non
906 1055 55 52 ex

238 1100 141 49 cusat.
336 1100 84 49 si
379 1100 127 49 autem
463 1100 169 49 voluntas
589 1100 155 49 eliciat
702 1100 127 49 actum
772 1100 183 49 difformiter

230 1139 164 50 rationi
349 1139 164 50 erronee
468 1139 208 50 culpabili:
632 1139 119 50 puta
706 1139 149 50 contra
810 1139 134 50 talem
885 1139 74 50 ra-

236 1184 149 56 tionem
341 1184 149 56 peccat
445 1184 134 56 etiam
534 1184 164 56 duplici
654 1184 164 56 peccato
758 1184 209 56 commissionis

235 1233 194 50 eliciendo
384 1233 134 50 actum
474 1233 149 50 contra
579 1233 179 50 rationem
713 1233 120 50 quam
788 1233 149 50 credit
877 1233 90 50 esse

245 1277 145 48 veram.
346 1277 87 48 et
389 1277 101 48 sic
447 1277 145 48 peccat
548 1277 174 48 faciendo
679 1277 145 48 contra
765 1277 203 48 conscientiam

234 1316 98 58 per
290 1316 196 58 contemptum
444 1316 140 58 illius
542 1316 112 58 quod
611 1316 126 58 debet
695 1316 112 58 esse
765 1316 140 58 regula
863 1316 98 58 sua
905 1316 56 58 in

238 1360 155 51 agendo.
350 1360 127 51 etiam
435 1360 155 51 tenetur
547 1360 84 51 se
589 1360 197 51 conformare
744 1360 183 51 dictamini
871 1360 84 51 etc.

241 1405 83 51 in
283 1405 167 51 operando
408 1405 111 51 siue
477 1405 97 51 sit
533 1405 139 51 rectum
630 1405 111 51 siue
700 1405 167 51 erroneum
825 1405 97 51 per
867 1405 97 51 conse

244 1451 127 56 quens
329 1451 212 56 conformando
498 1451 85 56 se
540 1451 155 56 omittit
653 1451 127 56 illum
738 1451 127 56 actum
823 1451 113 56 quem
879 1451 85 56 tene

234 1492 91 52 tur
286 1492 155 52 elicere:
402 1492 78 52 et
441 1492 91 52 sic
493 1492 129 52 peccat
583 1492 142 52 peccato
687 1492 207 52 omnissionis.
855 1492 78 52 si
881 1492 91 52 autem

237 1542 147 50 nullum
340 1542 132 50 actum
428 1542 161 50 eliciat
545 1542 103 50 nec
604 1542 205 50 coformiter
766 1542 161 50 rationi
868 1542 103 50 erro-

235 1576 96 51 nee
290 1576 96 51 nec
345 1576 218 51 difformiter.
522 1576 96 51 sed
577 1576 123 51 omnem
659 1576 123 51 actum
741 1576 191 51 suspendit:
877 1576 82 51 tunc

224 1628 163 43 peccat
338 1628 179 43 duplici
468 1628 179 43 peccato
598 1628 244 43 omnissionis
776 1628 179 43 omittendo

237 1668 135 49 illum
327 1668 120 49 actu
402 1668 120 49 quem
477 1668 165 49 tenetur
597 1668 225 49 conformiter
778 1668 165 49 elicere
883 1668 75 49 ra-

233 1717 142 50 tioni
328 1717 142 50 recte
422 1717 110 50 que
485 1717 205 50 opponitur
643 1717 173 50 rationi
769 1717 173 50 erronee
879 1717 79 50 pre

232 1754 141 52 dicte
327 1754 94 52 et
374 1754 204 52 omittendo
531 1754 141 52 actum
625 1754 126 52 quem
704 1754 173 52 tenetur
814 1754 141 52 conform

242 1796 92 55 ter
295 1796 145 55 elicere
400 1796 145 55 rationi
506 1796 158 55 erronee:
625 1796 106 55 quia
691 1796 132 55 aliter
783 1796 158 55 faciendo
889 1796 66 55 con

239 1847 92 46 tra
292 1847 119 46 illam
371 1847 158 46 rationem
489 1847 92 46 non
542 1847 158 46 peccaret
661 1847 105 46 nisi
727 1847 171 46 teneretur
845 1847 119 46 confor-

239 1888 132 50 mare
321 1888 99 50 se
370 1888 99 50 in
420 1888 198 50 operando
568 1888 214 50 dictamini
733 1888 181 50 erronee
849 1888 115 50 rati-

247 1924 109 55 onis:
320 1924 73 55 et
356 1924 85 55 per
404 1924 170 55 consequens
538 1924 109 55 talis
610 1924 170 55 necessario
744 1924 121 55 peccat
829 1924 73 55 et
865 1924 85 55 est
901 1924 61 55 per

233 1970 163 58 plexus
347 1970 98 58 et
396 1970 131 58 siue
477 1970 196 58 voluntas
624 1970 196 58 operatur
755 1970 212 58 conformiter

247 2018 115 50 illi
319 2018 159 50 rationi
434 2018 115 50 siue
506 2018 216 50 difformiter
679 2018 115 50 siue
752 2018 130 50 nihil
824 2018 144 50 operetur

239 2059 143 50 semper
339 2059 143 50 peccet
439 2059 100 50 vno
497 2059 115 50 modo
568 2059 100 50 vel
625 2059 115 50 alio
697 2059 129 50 modo.
783 2059 86 50 et
826 2059 115 50 ideo
883 2059 72 50 sum

236 2103 100 49 mum
293 2103 172 49 remedium
422 2103 115 49 tali
494 2103 100 49 qui
551 2103 143 49 peccat
652 2103 100 49 est
709 2103 186 49 dimittere
838 2103 129 49 consci-

243 2147 128 46 entiam
333 2147 77 46 et
371 2147 153 46 rationem
486 2147 115 46 illam
562 2147 153 46 erroneam
677 2147 102 46 quod
741 2147 128 46 potest
830 2147 115 46 fieri
894 2147 64 46 per

244 2189 274 51 inuestigationem
474 2189 187 51 veritatis
647 2189 86 51 Si
690 2189 130 51 dicas
777 2189 115 51 quod
849 2189 101 51 non
892 2189 72 51 vi-

243 2237 131 43 detur
331 2237 218 43 rationabile
505 2237 116 43 quod
578 2237 160 43 aliquis
694 2237 174 43 teneatur
825 2237 131 43 agere
897 2237 73 43 con

242 2277 164 57 formiter
366 2277 151 57 rationi
475 2277 151 57 erronee
585 2277 192 57 vincibili:
736 2277 110 57 quia
804 2277 151 57 tenetur
900 2277 55 57 ad

247 2322 196 53 eliciendum
401 2322 126 53 actum
485 2322 196 53 oppositum:
640 2322 112 53 puta
710 2322 84 53 ad
752 2322 196 53 eliciendum
892 2322 70 53 con

244 2365 176 48 formiter
377 2365 162 48 rationi
494 2365 132 48 recte
582 2365 103 48 que
641 2365 191 48 opponitur
788 2365 162 48 rationi
891 2365 73 48 er-

241 2408 165 51 rationee
365 2408 165 51 predicte
489 2408 83 51 et
530 2408 96 51 sic
585 2408 124 51 talis
668 2408 124 51 simul
751 2408 207 51 obligaretur
916 2408 83 51 ad

239 2455 219 49 eliciendum
411 2455 141 49 actus
505 2455 203 49 oppositos
692 2455 219 49 Respondeo.
849 2455 109 49 licet

236 2500 167 46 superius
362 2500 153 46 dicatur
473 2500 112 46 quod
543 2500 139 46 errans
640 2500 139 46 errore
738 2500 181 46 vincibili
863 2500 98 46 tene-

246 2541 112 52 tur
310 2541 144 52 agere
406 2541 241 52 conformiter
599 2541 177 52 rationi
727 2541 193 52 erronee.
856 2541 112 52 tamen

237 2586 102 69 hoc
296 2586 102 69 non
354 2586 102 69 est
413 2586 146 69 verum:
515 2586 117 69 quia
588 2586 146 69 agendo
690 2586 219 69 conformiter
850 2586 117 69 peccat

1054 206 93 81 et
1101 206 155 81 nullus
1210 206 202 81 obligatur
1365 206 93 81 ad
1411 206 217 81 peccandum:
1582 206 109 81 sed
1644 206 109 81 pro
1691 206 93 81 tan-

1063 273 89 47 to
1108 273 149 47 peccat
1212 273 223 47 discordando
1391 273 104 47 cum
1450 273 164 47 ratione
1569 273 179 47 erronea:
1689 273 89 47 quia

1065 319 169 48 contennit
1195 319 156 48 rationem
1311 319 104 48 quam
1376 319 130 48 credit
1467 319 104 48 esse
1532 319 143 48 rectam:
1635 319 104 48 quia
1700 319 78 48 si
1726 319 52 48 re

1059 361 102 51 cta
1118 361 132 51 esset
1206 361 161 51 deberet
1323 361 117 51 esse
1396 361 146 51 regula
1498 361 102 51 sua
1557 361 88 51 et
1601 361 146 51 agendo
1688 361 88 51 dif-

1057 404 168 48 formiter
1183 404 154 48 peccat.
1294 404 98 48 non
1350 404 112 48 quia
1420 404 154 48 tenetur
1532 404 154 48 elicere
1643 404 126 48 actum
1713 404 70 48 op-

1056 448 157 55 positum:
1173 448 157 55 scilicet
1291 448 144 55 rationi
1395 448 144 55 erronee
1500 448 196 55 conformare:
1657 448 91 55 sed
1696 448 78 55 quia

1044 501 160 43 tenetur
1161 501 87 43 ad
1205 501 189 43 oppositum
1350 501 189 43 negatiue:
1496 501 102 43 hoc
1554 501 102 43 est
1612 501 160 43 tenetur
1714 501 73 43 non

1060 535 166 50 elicere
1180 535 136 50 actum
1271 535 241 50 discordantem
1467 535 75 50 a
1497 535 166 50 ratione
1617 535 166 50 erronea
1723 535 60 50 ne

1059 578 187 46 contennat.
1206 578 174 46 similiter
1340 578 134 46 agendo
1433 578 201 46 conformiter
1594 578 107 46 illi
1647 578 134 46 rationi-

1047 625 170 49 dicitur
1170 625 155 49 semper
1279 625 186 49 peccare:
1418 625 124 49 quia
1496 625 170 49 tenetur
1620 625 170 49 elicere
1728 625 62 49 a-

1054 670 119 41 ctum
1129 670 194 41 oppositum
1278 670 119 41 puta
1352 670 238 41 discordantem
1546 670 74 41 a
1575 670 119 41 tali
1635 670 149 41 ratione:

1069 711 116 53 quia
1141 711 188 53 eliciendo
1285 711 130 53 talem
1372 711 130 53 actum
1459 711 159 53 peccat.
1575 711 101 53 nec
1632 711 130 53 actum
1705 711 72 53 con

1045 756 166 52 formem
1162 756 183 52 rationi
1294 756 149 52 recte
1394 756 216 52 opposite.
1560 756 133 52 quia
1643 756 116 52 hoc
1693 756 83 52 non

1057 795 181 49 oportet:
1193 795 106 49 sed
1253 795 121 49 quia
1328 795 166 49 tenetur
1449 795 106 49 non
1509 795 166 49 elicere
1630 795 136 49 actum
1706 795 75 49 con

1056 839 176 51 formiter
1188 839 117 51 tali
1261 839 161 51 rationi
1379 839 176 51 erronee.
1511 839 88 51 et
1555 839 103 51 sic
1613 839 161 51 tenetur
1730 839 88 51 ad

1058 881 176 59 oppositum
1194 881 176 59 negatiue.
1329 881 81 59 et
1369 881 95 59 sic
1424 881 216 59 intelligenda
1599 881 95 59 est
1653 881 108 59 illa
1707 881 68 59 pro

1051 927 159 52 positio
1166 927 188 52 generalis
1311 927 116 52 quod
1384 927 145 52 nullus
1485 927 145 52 peccat
1587 927 116 52 nisi
1659 927 101 52 qui
1703 927 72 52 te-

1049 978 133 47 netur
1138 978 88 47 ad
1182 978 191 47 oppositum
1329 978 147 47 illius
1432 978 118 47 quod
1506 978 147 47 facit.
1609 978 103 47 Sic
1653 978 118 47 igitui

1048 1017 145 53 patet
1145 1017 178 53 quomodo
1274 1017 145 53 actus
1371 1017 161 53 rectus
1484 1017 97 53 in
1532 1017 210 53 voluntate
1677 1017 97 53 stat

1043 1067 110 49 cum
1106 1067 158 49 errore
1217 1067 95 49 in
1264 1067 174 49 ratione
1390 1067 95 49 et
1438 1067 174 49 quomodo
1564 1067 110 49 non
1627 1067 95 49 et
1659 1067 126 49 respe-

1047 1104 104 51 ctu
1107 1104 134 51 cuius
1196 1104 178 51 obiecti.
1329 1104 89 51 et
1374 1104 89 51 de
1419 1104 104 51 hoc
1478 1104 134 51 quere
1567 1104 134 51 prius
1641 1104 134 51 questi-

1053 1147 105 49 one
1113 1147 90 49 de
1158 1147 210 49 connexione
1323 1147 195 49 virtutum.
1474 1147 105 49 Sed
1534 1147 105 49 hic
1594 1147 120 49 sunt
1654 1147 120 49 aliqua

1050 1188 139 46 dubia
1173 1188 154 46 Primum
1281 1188 108 46 est
1342 1188 123 46 quod
1420 1188 185 46 voluntas
1558 1188 139 46 agens
1635 1188 139 46 confor-

1047 1233 140 47 miter
1140 1233 171 47 rationi
1264 1233 171 47 erronee
1388 1233 233 47 inuincibili
1574 1233 109 47 non
1636 1233 109 47 sit
1682 1233 93 47 sim-

1049 1277 182 53 pliciter
1185 1277 137 53 recta
1276 1277 137 53 cuius
1367 1277 197 53 oppositum
1519 1277 137 53 prius
1610 1277 152 53 dictum
1701 1277 76 53 est

1055 1326 128 43 quia
1135 1326 128 43 illa
1215 1326 192 43 voluntas
1359 1326 112 43 est
1423 1326 144 43 recta
1519 1326 112 43 que
1583 1326 96 43 in
1615 1326 160 43 operando

1044 1365 232 45 conformatur
1229 1365 201 45 voluntati
1384 1365 155 45 diuine
1492 1365 170 45 tanquam
1616 1365 108 45 sue
1663 1365 108 45 regu-

1055 1408 98 51 le:
1111 1408 84 51 et
1153 1408 112 51 illa
1223 1408 98 51 non
1278 1408 98 51 est
1334 1408 126 51 recta
1418 1408 98 51 que
1474 1408 181 51 discordat
1613 1408 84 51 ab
1641 1408 140 51 intelle-

1051 1454 99 51 ctu
1107 1454 141 51 diuino
1206 1454 85 51 et
1249 1454 184 51 voluntate
1390 1454 141 51 diuina
1489 1454 85 51 in
1532 1454 170 51 volendo:
1659 1454 99 51 sed
1701 1454 71 51 vo-

1054 1498 165 54 luntas
1170 1498 149 54 agens
1269 1498 198 54 predicto
1418 1498 132 54 modo
1501 1498 215 54 discordat
1666 1498 83 54 a
1683 1498 99 54 iudi

1053 1540 104 47 cio
1113 1540 224 47 intellectus
1292 1540 149 47 diuini
1396 1540 90 47 et
1441 1540 194 47 voluntate
1590 1540 164 47 diuina:
1695 1540 90 47 quia

1056 1585 105 50 deus
1121 1585 144 50 iudicat
1226 1585 105 50 quod
1291 1585 105 50 illi
1357 1585 92 50 qui
1409 1585 157 50 secundum
1527 1585 170 50 veritatem
1657 1585 92 50 non
1697 1585 78 50 indi

1055 1626 113 54 get
1120 1626 178 54 extrema
1249 1626 243 54 necessitate
1443 1626 113 54 non
1508 1626 113 54 est
1556 1626 227 54 subueniendum

1052 1676 151 48 tanquam
1162 1676 96 48 sit
1217 1676 165 48 indigens
1341 1676 83 48 et
1382 1676 165 48 voluntas
1506 1676 138 48 creata
1602 1676 110 48 vult
1671 1676 110 48 quod
1726 1676 55 48 ta

1056 1711 91 45 li
1101 1711 106 45 sic
1162 1711 243 45 subueniatur.
1359 1711 121 45 ergo
1435 1711 182 45 voluntas
1572 1711 152 45 creata
1663 1711 121 45 volens

1060 1756 123 48 sibi
1137 1756 108 48 sic
1198 1756 200 48 subuenire
1352 1756 123 48 vult
1430 1756 200 48 oppositum
1584 1756 154 48 illius
1692 1756 123 48 quod

1055 1803 119 52 deus
1130 1803 164 52 iudicat
1249 1803 104 52 sic
1308 1803 119 52 esse
1382 1803 179 52 volendum
1516 1803 89 52 et
1561 1803 119 52 quod
1635 1803 119 52 deus
1695 1803 89 52 vult

1061 1846 95 44 et
1109 1846 111 44 per
1172 1846 222 44 consequens
1346 1846 238 44 discordando
1536 1846 79 44 a
1568 1846 206 44 voluntate
1711 1846 63 44 di

1050 1885 126 50 uina
1129 1885 205 50 peccabit.
1286 1885 173 50 Secudum
1412 1885 126 50 est.
1491 1885 142 50 vtrum
1585 1885 189 50 peccatum
1711 1885 79 50 com

1059 1928 194 57 missionis
1208 1928 89 57 et
1253 1928 223 57 omnissionis
1431 1928 209 57 necessario
1580 1928 194 57 concomitan-

1051 1973 95 54 tur
1106 1973 95 54 se:
1160 1973 149 54 videtur
1269 1973 109 54 quod
1337 1973 95 54 sic
1391 1973 109 54 quia
1459 1973 149 54 aliquis
1567 1973 149 54 nunquam
1662 1973 109 54 peccas

1057 2016 155 58 peccato
1170 2016 239 58 commissionis:
1367 2016 113 58 nisi
1437 2016 113 58 quia
1507 2016 127 58 facit
1592 2016 155 58 aliquid
1691 2016 84 58 quod

1049 2061 178 51 tenetur
1178 2061 113 51 non
1243 2061 162 51 facere
1356 2061 113 51 vel
1421 2061 129 51 eius
1502 2061 210 51 oppositum
1648 2061 129 51 facere

1051 2107 137 52 igitur
1147 2107 123 52 talis
1229 2107 151 52 omittit
1339 2107 123 52 illud
1421 2107 82 52 ad
1462 2107 110 52 quod
1531 2107 192 52 obligatur.
1681 2107 82 52 et
1709 2107 68 52 per

1062 2147 231 46 consequens
1243 2147 165 46 peccat
1358 2147 181 46 peccato
1490 2147 264 46 omnissionis.
1688 2147 99 46 Simi

1053 2189 136 53 liter
1144 2189 91 53 vt
1189 2189 166 53 videtur
1310 2189 166 53 nunquam
1431 2189 166 53 aliquis
1551 2189 151 53 peccat
1642 2189 136 53 peccato

1057 2236 232 47 omissionis
1240 2236 133 47 nisi
1323 2236 183 47 nolendo
1456 2236 166 47 actum:
1572 2236 149 47 quem.
1655 2236 116 47 actum

1051 2283 184 40 tenetur
1185 2283 151 40 velle
1286 2283 117 40 vel
1353 2283 184 40 volendo
1487 2283 151 40 actum
1571 2283 201 40 contrarium

1061 2317 107 53 illi
1127 2317 120 53 actui
1207 2317 107 53 quem
1274 2317 147 53 tenetur
1380 2317 120 53 velle
1460 2317 120 53 sicut
1540 2317 80 53 si
1580 2317 160 53 teneatur
1687 2317 93 53 dili-

1058 2364 100 55 gere
1121 2364 100 55 deum
1184 2364 113 55 super
1259 2364 113 55 omnia
1334 2364 88 55 die
1384 2364 150 55 domenico
1497 2364 75 55 et
1535 2364 100 55 toto
1598 2364 100 55 illo
1660 2364 88 55 die
1698 2364 75 55 plus

1059 2416 178 48 diligat
1188 2416 146 48 actus
1285 2416 194 48 venereos
1431 2416 129 48 quam
1512 2416 146 48 deum.
1609 2416 113 48 hic
1658 2416 129 48 peccat

1046 2455 181 55 duplici
1177 2455 181 55 peccato
1309 2455 264 55 commissionis
1524 2455 99 55 et
1557 2455 214 55 omnissionis

1096 2496 192 61 Preterea.
1243 2496 148 61 nullus
1347 2496 148 61 peccat
1450 2496 162 61 peccato
1568 2496 222 61 omnissionis
1731 2496 59 61 ni

1057 2538 102 51 si
1108 2538 256 51 suspendendo
1313 2538 153 51 actum
1415 2538 136 51 quem
1500 2538 188 51 tenetur
1620 2538 170 51 elicere:

1035 2583 105 75 sed
1095 2583 120 75 tale
1170 2583 209 75 suspendere
1334 2583 105 75 est
1394 2583 165 75 elicere
1514 2583 165 75 actuam.
1633 2583 120 75 ergo
1693 2583 90 75 etc.
