2236 3088
473 203 148 75 Tertium
580 203 134 75 dubium
674 203 94 75 est
728 203 81 75 de
768 203 94 75 hoc
822 203 108 75 quod
889 203 148 75 dicitur
997 203 108 75 quod
1051 203 134 75 voluntas

473 264 147 58 tenetur
580 264 121 58 velle
660 264 161 58 dictatum
781 264 67 58 a
808 264 147 58 ratione
915 264 147 58 erronea
1022 264 134 58 errore
1103 264 80 58 inut

467 303 128 64 cibili
557 303 103 64 esse
621 303 167 64 volendum:
749 303 103 64 quia
813 303 103 64 tale
877 303 154 64 dictatum
993 303 90 64 est
1044 303 128 64 malum:
1121 303 64 64 po-

464 352 111 57 namus
538 352 99 57 quod
600 352 87 57 ita
649 352 99 57 sit:
711 352 99 57 nunc
773 352 111 57 autem
847 352 111 57 malum
921 352 87 57 sub
971 352 136 57 ratione
1070 352 99 57 mali
1119 352 62 57 non

462 397 89 55 est
513 397 139 55 volitum
614 397 89 55 nec
665 397 164 55 volibile:
791 397 101 55 quia
854 397 114 55 sicut
930 397 101 55 omne
993 397 139 55 volitum
1095 397 89 55 vel
1132 397 51 55 vo

458 436 130 60 libile
549 436 91 60 est
601 436 117 60 solum
679 436 117 60 bonum
757 436 156 60 existens
875 436 91 60 vel
927 436 156 60 apparens
1044 436 130 60 solum:
1122 436 65 60 ita

465 484 107 56 omne
531 484 147 56 nolitum
638 484 80 56 et
678 484 160 56 nolibile
798 484 93 56 est
851 484 120 56 malum
931 484 120 56 exnes
1011 484 93 56 vel
1051 484 133 56 apparens

474 525 66 64 et
507 525 77 64 per
551 525 154 64 consequens
673 525 110 64 nullum
750 525 99 64 bonum
816 525 77 64 est
860 525 121 64 nolitum
948 525 77 64 nec
992 525 88 64 esse
1048 525 121 64 potest:
1125 525 55 64 nec

465 572 151 61 aliquod
575 572 123 61 malum
657 572 96 61 est
712 572 151 61 volitum
822 572 96 61 nec
876 572 110 61 esse
945 572 137 61 potest
1041 572 69 61 â‹
1055 572 123 61 Quartum

455 614 148 55 dubium
559 614 103 55 est
618 614 89 55 de
662 614 162 55 dictato
780 614 74 55 a
810 614 162 55 ratione
928 614 162 55 erronea
1031 614 148 55 vincibil

474 656 76 63 vel
518 656 163 63 inuincibili
648 656 120 63 ratione
736 656 98 63 recta
801 656 76 63 vel
844 656 87 63 non:
899 656 76 63 non
942 656 87 63 curo
997 656 65 63 ad
1030 656 142 63 praesens:
1128 656 65 63 quia

461 702 119 60 tale
535 702 178 60 dictatum
669 702 119 60 siue
743 702 223 60 apprehensio
922 702 134 60 talis
1011 702 163 60 dictati
1115 702 74 60 ali

465 742 139 62 quando
563 742 139 62 causat
660 742 237 62 delectationem
855 742 84 62 in
897 742 181 62 appetitum
1022 742 167 62 sensitiuo:

468 786 83 61 vt
510 786 124 61 patet
592 786 83 61 de
634 786 235 61 apprehensione
827 786 166 61 alicuius
951 786 152 61 obiecti
1048 786 138 61 pulchri-

464 840 81 55 et
505 840 216 55 delectabilis
681 840 176 55 aliquando
816 840 203 55 apprehensio
978 840 135 55 illius
1059 840 122 55 dictati

456 875 68 58 a
484 875 149 58 ratione
592 875 136 58 causat
687 875 149 58 dolorem
796 875 82 58 in
837 875 177 58 appetitum
973 875 177 58 sensitiuo
1095 875 95 58 sicut

453 917 163 74 aliquis
572 917 193 74 ymaginans
720 917 148 74 mortem
824 917 104 74 vel
883 917 148 74 bellum
987 917 163 74 mortale
1091 917 89 74 futu

451 961 96 57 rum
506 961 124 57 timet
589 961 83 57 et
630 961 124 57 dolet
713 961 83 57 in
754 961 179 57 appetitu:
891 961 110 57 nunc
960 961 124 57 autem
1029 961 151 57 regularit

465 1005 96 60 ita
520 1005 96 60 est
575 1005 96 60 pro
629 1005 123 60 statu
711 1005 109 60 isto
780 1005 109 60 quod
848 1005 164 60 voluntas
971 1005 123 60 magis
1039 1005 137 60 inclinat

462 1053 92 55 ad
508 1053 184 55 volendum
646 1053 200 55 obiectum:
799 1053 138 55 cuius
891 1053 230 55 apprehensio
1060 1053 123 55 causat

462 1092 247 59 delectationem
666 1092 87 59 in
710 1092 189 59 appetitum
855 1092 204 59 sensitiuo.
1015 1092 87 59 et
1044 1092 146 59 nolendum

456 1134 136 63 illud
547 1134 136 63 cuius
637 1134 227 63 apprehensio
818 1134 151 63 causat
924 1134 166 63 dolorem
1045 1134 91 63 in
1075 1134 106 63 eodem

458 1179 178 60 appetitum.
598 1179 101 60 Tunc
661 1179 89 60 est
712 1179 127 60 dubium
801 1179 101 60 quae
864 1179 89 60 est
915 1179 114 60 causa
991 1179 127 60 istius
1067 1179 114 60 inclina

454 1227 114 49 tionis
534 1227 69 49 et
568 1227 92 49 quae
625 1227 80 49 est
671 1227 103 49 causa
740 1227 126 49 istorum
831 1227 126 49 actuum:
923 1227 80 49 sic
969 1227 172 49 difformiter
1094 1227 92 49 elici-

458 1268 128 61 torum.
548 1268 89 61 non
599 1268 166 61 voluntas:
726 1268 102 61 quia
790 1268 102 61 ipsa
854 1268 89 61 est
905 1268 128 61 libera
994 1268 153 61 respectu
1097 1268 89 61 cuius

472 1317 113 53 cumque
551 1317 102 53 actus
619 1317 124 53 eliciti
709 1317 68 53 ab
743 1317 79 53 ea.
789 1317 68 53 et
823 1317 79 53 per
868 1317 158 53 consequens
992 1317 68 53 de
1026 1317 68 53 se
1060 1317 79 53 non
1105 1317 91 53 plus
1151 1317 45 53 de

463 1357 190 57 terminatur
613 1357 81 57 ad
654 1357 109 57 vnum
721 1357 122 57 actum
803 1357 109 57 quam
871 1357 81 57 ad
911 1357 136 57 alium.
1006 1357 95 57 nec
1047 1357 136 57 cognitio

471 1397 209 60 intellectiua:
643 1397 98 60 quia
705 1397 111 60 sicut
778 1397 111 60 ratio
852 1397 111 60 recta
926 1397 86 60 vel
975 1397 135 60 erronea
1074 1397 123 60 potest
1148 1397 49 60 di

462 1439 128 67 ctare
547 1439 114 67 quod
618 1439 157 67 aliquid
732 1439 214 67 delectabile
903 1439 185 67 appetitui
1031 1439 157 67 sensitiuo

467 1485 93 60 est
520 1485 172 60 volendum:
652 1485 93 60 ita
705 1485 133 60 potest
798 1485 146 60 dictare
904 1485 106 60 quod
971 1485 106 60 mors
1037 1485 93 60 sit
1077 1485 119 60 volenda

462 1528 71 60 et
498 1528 83 60 per
545 1528 166 60 consequens
675 1528 95 60 post
734 1528 142 60 dictamen
841 1528 83 60 est
888 1528 107 60 causa
959 1528 178 60 vniformiter
1089 1528 107 60 vtrobi-

475 1568 117 70 quod:
553 1568 78 70 et
592 1568 117 70 tamen
669 1568 91 70 non
721 1568 156 70 obstante
838 1568 104 70 tali
903 1568 169 70 dictamine
1032 1568 156 70 voluntas
1136 1568 52 70 in

470 1615 168 59 clinatur
596 1615 84 59 ad
638 1615 126 59 actus
721 1615 181 59 oppositos
861 1615 168 59 respectu
987 1615 154 59 istorum
1084 1615 112 59 actuum

465 1659 93 60 qui
518 1659 80 60 ad
558 1659 160 60 volendum
677 1659 106 60 vnum
744 1659 80 60 et
784 1659 160 60 nolendum
903 1659 120 60 aliud
983 1659 106 60 quae
1050 1659 133 60 igitur
1130 1659 66 60 est

467 1704 118 66 causa
546 1704 131 66 istius
638 1704 236 66 difformitatis.
835 1704 66 66 â‹
861 1704 144 66 Quintum
966 1704 131 66 dubium
1058 1704 92 66 est
1097 1704 92 66 vtrum

460 1749 148 67 aliquis
567 1749 134 67 habens
661 1749 161 67 rationem
782 1749 161 67 erroneam
903 1749 134 67 potest
997 1749 134 67 stante
1078 1749 107 67 errore

467 1789 104 63 scire
537 1789 69 63 se
571 1789 115 63 errare
652 1789 81 63 vel
698 1789 138 63 credere.
801 1789 127 63 videtur
894 1789 92 63 quod
951 1789 92 63 sic:
1009 1789 92 63 quia
1066 1789 115 63 aliter
1135 1789 58 63 non

470 1835 125 61 potest
558 1835 163 61 dimittere
683 1835 150 61 errorem.
796 1835 125 61 igitur
883 1835 100 61 etc.
946 1835 63 61 â‹
971 1835 75 61 Ad
1008 1835 125 61 primum
1083 1835 113 61 istorum

473 1883 107 54 dico
540 1883 107 54 quod
607 1883 94 54 non
661 1883 134 54 semper
755 1883 161 54 voluntas
876 1883 94 54 est
929 1883 121 54 recta
1010 1883 107 54 quia
1064 1883 134 54 conforma

470 1921 93 57 tur
523 1921 173 57 voluntati
656 1921 133 57 diuine
749 1921 80 57 in
789 1921 147 57 obiecto
896 1921 147 57 volito:
1003 1921 93 57 nam
1042 1921 147 57 aliquando

475 1962 103 59 vult
540 1962 103 59 deus
604 1962 155 59 aliquid:
721 1962 78 59 et
759 1962 116 59 enmen
837 1962 103 59 vult
902 1962 168 59 creaturam
1031 1962 116 59 nolle
1096 1962 90 59 illud

474 2008 165 57 Exemplum.
601 2008 101 57 deus
664 2008 76 57 ab
702 2008 127 57 eterno
791 2008 127 57 voluit
879 2008 127 57 mortem
968 2008 152 57 christi:
1082 2008 76 57 et
1107 2008 89 57 tamen

468 2051 153 63 noluit
575 2051 153 63 iudeos
682 2051 138 63 velle
774 2051 153 63 mortem
881 2051 122 63 eius
957 2051 92 63 eo
1003 2051 122 63 modo
1080 2051 107 63 quo
1126 2051 76 63 est

483 2100 153 54 mortuus
594 2100 84 54 ab
636 2100 111 54 eis.
706 2100 181 54 Similiter
845 2100 125 54 ponit
929 2100 195 54 Augustinus
1068 2100 125 54 exeplum

484 2139 106 66 quod
550 2139 106 66 deus
616 2139 106 66 vult
682 2139 132 66 patrem
775 2139 106 66 meum
841 2139 119 66 mori:
921 2139 79 66 et
961 2139 119 66 tamen
1040 2139 93 66 non
1093 2139 106 66 vult
1146 2139 53 66 me

482 2182 115 59 velle
559 2182 127 59 mortem
648 2182 127 59 patris
737 2182 102 59 mei.
801 2182 102 59 nunc
865 2182 115 59 autem
941 2182 127 59 quando
1030 2182 102 59 volo
1081 2182 115 59 aliquid

486 2237 104 53 quod
551 2237 104 53 deus
616 2237 104 53 vult
680 2237 78 53 me
719 2237 129 53 nolle:
810 2237 117 53 licet
887 2237 117 53 illud
965 2237 91 53 sit
1017 2237 142 53 volitum
1120 2237 65 53 a
1133 2237 65 53 deo

486 2280 118 51 tamen
564 2280 118 51 pecco
643 2280 131 51 maxime
735 2280 79 51 si
774 2280 118 51 sciam
853 2280 105 51 deum
918 2280 79 51 me
957 2280 118 51 nolle
1036 2280 131 51 illud.
1114 2280 79 51 quia

478 2316 116 56 tunc
550 2316 174 56 scienter
680 2316 174 56 discordo
811 2316 72 56 a
840 2316 145 56 regula
941 2316 101 56 cui
999 2316 101 56 me.
1057 2316 145 56 teneor
1144 2316 58 56 in

480 2365 142 46 actibus
583 2365 103 46 meis
648 2365 193 46 conformare.
802 2365 77 46 et
841 2365 90 46 per
893 2365 180 46 consequens
1034 2365 129 46 pecco.
1125 2365 77 46 Et
1150 2365 52 46 ex

487 2402 72 57 hoc
528 2402 103 57 potest
600 2402 103 57 patere
672 2402 123 57 secundum
764 2402 92 57 illam
825 2402 82 57 viam
877 2402 82 57 quae
928 2402 92 57 ponit
990 2402 82 57 quod
1041 2402 82 57 deus
1092 2402 72 57 est
1123 2402 72 57 causa

481 2442 179 57 immediata
619 2442 192 57 cuiuslibet
770 2442 124 57 actus
852 2442 137 57 nostri
948 2442 137 57 voledo
1044 2442 124 57 illum
1113 2442 96 57 actum

484 2490 108 55 esse
552 2490 95 55 quo
606 2490 95 55 nos
660 2490 81 55 in
701 2490 108 55 actu
768 2490 135 55 aliquo
863 2490 176 55 peccamus:
998 2490 122 55 licet
1079 2490 108 55 deus
1133 2490 68 55 vel

480 2543 95 48 let
535 2543 122 48 actum
616 2543 122 48 illum
697 2543 108 48 esse
765 2543 176 48 immediate
900 2543 81 48 ab
940 2543 81 48 eo
981 2543 203 48 partialiter
1130 2543 81 48 con-

485 2576 156 64 currente
602 2576 182 64 voluntate:
745 2576 104 64 quia
810 2576 117 64 licet
888 2576 156 64 voluntas
1005 2576 130 64 creata
1096 2576 117 64 velit
1161 2576 52 64 il

1271 195 92 69 lud
1324 195 105 69 quod
1389 195 105 69 deus
1455 195 119 69 vult:
1534 195 105 69 quia
1600 195 105 69 deus
1666 195 105 69 vult
1732 195 119 69 illum
1811 195 119 69 actum
1890 195 105 69 esse
1943 195 66 69 ali

1279 259 87 46 ter
1328 259 87 46 non
1378 259 136 46 fieret:
1477 259 111 46 tamen
1551 259 87 46 non
1601 259 136 46 peccat:
1700 259 87 46 sed
1749 259 149 46 voluntas
1861 259 124 46 nostra
1935 259 62 46 pec

1277 301 108 58 cat:
1344 301 108 58 quia
1411 301 161 58 voluntas
1532 301 135 58 diuina
1626 301 94 58 non
1680 301 148 58 tenetur
1788 301 121 58 velle
1855 301 148 58 oppositum

1280 349 79 48 eo
1319 349 106 48 quod
1386 349 79 48 ad
1425 349 119 48 nihil
1505 349 185 48 obligatur:
1650 349 93 48 sed
1703 349 159 48 voluntas
1822 349 132 48 creata
1901 349 93 48 tenet

1284 392 117 44 velle
1362 392 183 44 oppositum:
1506 392 104 44 quia
1571 392 143 44 tenetur
1675 392 117 44 velle
1753 392 104 44 quod
1819 392 104 44 deus
1884 392 104 44 vult
1936 392 52 44 ea

1282 424 116 62 velle.
1363 424 93 62 nunc
1421 424 104 62 autem
1491 424 116 62 quando
1572 424 93 62 deus
1630 424 104 62 velit
1699 424 104 62 actum
1769 424 127 62 peccati
1861 424 104 62 esse:
1919 424 81 62 tamen

1281 475 97 50 deus
1342 475 97 50 vult
1403 475 170 50 voluntatem
1536 475 134 50 creatam
1634 475 110 50 nolle
1707 475 110 50 illum
1780 475 110 50 actum
1853 475 134 50 peccati
1938 475 61 50 vel

1272 521 120 52 saltem
1356 521 84 52 non
1404 521 120 52 velle:
1488 521 72 52 et
1524 521 84 52 per
1572 521 168 52 consequens
1705 521 144 52 voluntas
1813 521 120 52 creata
1885 521 108 52 volendo

1280 561 121 50 illum
1360 561 121 50 actum
1441 561 108 50 quem
1508 561 108 50 deus
1576 561 148 50 peccat:
1683 561 108 50 quia
1751 561 175 50 obligatur
1885 561 81 50 ad
1912 561 81 50 oppo

1276 607 137 50 situm.
1372 607 96 50 nec
1427 607 123 50 etiam
1509 607 110 50 deus
1578 607 110 50 vult
1646 607 123 50 istum
1728 607 123 50 actum
1810 607 110 50 esse
1865 607 137 50 absolute

1281 653 81 49 sed
1328 653 116 49 tantum
1409 653 151 49 voluntate
1525 653 174 49 consequente
1664 653 93 49 siue
1722 653 197 49 conditionata:
1884 653 93 49 quia
1930 653 70 49 deus

1280 703 104 41 vult
1345 703 117 41 illum
1423 703 117 41 actum
1502 703 104 41 esse
1567 703 78 41 si
1606 703 156 41 creatura
1723 703 117 41 vult:
1801 703 91 41 sed
1854 703 104 41 vult
1906 703 91 41 crea-

1275 738 118 47 turam
1354 738 92 47 non
1406 738 118 47 velle
1485 738 118 47 illum
1563 738 118 47 actum
1642 738 79 47 si
1681 738 144 47 placeat
1786 738 118 47 sibi.
1865 738 92 47 sic
1904 738 105 47 igitur

1296 782 112 47 patet
1370 782 100 47 quod
1433 782 149 47 voluntas
1545 782 87 47 non
1594 782 125 47 semper
1682 782 137 47 tenetur
1781 782 75 47 se
1819 782 174 47 conformare
1943 782 50 47 vo

1270 828 154 44 luntati
1382 828 140 44 diuine
1481 828 84 44 in
1523 828 154 44 volito:
1635 828 112 44 immo
1705 828 197 44 frequenter
1846 828 154 44 conformam

1276 868 82 44 do
1317 868 82 44 se
1358 868 109 44 illi
1427 868 178 44 voluntati
1563 868 82 44 in
1604 868 137 44 volito
1700 868 164 44 peccabit
1823 868 150 44 propter
1918 868 82 44 cau-

1277 911 92 49 sam
1330 911 145 49 dictam:
1435 911 92 49 sed
1488 911 145 49 tenetur
1594 911 79 49 se
1633 911 185 49 conformare
1779 911 172 49 voluntati
1897 911 106 49 diuine

1280 956 79 46 in
1319 956 224 46 circumstantia
1503 956 145 46 obiecti
1609 956 145 46 voliti:
1714 956 105 46 puta
1779 956 105 46 quia
1845 956 145 46 tenetur
1937 956 66 46 vel

1273 999 84 51 le
1315 999 111 51 quod
1384 999 111 51 deus
1454 999 111 51 vult
1524 999 97 51 eam
1579 999 139 51 velle.
1677 999 84 51 Ad
1719 999 111 51 ista
1788 999 97 51 est
1844 999 139 51 opinio
1927 999 84 51 Ioh.

1285 1044 108 50 quare
1357 1044 84 50 vbi
1405 1044 120 50 quarit
1489 1044 108 50 istam
1561 1044 180 50 questionem.
1706 1044 72 50 Ad
1742 1044 168 50 propositum
1874 1044 96 50 dico
1922 1044 72 50 quod

1277 1086 141 54 quamuis
1380 1086 192 54 intellectus
1533 1086 141 54 diuinus
1635 1086 128 54 dictet
1725 1086 102 54 quod
1789 1086 102 54 tali
1853 1086 90 54 non
1904 1086 90 54 sit
1942 1086 64 54 sub

1274 1130 171 61 ueniendum
1405 1130 105 61 modo
1471 1130 171 61 praedicto
1603 1130 79 61 et
1642 1130 158 61 voluntas
1761 1130 92 61 dei
1814 1130 118 61 nolit
1893 1130 105 61 quod
1945 1130 66 61 sic

1275 1180 80 45 ei
1315 1180 213 45 subueniatur.
1487 1180 120 45 tamen
1567 1180 160 45 voluntas
1687 1180 133 45 creata
1780 1180 146 45 sequens
1873 1180 133 45 rationem

1283 1220 163 56 erroneam
1406 1220 136 56 errore
1501 1220 204 56 inuincibili
1664 1220 95 56 est
1718 1220 163 56 voluntas
1840 1220 136 56 recta:
1922 1220 81 56 quia

1285 1264 172 50 voluntas
1413 1264 143 50 diuina
1514 1264 114 50 vult
1585 1264 100 50 eam
1642 1264 129 50 sequi
1728 1264 172 50 rationem
1857 1264 100 50 non
1900 1264 114 50 culpa-

1271 1305 126 52 bilem.
1359 1305 75 52 et
1397 1305 88 52 sic
1447 1305 151 52 faciendo
1560 1305 126 52 contra
1648 1305 113 52 illam
1724 1305 151 52 rationem
1837 1305 138 52 peccat:
1925 1305 75 52 quia

1270 1349 180 53 obligatur
1408 1349 83 53 ad
1450 1349 194 53 oppositum.
1602 1349 83 53 Et
1644 1349 83 53 si
1685 1349 124 53 dicas
1768 1349 111 53 quod
1837 1349 166 53 voluntas
1948 1349 55 53 di

1274 1397 115 47 uina
1346 1397 101 47 non
1403 1397 115 47 vult
1475 1397 115 47 sibi
1548 1397 101 47 sic
1605 1397 202 47 subuenirs:
1764 1397 115 47 immo
1836 1397 173 47 respectu
1951 1397 58 47 hu

1277 1438 92 50 ius
1329 1438 118 50 habet
1408 1438 92 50 sic
1461 1438 118 50 actum
1540 1438 158 50 nolendi.
1659 1438 132 50 igitur
1751 1438 158 50 voluntas
1869 1438 145 50 volendo
1961 1438 53 50 si

1280 1482 84 45 bi
1322 1482 183 45 subuenire
1463 1482 155 45 peccet:
1576 1482 113 45 quia
1646 1482 113 45 vult
1716 1482 127 45 illud
1801 1482 113 45 quod
1871 1482 113 45 deus
1928 1482 84 45 vult

1284 1530 90 46 eum
1336 1530 116 46 nolle
1413 1530 167 46 Respondeo
1542 1530 77 46 si
1580 1530 129 46 sciret
1670 1530 103 46 quod
1735 1530 103 46 deus
1799 1530 129 46 nollet
1889 1530 90 46 eum
1928 1530 90 46 velle

1273 1571 197 50 subuenire:
1428 1571 84 50 et
1470 1571 113 50 tunc
1540 1571 113 50 ipse
1611 1571 141 50 vellet
1709 1571 127 50 illum
1794 1571 127 50 actum
1864 1571 141 50 peccaret

1291 1616 94 47 nunc
1350 1616 106 47 autem
1421 1616 83 47 per
1468 1616 106 47 casum
1539 1616 106 47 errat
1610 1616 118 47 tantum
1692 1616 94 47 quod
1751 1616 118 47 credit
1834 1616 94 47 deum
1893 1616 71 47 se
1916 1616 83 47 velle

1287 1655 117 53 illum
1365 1655 104 53 actu
1430 1655 104 53 quem
1495 1655 104 53 deus
1560 1655 104 53 vult
1625 1655 91 53 eum
1678 1655 130 53 nolle:
1769 1655 104 53 ideo
1834 1655 104 53 ille
1886 1655 117 53 excusat

1287 1699 126 55 igitur
1376 1699 101 55 etc.
1439 1699 63 55 â‹
1464 1699 76 55 Ad
1502 1699 114 55 aliud
1578 1699 101 55 dico
1641 1699 101 55 quod
1705 1699 152 55 pectatum
1818 1699 202 55 commissionis
1970 1699 38 55 a

1281 1746 136 54 peccato
1380 1746 185 54 omnissionis
1528 1746 87 54 est
1577 1746 124 54 omnino
1664 1746 185 54 separabile:
1812 1746 87 54 ita
1862 1746 99 54 quod
1923 1746 87 54 per
1961 1746 49 54 po

1291 1788 135 54 tentiam
1389 1788 135 54 diuinam
1487 1788 98 54 vere
1549 1788 123 54 potest
1635 1788 111 54 fieri
1708 1788 98 54 sine
1770 1788 111 54 alio:
1843 1788 74 54 et
1868 1788 135 54 econuerso

1286 1831 101 50 Quod
1349 1831 113 50 autem
1425 1831 151 50 pectatum
1538 1831 189 50 omnissionis
1689 1831 126 50 potest
1777 1831 101 50 esse
1840 1831 101 50 sine
1890 1831 113 50 peccate

1289 1878 219 50 commissionis.
1470 1878 129 50 patet:
1560 1878 103 50 quia
1624 1878 142 50 ponamus
1727 1878 103 50 quod
1792 1878 142 50 aliquis
1882 1878 129 50 teneatur

1282 1919 116 46 deum
1355 1919 174 46 diligere
1486 1919 102 46 die
1544 1919 174 46 dofenico
1675 1919 102 46 non
1733 1919 145 46 habito
1820 1919 189 46 impedimento

1284 1959 119 57 talis
1363 1959 212 57 sequestratus
1535 1959 79 57 ab
1575 1959 106 57 omni
1641 1959 198 57 impedimento
1799 1959 132 57 potest
1892 1959 93 57 non
1932 1959 79 57 dili

1290 2006 105 56 gere
1356 2006 105 56 deum
1422 2006 105 56 toto
1488 2006 105 56 illo
1554 2006 92 56 die
1606 2006 185 56 manifestum
1751 2006 105 56 est:
1817 2006 105 56 quia
1883 2006 79 56 si
1910 2006 105 56 neces-

1289 2049 175 58 sitaretur
1423 2049 81 58 ad
1464 2049 189 58 diligendum
1612 2049 108 58 deum
1679 2049 108 58 toto
1747 2049 108 58 illo
1814 2049 108 58 die:
1882 2049 108 58 tunc
1936 2049 67 58 non

1289 2094 179 50 mereretur
1427 2094 83 50 in
1468 2094 193 50 diligendo.
1620 2094 138 50 potest
1716 2094 138 50 igitur
1812 2094 110 50 deum
1881 2094 96 50 non
1922 2094 83 50 dili

1295 2135 95 57 gere
1354 2135 71 57 et
1390 2135 83 57 per
1437 2135 166 57 consequens
1568 2135 130 57 peccare
1663 2135 130 57 peccato
1757 2135 178 57 omnissionis
1900 2135 107 57 talis
1959 2135 59 57 sic

1287 2179 161 58 peccans
1405 2179 205 58 necessario
1566 2179 176 58 peccabit
1697 2179 161 58 peccato
1800 2179 205 58 commissioni-

1281 2230 95 52 per
1336 2230 95 52 te.
1390 2230 136 52 quaero
1486 2230 82 52 de
1527 2230 109 52 illo
1595 2230 109 52 actu
1663 2230 191 52 voluntatis
1813 2230 95 52 quo
1868 2230 136 52 peccat
1950 2230 68 52 pec

1288 2267 121 54 cato
1364 2267 242 54 commissionis
1560 2267 121 54 siue
1636 2267 106 54 sit
1696 2267 136 54 actus
1787 2267 166 54 nolendi
1893 2267 121 54 dilige

1289 2310 86 53 re
1332 2310 115 53 deum
1403 2310 115 53 siue
1475 2310 100 53 fit
1533 2310 129 53 actus
1619 2310 201 53 contrarius
1776 2310 215 53 dilectionis
1934 2310 72 53 dei

1291 2364 102 42 aut
1350 2364 102 42 est
1408 2364 87 42 in
1451 2364 189 42 potestate
1597 2364 203 42 voluntatis
1756 2364 102 42 sic
1815 2364 116 42 quod
1873 2364 145 42 voluntas

1296 2398 126 55 stante
1385 2398 139 55 peccato
1486 2398 189 55 omnissionis
1637 2398 126 55 potest
1725 2398 151 55 secundum
1839 2398 113 55 actum
1902 2398 113 55 commis-

1292 2440 138 61 sionis
1389 2440 151 61 elicere
1499 2440 83 61 et
1540 2440 96 61 non
1595 2440 151 61 elicere
1705 2440 96 61 vel
1760 2440 96 61 non
1815 2440 138 61 potest
1911 2440 96 61 non
1952 2440 69 61 eli

1297 2490 127 50 cere:
1381 2490 99 50 sed
1438 2490 141 50 statim
1536 2490 84 50 et
1579 2490 197 50 necessario
1733 2490 141 50 elicit
1832 2490 141 50 stante
1916 2490 99 50 primo

1306 2529 148 57 peccato.
1416 2529 74 57 si
1453 2529 111 57 primo
1527 2529 98 57 modo
1589 2529 123 57 igitur
1675 2529 123 57 potest
1761 2529 148 57 voluntas
1871 2529 111 57 illum
1933 2529 86 57 actum

1298 2577 80 64 non
1343 2577 138 64 elicere:
1447 2577 69 64 et
1481 2577 80 64 per
1527 2577 161 64 consequens
1653 2577 115 64 potest
1733 2577 80 64 non
1779 2577 126 64 peccare
1871 2577 138 64 peccatio
1963 2577 57 64 com
