2274 3096
249 240 179 70 peccatum:
387 240 110 70 nisi
456 240 124 70 actus
538 240 110 70 ille
607 240 96 70 sit
662 240 206 70 voluntarius
827 240 83 70 et
868 240 83 70 in
896 240 96 70 ptam-

256 292 85 53 te
298 292 198 53 voluntatis
454 292 156 53 mediate
567 292 99 53 vel
623 292 198 53 immediate:
779 292 99 53 sed
835 292 113 53 nunc
892 292 99 53 possi

251 338 101 43 bile
314 338 88 43 est
365 338 101 43 quod
428 338 139 43 aliquis
529 338 126 43 habeat
617 338 114 43 actum
693 338 189 43 exteriorem.
844 338 114 43 primo
907 338 76 43 eli-

253 383 126 48 citum
337 383 126 48 iuxta
421 383 196 48 volitionem
575 383 168 48 viciosam
700 383 84 48 et
742 383 140 48 stante
840 383 112 48 illo
896 383 84 48 actu

256 426 181 49 exteriori
395 426 209 49 simpliciter
562 426 139 49 nollet
660 426 125 49 illum
743 426 125 49 actum
827 426 84 49 et
855 426 125 49 merito-

257 471 89 51 rie.
312 471 67 51 et
346 471 78 51 per
390 471 156 51 consequens
512 471 67 51 in
546 471 89 51 illo
601 471 89 51 actu
657 471 78 51 non
701 471 144 51 consistit
812 471 144 51 peccatum.
912 471 67 51 Exem

262 515 130 53 plum.
348 515 158 53 aliquis
463 515 202 53 voluntarie
622 515 187 53 descendit
766 515 86 53 in
795 515 187 53 precipitium

256 564 92 41 et
302 564 92 41 in
348 564 231 41 descendendo
533 564 170 41 penitet
656 564 92 41 et
703 564 139 41 dolet
780 564 200 41 simpliciter

255 602 169 48 nolendo
378 602 138 48 illum
470 602 138 48 actum
562 602 169 48 propter
685 602 138 48 deum.
777 602 123 48 tunc
854 602 123 48 ille
916 602 61 48 a-

259 644 132 56 ctus
342 644 248 56 descendendi
541 644 116 56 non
607 644 116 56 est
673 644 248 56 voluntarius
872 644 116 56 nec
922 644 66 56 in

260 699 204 47 potestate
417 699 235 47 voluntatis.
605 699 157 47 igitur
715 699 126 47 tunc
794 699 94 47 in
841 699 126 47 illo
904 699 78 47 non

255 733 201 47 consistit
410 733 202 47 peccatum:
565 733 124 47 quia
642 733 124 47 tunc
720 733 202 47 mereretur
875 733 109 47 per
921 733 62 47 no

246 777 183 55 litionem
383 777 152 55 illius
490 777 168 55 peccati
611 777 91 55 et
657 777 183 55 peccaret
779 777 198 55 mortaliter.

243 821 124 50 quod
320 821 155 50 falsum
428 821 124 50 est.
506 821 155 50 igitur
614 821 108 50 nec
676 821 139 50 prius
769 821 93 50 in
815 821 170 50 secundo
924 821 46 50 a

249 866 106 54 ctu
309 866 196 54 consistit
460 866 196 54 peccatum.
611 866 76 54 ⁋
642 866 91 54 Si
687 866 151 54 queras
793 866 136 54 vtrum
868 866 106 54 appre

249 910 149 47 hensio
353 910 208 47 sensibilis
517 910 238 47 delectabilis
710 910 104 47 vel
769 910 149 47 nociui
858 910 119 47 potest

249 952 176 48 causare
377 952 176 48 dolorem
504 952 112 48 vel
568 952 271 48 delectationem
792 952 96 48 in
823 952 160 48 appetitu

252 999 101 53 sine
315 999 164 53 mutatione
441 999 113 53 reali
517 999 151 53 eiusdem.
630 999 63 53 ⁋
655 999 164 53 Respondeo
781 999 101 53 quod
844 999 101 53 sic.
894 999 76 53 quia

250 1045 128 43 licet
335 1045 142 43 iustus
435 1045 85 43 in
478 1045 114 43 actu
549 1045 128 43 simul
634 1045 199 43 apprehedat
791 1045 171 43 obiectum
905 1045 71 43 sen

247 1085 139 50 sibile
344 1085 83 50 et
386 1085 180 50 immutetur
524 1085 166 50 realiter
649 1085 83 50 ab
691 1085 125 50 illo.
774 1085 125 50 tamen
857 1085 97 50 hoc
899 1085 83 50 acci

248 1132 92 53 dit
300 1132 79 53 ad
340 1132 170 53 causandum
471 1132 157 53 dolorem.
589 1132 118 53 patet
667 1132 105 53 enim
733 1132 105 53 quod
798 1132 79 53 in
838 1132 118 53 aliis
903 1132 79 53 sem-

251 1173 127 48 sibus
336 1173 99 48 que
392 1173 127 48 solum
477 1173 226 48 apprehendunt
660 1173 85 48 et
703 1173 99 48 non
759 1173 198 48 immutantur
900 1173 85 48 rea-

262 1214 123 49 iter
338 1214 184 49 causatur
477 1214 153 49 dolor.
584 1214 92 49 et
630 1214 138 49 eodem
722 1214 123 49 modo
799 1214 92 49 si
830 1214 153 49 obiectum

243 1261 152 55 gustus
349 1261 91 55 et
395 1261 152 55 tactus
501 1261 137 55 solum
593 1261 289 55 apprehenderetur
836 1261 122 55 sine
897 1261 76 55 mu-

243 1304 181 50 tatione:
379 1304 136 50 adhuc
469 1304 181 50 causaret
605 1304 166 50 dolorem
726 1304 91 50 et
756 1304 226 50 delectationem

248 1352 85 51 in
290 1352 185 51 appetitum
433 1352 156 51 propter
546 1352 242 51 conuenientiam
745 1352 100 51 vel
788 1352 185 51 disconueni-

253 1400 140 51 entiam
351 1400 140 51 illius
450 1400 253 51 apprehensionis
660 1400 98 51 cum
716 1400 183 51 potentia.
857 1400 70 51 ⁋
885 1400 84 51 Si
913 1400 70 51 di-

251 1443 98 41 cas
307 1443 112 41 quod
377 1443 112 41 tunc
448 1443 141 41 corpus
546 1443 127 41 beati
631 1443 169 41 existens
757 1443 84 41 in
799 1443 112 41 igne
855 1443 127 41 doleret

247 1481 96 53 qui
302 1481 234 53 apprehenderet
495 1481 151 53 calorem
605 1481 69 53 ⁋
632 1481 193 53 Respondeo.
784 1481 124 53 sicut
852 1481 124 53 delecta

253 1525 97 48 tio
309 1525 180 48 excellens
447 1525 166 48 excludit
572 1525 180 48 quacunque
710 1525 208 48 tristiciam:
876 1525 97 48 ita
918 1525 55 48 de

255 1568 178 46 lectatio
389 1568 193 46 excellens
537 1568 178 46 excludit
671 1568 134 46 omnem
760 1568 163 46 dolorem
878 1568 89 46 in
908 1568 74 46 sen

257 1612 107 49 sum.
323 1612 80 49 Et
363 1612 107 49 quia
430 1612 80 49 in
470 1612 107 49 tali
537 1612 147 49 corpore
644 1612 93 49 est
697 1612 187 49 delectatio
830 1612 147 49 excellens

251 1654 125 51 ideo
330 1654 109 51 non
392 1654 156 51 potest
501 1654 172 51 causare
627 1654 234 51 apprehensio
814 1654 172 51 dolorem
923 1654 63 51 in

255 1699 130 51 eodem
341 1699 202 51 appetitum.
500 1699 144 51 Aliter
601 1699 144 51 potest
702 1699 115 51 dici
774 1699 115 51 quod
846 1699 115 51 deus
904 1699 72 51 con

243 1746 161 50 currit
356 1746 113 50 cum
420 1746 161 50 calore
533 1746 97 50 ad
581 1746 209 50 causandum
726 1746 257 50 apprehensionem

252 1789 142 53 caloris
356 1789 78 53 in
394 1789 142 53 corpore
498 1789 129 53 beati:
589 1789 91 53 sed
640 1789 91 53 non
692 1789 168 53 concurrit
822 1789 91 53 cum
860 1789 117 53 apprae-

250 1832 170 56 hensione
377 1832 85 56 ad
420 1832 184 56 causandum
562 1832 156 56 dolorem
675 1832 113 56 quod
746 1832 128 56 forte
831 1832 99 56 est
874 1832 99 56 verum

244 1869 84 56 et
286 1869 112 56 ideo
356 1869 98 56 non
412 1869 126 56 dolet
496 1869 126 56 licet
580 1869 210 56 apprehendat
749 1869 168 56 calorem.
875 1869 70 56 ⁋
889 1869 84 56 Ulte

255 1918 99 53 rius
316 1918 148 53 sciendum
427 1918 86 53 est
477 1918 99 53 quod
538 1918 111 53 omnis
612 1918 173 53 delectatio
748 1918 74 53 et
785 1918 160 53 tristicia
896 1918 86 53 causa

246 1960 104 54 tur
306 1960 90 54 in
351 1960 194 54 voluntate
500 1960 179 54 mediante
634 1960 194 54 volitione
783 1960 90 54 et
813 1960 164 54 nolitione

257 2006 129 49 sicut
343 2006 129 49 patet
428 2006 86 49 ex
471 2006 257 49 precedentibus:
686 2006 100 49 sed
743 2006 157 49 volitio
857 2006 86 49 et
886 2006 100 49 noli-

249 2055 104 48 tio
309 2055 104 48 est
368 2055 149 48 duplex
472 2055 149 48 quadam
576 2055 178 48 absoluta
710 2055 89 48 et
754 2055 149 48 quadam
843 2055 134 48 conditi

247 2096 145 50 onata.
349 2096 174 50 Absoluta
480 2096 102 50 est
538 2096 116 50 illa
611 2096 102 50 qua
669 2096 218 50 simplicitur
843 2096 116 50 volo
901 2096 73 50 vel

243 2145 122 46 nolo
319 2145 168 46 aliquid
442 2145 122 46 sine
518 2145 122 46 omni
595 2145 229 46 conditione.
763 2145 214 46 Conditionata

253 2184 100 48 est
310 2184 115 48 illa
382 2184 100 48 qua
439 2184 158 48 aliquid
554 2184 115 48 volo
626 2184 100 48 vel
683 2184 115 48 nolo
755 2184 100 48 sub
798 2184 172 48 conditione

260 2227 126 47 sicut
344 2227 126 47 nauta
428 2227 140 47 nollet
526 2227 182 47 proiicere
666 2227 140 47 merces
764 2227 84 47 in
806 2227 112 47 mari
876 2227 84 47 si
904 2227 70 47 pos

247 2273 97 55 set
303 2273 153 55 euadere
414 2273 222 55 submersionem
594 2273 83 55 et
636 2273 153 55 vtraque
747 2273 97 55 tam
803 2273 153 55 nolitio
900 2273 83 55 quam

249 2315 156 46 volitio
362 2315 170 46 absoluta
489 2315 85 46 et
532 2315 226 46 conditionata
715 2315 99 46 est
772 2315 198 46 sufficiens
913 2315 57 46 ad

251 2360 194 50 causandum
400 2360 209 50 tristiciam
565 2360 90 50 et
610 2360 254 50 delectationem
819 2360 120 50 modo
878 2360 105 50 prius

243 2403 214 45 declarato.
411 2403 92 45 Ex
457 2403 107 45 quo
518 2403 138 45 patet
610 2403 122 45 quod
686 2403 122 45 illi
763 2403 107 45 duo
824 2403 122 45 modi
885 2403 92 45 quos

259 2448 112 61 Ioh.
329 2448 125 61 ponit
412 2448 153 61 causare
524 2448 237 61 delectationem
719 2448 84 61 et
761 2448 195 61 tristiciam
900 2448 70 61 non

249 2491 122 53 sunt
325 2491 138 53 veri.
417 2491 138 53 ponit
509 2491 122 53 enim
585 2491 183 53 quattuor
722 2491 138 53 modos
814 2491 153 53 quibus
906 2491 61 53 po

250 2536 120 48 test
325 2536 165 48 causari
445 2536 210 48 delectatio
610 2536 105 48 vel
670 2536 195 48 tristicia
820 2536 90 48 in
850 2536 135 48 volunta

252 2579 95 47 te
300 2579 206 47 questione
458 2579 237 47 preallegata
648 2579 158 47 quorum
758 2579 111 47 duo
822 2579 127 47 modi
885 2579 95 47 sunt

261 2623 106 58 per
321 2623 211 58 volitionem
487 2623 196 58 absolutam
638 2623 91 58 et
683 2623 211 58 volitionem
834 2623 151 58 conditio

1080 220 118 99 natam
1158 220 79 99 et
1198 220 105 99 isti
1263 220 105 99 veri
1329 220 118 99 sunt.
1407 220 105 99 Alii
1473 220 105 99 sunt
1538 220 105 99 quod
1604 220 118 99 sicut
1669 220 131 99 obiectum

1077 292 230 66 naturaliter
1261 292 215 66 conueniens
1430 292 107 66 vel
1491 292 261 66 disconueniens
1691 292 107 66 volun

1072 339 118 63 tati
1146 339 148 63 potest
1250 339 163 63 causare
1368 339 251 63 delectationem
1575 339 104 63 vel
1620 339 178 63 tristiciam

1074 382 80 63 in
1114 382 174 63 voluntate
1248 382 107 63 sine
1315 382 107 63 omni
1382 382 107 63 actu
1449 382 134 63 libere
1542 382 161 63 elicito:
1663 382 94 63 sed
1703 382 94 63 solum

1079 429 165 60 mediante
1203 429 123 60 velle
1285 429 165 60 naturali
1408 429 110 60 quae
1477 429 96 60 non
1532 429 96 60 est
1587 429 165 60 elicitus
1696 429 110 60 actus.

1078 468 138 64 Alius
1169 468 138 64 modus
1261 468 122 64 est.
1338 468 92 64 si
1384 468 184 64 obiectum
1521 468 107 64 sit
1583 468 214 64 conueniens
1736 468 76 64 vel

1078 517 231 52 disconueniens
1268 517 136 52 sensui
1363 517 136 52 potest
1458 517 149 52 causare
1567 517 231 52 delectationem
1743 517 68 52 vel

1074 561 180 53 tristiciam
1215 561 77 53 in
1254 561 167 53 voluntate
1382 561 103 53 sine
1446 561 103 53 omni
1510 561 167 53 volitione
1638 561 128 53 libere
1715 561 90 53 elici

1073 603 85 63 ta
1115 603 142 63 primo:
1215 603 99 63 sed
1271 603 113 63 isti
1342 603 99 63 duo
1399 603 113 63 modi
1470 603 128 63 falsi
1555 603 113 63 sunt
1626 603 85 63 et
1668 603 142 63 contra
1753 603 57 63 ex

1067 655 203 54 perientiam:
1230 655 95 54 nec
1284 655 135 54 potest
1379 655 135 54 dictum
1474 655 122 54 istud
1555 655 176 54 improbari
1690 655 108 54 nisi
1744 655 68 54 per

1071 699 251 47 experientiam.
1278 699 89 47 Si
1323 699 118 47 enim
1397 699 178 47 voluntas
1530 699 104 47 non
1589 699 163 47 haberet
1692 699 104 47 actum

1079 738 185 60 desiderii
1221 738 99 60 vel
1278 738 170 60 fugiendi
1405 738 128 60 sicut
1491 738 128 60 habet
1576 738 185 60 appetitus
1704 738 99 60 sensi

1073 779 130 64 tiuus:
1164 779 104 64 tunc
1229 779 143 64 haberet
1333 779 195 64 efficaciam.
1489 779 104 64 quia
1554 779 130 64 quando
1645 779 91 64 res
1684 779 130 64 desidera

1069 827 89 51 ta
1114 827 193 51 haberetur
1262 827 193 51 cessarent
1411 827 119 51 illi
1485 827 134 51 actus
1574 827 89 51 et
1604 827 193 51 causarentur

1063 861 195 65 predicte
1209 861 212 65 passiones
1372 861 98 65 ab
1421 861 277 65 apprehensione
1632 861 163 65 intelle-

1067 922 119 47 ctiua
1146 922 145 47 obiecti
1252 922 93 47 iam
1305 922 145 47 habiti.
1411 922 159 47 scilicet
1530 922 106 47 quod
1596 922 79 47 vt
1635 922 119 47 alibi
1701 922 93 47 patet

1077 955 198 57 voluntas
1225 955 115 57 non
1291 955 165 57 tantum
1406 955 148 57 habet
1505 955 214 57 predictos
1654 955 148 57 habitus

1082 996 154 53 cilicet
1194 996 126 53 actum
1278 996 224 53 complacentie
1460 996 98 53 seu
1516 996 168 53 amicitie
1642 996 98 53 quo
1684 996 126 53 diligit

1067 1048 99 56 rem
1124 1048 156 56 habitam
1237 1048 199 56 presentem.
1393 1048 113 56 ideo
1464 1048 156 56 nunquam
1577 1048 142 56 causat
1677 1048 113 56 illa
1733 1048 57 56 ap

1068 1095 214 44 prehensio
1232 1095 181 44 aliquid
1364 1095 99 44 in
1413 1095 214 44 voluntate
1578 1095 132 44 nisi
1643 1095 165 44 mediante

1068 1136 116 51 illa
1141 1136 189 51 volitione
1286 1136 102 51 vel
1345 1136 189 51 nolitione
1490 1136 73 51 ⁋
1519 1136 102 51 Sed
1577 1136 116 51 tunc
1650 1136 102 51 est
1693 1136 102 51 dubi-

1065 1182 98 42 um
1114 1182 98 42 de
1163 1182 310 42 delectationibus
1424 1182 261 42 subreptitiis
1636 1182 82 42 a
1668 1182 114 42 quo
1717 1182 82 42 cau

1077 1214 140 66 santur.
1179 1214 166 66 similiter
1306 1214 76 66 si
1345 1214 127 66 mulier
1434 1214 166 66 deflorata
1561 1214 89 66 non
1612 1214 178 66 assentiens
1739 1214 64 66 per

1068 1264 135 51 actum
1158 1264 165 51 volendi
1279 1264 211 51 delectetur
1444 1264 150 51 aliquo
1549 1264 120 51 modo
1625 1264 105 51 in.
1685 1264 120 51 tali
1745 1264 60 51 a-

1072 1306 120 60 ctu.
1147 1306 120 60 vnde
1222 1306 181 60 causatur
1358 1306 211 60 delectatio
1523 1306 135 60 illa.
1613 1306 75 60 ⁋
1629 1306 165 60 Respondeo

1073 1352 112 52 quod
1143 1352 195 52 delectatio
1296 1352 112 52 illa
1366 1352 140 52 semper
1464 1352 168 52 causatur
1590 1352 70 52 a
1604 1352 195 52 volitionibus

1065 1401 167 56 preuiis:
1190 1401 97 56 sed
1246 1401 111 56 ille
1315 1401 194 56 volitiones
1468 1401 125 56 forte
1551 1401 97 56 non
1607 1401 111 56 sunt
1676 1401 83 56 in
1704 1401 97 56 pote-

1065 1446 141 47 state
1159 1446 235 47 voluntatis:
1348 1446 110 47 sed
1411 1446 204 47 causantur
1568 1446 235 47 naturaliter
1740 1446 63 47 ab

1069 1484 245 50 apprehensione
1270 1484 216 50 intellectus
1444 1484 87 50 et
1487 1484 72 50 a
1516 1484 187 50 voluntate
1660 1484 87 50 et
1689 1484 115 50 postea

1065 1533 143 44 eadem
1160 1533 254 44 naturalitate
1367 1533 95 44 et
1414 1533 238 44 necessitate
1605 1533 175 44 causant
1716 1533 95 44 dele

1069 1576 206 42 ctationem:
1231 1576 103 42 vel
1290 1576 88 42 si
1334 1576 162 42 fuerunt
1452 1576 88 42 in
1496 1576 191 42 potestate
1628 1576 177 42 voluntatis

1073 1613 109 55 tunc
1141 1613 150 55 nunquam
1250 1613 218 55 delectaretur
1427 1613 109 55 nisi
1495 1613 136 55 libere
1590 1613 150 55 vellet.
1699 1613 82 55 et
1726 1613 82 55 ideo

1063 1659 173 50 mulier
1184 1659 225 50 deflorata
1357 1659 121 50 non
1427 1659 260 50 consentiens
1635 1659 121 50 per
1687 1659 121 50 actum

1072 1706 165 48 volendi
1192 1706 120 48 bene
1267 1706 210 48 delectatur
1432 1706 90 48 in
1478 1706 135 48 parte
1568 1706 210 48 sensitiua:
1733 1706 105 48 sed

1075 1748 108 43 non
1136 1748 93 43 in
1183 1748 201 43 voluntate
1338 1748 124 43 nisi
1415 1748 155 43 cesset
1523 1748 139 43 actus
1616 1748 170 43 nolendi
1725 1748 77 43 re-

1068 1788 149 55 spectu
1172 1788 134 55 talis
1262 1788 149 55 actus:
1366 1788 89 55 et
1410 1788 149 55 libere
1514 1788 164 55 eliciat
1633 1788 134 55 actum
1708 1788 89 55 voli

1066 1831 134 53 bilem
1155 1831 179 53 respectu
1289 1831 164 53 illius.
1408 1831 134 53 tamen
1498 1831 134 53 actus
1587 1831 134 53 tales
1676 1831 104 53 non
1721 1831 74 53 di-

1074 1881 156 51 cuntur
1184 1881 125 51 esse
1262 1881 94 51 in
1309 1881 203 51 potestate
1465 1881 219 51 voluntatis
1637 1881 109 51 qui
1684 1881 109 51 commu

1064 1925 95 55 ni
1112 1925 190 55 subiecto
1254 1925 222 55 eliciuntur
1428 1925 95 55 et
1476 1925 111 55 non
1523 1925 285 55 perceptibiliter.

1085 1961 72 54 ⁋
1113 1961 101 54 Sed
1171 1961 144 54 dubium
1272 1961 101 54 est
1329 1961 86 54 si
1373 1961 130 54 velle
1459 1961 173 54 absolute
1588 1961 86 54 et
1632 1961 130 54 nolle
1704 1961 86 54 sini

1068 2012 142 57 causa
1163 2012 268 57 delectationis
1384 2012 95 57 et
1431 2012 205 57 tristicie
1589 2012 158 57 quando
1684 2012 110 57 oppo-

1064 2054 132 57 sita
1147 2054 99 57 et
1197 2054 215 57 proposita
1362 2054 199 57 eueniunt
1512 2054 132 57 modo
1594 2054 149 57 prius
1677 2054 116 57 dicto

1077 2103 192 48 qualiter
1221 2103 160 48 angeli
1333 2103 128 48 mali
1413 2103 112 48 qui
1476 2103 128 48 mala
1556 2103 160 48 volunt
1668 2103 112 48 que
1716 2103 80 48 eue

1064 2146 146 49 niunt
1161 2146 98 49 vt
1210 2146 130 49 sunt
1292 2146 98 49 ab
1340 2146 114 49 eis
1405 2146 163 49 volita
1519 2146 130 49 puta
1601 2146 163 49 volunt
1698 2146 98 49 homi

1071 2191 110 52 nes
1134 2191 189 52 absolute
1276 2191 174 52 peccare
1403 2191 95 52 et
1450 2191 142 52 multa
1545 2191 110 52 que
1592 2191 205 52 simpliciter

1069 2231 181 47 eueniunt
1205 2231 136 47 sicut
1295 2231 121 47 sunt
1371 2231 91 47 ab
1416 2231 106 47 eis
1476 2231 151 47 volita
1582 2231 136 47 quare
1672 2231 106 47 non
1718 2231 75 47 de-

1074 2275 211 48 lectantur
1236 2275 146 48 sicut
1333 2275 179 48 homines
1463 2275 97 48 et
1512 2275 162 48 angeli
1626 2275 130 48 boni
1690 2275 114 48 dele-

1084 2319 154 59 tantur
1192 2319 170 59 volendo
1315 2319 154 59 talia.
1423 2319 77 59 ⁋
1454 2319 185 59 Preterea
1593 2319 93 59 si
1639 2319 139 59 nolle
1716 2319 77 59 con

1077 2359 231 58 ditionatum
1258 2359 198 58 sufficit
1406 2359 99 58 ad
1456 2359 214 58 causandum
1604 2359 198 58 tristiciam

1068 2401 80 56 in
1108 2401 133 56 homine
1200 2401 80 56 et
1240 2401 173 56 sufficit.
1373 2401 66 56 ⁋
1400 2401 80 56 Et
1440 2401 80 56 in
1479 2401 146 56 christo
1586 2401 159 56 secundum
1692 2401 106 56 opinio

1060 2453 121 55 nem
1129 2453 224 55 Iohannis.
1301 2453 104 55 et
1353 2453 155 55 verum
1457 2453 121 55 est
1526 2453 138 55 quia
1612 2453 173 55 noluit
1716 2453 86 55 pe-

1063 2497 96 55 nam
1118 2497 123 55 illam
1200 2497 109 55 sibi
1268 2497 150 55 infligi
1378 2497 82 55 si
1419 2497 191 55 placuisset
1569 2497 109 55 deo.
1637 2497 82 55 et
1678 2497 109 55 illa
1733 2497 68 55 no-

1068 2539 122 57 litio
1150 2539 162 57 sufficit
1271 2539 81 57 ad
1312 2539 176 57 causandum
1447 2539 189 57 tristiciam
1595 2539 81 57 in
1636 2539 122 57 illo.
1703 2539 95 57 Quare

1066 2585 140 52 igitur
1164 2585 126 52 nolle
1248 2585 237 52 conditionatum
1443 2585 98 52 non
1499 2585 168 52 sufficit
1625 2585 84 52 ad
1652 2585 154 52 causandum

1060 2626 202 69 tristiciam
1218 2626 86 69 in
1261 2626 144 69 angelo
1362 2626 115 69 bono
1434 2626 130 69 sicut
1521 2626 86 69 in
1564 2626 159 69 christo
1679 2626 101 69 qui
1723 2626 86 69 fuit
