2286 3082
430 170 134 73 cause
519 170 119 73 quod
594 170 89 73 ad
638 170 134 73 ipsam
728 170 208 73 necessario
891 170 179 73 sequatur
1010 170 149 73 effectus

436 238 86 47 sed
485 238 98 47 quod
546 238 86 47 non
595 238 123 47 possit
681 238 98 47 esse
742 238 98 47 sine
804 238 74 47 ea
840 238 123 47 igitur
926 238 147 47 sufficit
1036 238 98 47 quod
1085 238 74 47 ipsa

434 272 146 64 posita
536 272 160 64 ponitur
653 272 175 64 effectus
784 272 87 64 et
828 272 117 64 quod
901 272 102 64 non
959 272 160 64 ponatur
1061 272 102 64 effe-

444 327 122 44 ctus
520 327 122 44 siue
597 327 92 44 ea
643 327 153 44 igitur
750 327 199 44 sacrameta
903 327 122 44 sunt
979 327 168 44 proprie
1086 327 77 44 cau

437 361 99 53 sa.
493 361 70 53 ⁋
521 361 155 53 Quartum
634 361 141 53 dubium
733 361 113 53 est:
803 361 113 53 quia
873 361 155 53 videtur
986 361 113 53 quod
1056 361 99 53 non
1099 361 70 53 est

440 405 218 50 impossibile
615 405 218 50 sacramentum
789 405 131 50 agere
876 405 87 50 in
919 405 160 50 animam.
1035 405 102 50 cum
1079 405 87 50 quia

434 448 232 57 sacramenta
617 448 132 57 sunt
699 448 199 57 medicine
848 448 182 57 quedam:
981 448 116 57 sed
1031 448 132 57 medici

431 501 96 49 na
479 501 144 49 habet
575 501 192 49 virtutem
719 501 224 49 effectiuam
894 501 192 49 respectu
1022 501 144 49 sanita-

436 542 123 54 tis.
513 542 108 54 Tum
574 542 123 54 quia
651 542 139 54 ignis
744 542 92 54 vt
790 542 247 54 instrumentum
990 542 154 54 potest
1083 542 77 54 age

442 580 77 65 re
481 580 77 65 in
519 580 167 65 spiritum.
648 580 64 65 ⁋
674 580 77 65 Ad
712 580 129 65 primum
802 580 141 65 istorum
905 580 103 65 dico
969 580 103 65 quod
1033 580 90 65 non
1072 580 90 65 omnis

442 625 142 62 oratio
541 625 99 62 est
598 625 213 62 diffinitio:
768 625 99 62 sed
825 625 142 62 oratio
924 625 213 62 significans
1080 625 85 62 quid

430 672 216 53 significatur
606 672 95 53 per
660 672 122 53 nomen
741 672 189 53 diffiniti:
890 672 95 53 ita
944 672 108 53 quod
1011 672 95 53 sit
1052 672 108 53 signum

437 724 105 43 eius
502 724 78 43 et
542 724 92 43 non
594 724 209 43 significatum
764 724 144 43 nominis
868 724 92 43 est
921 724 196 43 diffinitio.
1077 724 78 43 et
1104 724 65 43 sic

428 757 180 54 hystoria
563 757 165 54 troiana
683 757 105 54 non
743 757 105 54 est
803 757 225 54 diffinitio:
983 757 120 54 quia
1058 757 105 54 non
1103 757 60 54 ex

441 808 151 52 primit
547 808 121 52 quid
623 808 242 52 significatur
820 808 106 52 per
880 808 121 52 vnum
956 808 136 52 nomen
1047 808 91 52 et
1077 808 91 52 simi

445 852 122 55 liter
527 852 95 55 est
581 852 216 55 significatum
756 852 135 55 illius
851 852 81 55 et
892 852 95 55 non
946 852 149 55 signum.
1054 852 81 55 Si
1081 852 81 55 dici

430 896 104 49 tur
490 896 119 49 quod
564 896 149 49 potest
668 896 119 49 poni
743 896 119 49 vnum
817 896 134 49 nomen
907 896 223 49 significans
1071 896 104 49 totam

433 935 185 52 hystoriam
575 935 185 52 troianam:
718 935 100 52 vel
775 935 128 52 illud
861 935 114 52 quod
932 935 200 52 significat
1074 935 86 52 tota

428 980 187 51 hystoria
569 980 187 51 troiana.
709 980 203 51 Respondeo
865 980 125 51 quod
943 980 219 51 requiritur
1100 980 62 51 ad

443 1024 228 55 diffinitionem
630 1024 147 55 nominis
737 1024 107 55 quod
804 1024 94 55 sit
858 1024 134 55 oratio
952 1024 214 55 predicabilis
1112 1024 54 55 de

449 1072 184 50 diffinito
590 1072 184 50 huiusmodi
732 1072 99 50 non
788 1072 99 50 est
845 1072 170 50 historia
972 1072 170 50 troiana:
1085 1072 85 50 quia

437 1117 100 49 in
487 1117 234 49 vniuersali
671 1117 167 49 nomine
788 1117 250 49 importantur
988 1117 167 49 plures
1089 1117 83 49 con

433 1153 165 54 ceptus
549 1153 182 54 nominis
681 1153 116 54 qui
747 1153 116 54 non
814 1153 182 54 possunt
946 1153 99 54 de
995 1153 165 54 aliquo
1094 1153 83 54 vno

446 1197 181 55 diffinito
586 1197 195 55 predicari:
739 1197 98 55 nec
795 1197 98 55 per
851 1197 195 55 consequens
1004 1197 84 55 in
1046 1197 112 55 tali
1102 1197 70 55 dif

440 1243 181 49 finitione
579 1243 167 49 exprimi.
704 1243 83 49 Si
746 1243 153 49 dicatur
857 1243 111 49 quod
927 1243 125 49 talis
1010 1243 139 49 oratio
1093 1243 70 49 non

438 1286 149 53 semper
542 1286 209 53 predicatur
706 1286 89 53 de
751 1286 209 53 diffinito.
915 1286 104 53 nam
974 1286 104 53 hec
1034 1286 104 53 est
1079 1286 89 53 fal-

445 1337 87 51 sa
488 1337 144 51 vacuum
589 1337 101 51 est
647 1337 130 51 locus
733 1337 173 51 priuatus
863 1337 159 51 corpore
978 1337 87 51 et
1022 1337 101 51 sic
1079 1337 87 51 de
1108 1337 58 51 a-

442 1372 124 53 liis.
525 1372 111 53 Dico
594 1372 111 53 quod
663 1372 97 53 non
719 1372 152 53 oportet
829 1372 111 53 quod
898 1372 138 53 semper
995 1372 111 53 vere
1051 1372 124 53 predice

450 1417 103 55 tur
509 1417 89 55 de
554 1417 192 55 diffinito
701 1417 89 55 ne
745 1417 133 55 forte
834 1417 207 55 diffinitum
996 1417 162 55 sumatur
1099 1417 74 55 ma-

449 1460 204 53 terialiter.
613 1460 68 53 ⁋
640 1460 82 53 Ad
681 1460 163 53 secundum
803 1460 109 53 dico
871 1460 109 53 quod
939 1460 204 53 sacramentum
1088 1460 82 53 nul-

435 1517 106 42 lum
496 1517 198 42 respectum
648 1517 183 42 rationis
785 1517 198 42 importat.
937 1517 106 42 hoc
997 1517 152 42 probo:
1089 1517 91 42 quia

440 1552 138 61 sicut
532 1552 200 61 respectus
686 1552 154 61 realis
793 1552 108 61 non
855 1552 169 61 aduenit
978 1552 154 61 alicui
1086 1552 92 61 de
1116 1552 62 61 no

443 1605 85 48 uo
485 1605 113 48 nisi
556 1605 99 48 per
613 1605 128 48 actum
698 1605 142 48 realem
797 1605 156 48 nonuum:
911 1605 99 48 ita
967 1605 99 48 nec
1010 1605 156 48 respectus

435 1637 201 55 rationis:
589 1637 108 55 sed
651 1637 124 55 aqua
729 1637 139 55 habet
822 1637 186 55 rationem
961 1637 217 55 sacramenti
1116 1637 62 55 de

448 1691 122 52 nouo
524 1691 122 52 sine
600 1691 122 52 tali
677 1691 183 52 respectu
814 1691 92 52 et
860 1691 122 52 actu
936 1691 229 52 intellectus
1104 1691 76 52 com

447 1728 209 60 parantis.
608 1728 129 60 vnde
689 1728 113 60 non
753 1728 129 60 plus
834 1728 193 60 importat
963 1728 209 60 sacramentum

437 1780 187 46 respectum
581 1780 173 46 rationis
711 1780 115 46 quam
783 1780 159 46 signum:
898 1780 101 46 sed
956 1780 144 46 signum
1057 1780 101 46 non
1100 1780 72 46 im-

453 1821 171 52 portat:
578 1821 124 52 quia
655 1821 155 52 signum
764 1821 155 52 potest
873 1821 93 52 de
919 1821 124 52 nouo
982 1821 186 52 significa-

448 1858 90 63 re
493 1858 120 63 sine
568 1858 120 63 omni
643 1858 240 63 comparatione
839 1858 240 63 intellectus.
1034 1858 135 63 patet
1109 1858 60 63 de

443 1903 188 51 baptismo
584 1903 109 51 vbi
647 1903 125 51 post
725 1903 203 51 baptismum
881 1903 234 51 sacramentum
1053 1903 125 51 signi-

452 1951 124 46 ficat
535 1951 152 46 gratiam
646 1951 83 46 et
687 1951 111 46 ante
756 1951 111 46 non:
825 1951 83 46 et
867 1951 124 46 tamen
950 1951 111 46 sine
1019 1951 111 46 omni
1074 1951 97 46 intel

444 1990 144 53 lectu
540 1990 239 53 comparante.
731 1990 144 53 patet
827 1990 144 53 etiam
923 1990 112 53 per
987 1990 191 53 exemplum
1114 1990 64 53 de

453 2039 123 45 voce
530 2039 262 45 significatiua
745 2039 170 45 prolata
869 2039 92 45 de
915 2039 123 45 nouo
992 2039 92 45 et
1038 2039 139 45 etiam
1115 2039 62 45 de

445 2077 131 60 signo
532 2077 145 60 aliquo
633 2077 131 60 facto
720 2077 145 60 alicui
822 2077 145 60 bruto.
923 2077 116 60 Ideo
996 2077 116 60 dico
1068 2077 116 60 quod
1126 2077 58 60 si

448 2123 108 54 cut
509 2123 231 54 participium
694 2123 108 54 cum
755 2123 215 54 predicatis
925 2123 231 54 sequentibus
1094 2123 77 54 non

453 2171 203 51 significat
613 2171 160 51 aliquid
729 2171 131 51 vnum:
816 2171 102 51 sed
875 2171 131 51 plura
962 2171 116 51 vnum
1034 2171 87 51 in
1063 2171 102 51 recto

450 2213 89 52 et
495 2213 133 52 aliud
583 2213 89 52 in
627 2213 177 52 obliquo.
760 2213 103 52 ita
819 2213 103 52 nec
879 2213 103 52 hoc
938 2213 133 52 nomen
1012 2213 162 52 sacramen-

449 2254 113 52 tum.
520 2254 85 52 et
562 2254 99 52 ita
619 2254 128 52 licet
704 2254 113 52 tale
775 2254 128 52 nomen
860 2254 99 52 non
917 2254 99 52 sit
973 2254 184 52 equiuocum
1101 2254 71 52 ta-

454 2304 112 47 men
518 2304 112 47 non
582 2304 224 47 requiritur
758 2304 144 47 talis
855 2304 160 47 vnitas
967 2304 192 47 mediante
1095 2304 80 47 quo

449 2343 155 53 cunque
557 2343 185 53 respectu
696 2343 139 53 patet
789 2343 93 53 de
835 2343 108 53 hoc
897 2343 155 53 nomine
1005 2343 170 53 ciuitas
1113 2343 62 53 po

453 2398 138 49 pulus
544 2398 199 49 vniuersum
697 2398 122 49 etc.
774 2398 92 49 Ad
820 2398 153 49 primum
927 2398 122 49 dico
1003 2398 122 49 quod
1065 2398 122 49 conno-

445 2441 96 48 tat
500 2441 193 48 distincta.
652 2441 83 48 Ad
693 2441 165 48 secundum
817 2441 110 48 dico
885 2441 110 48 quod
954 2441 165 48 sufficit
1064 2441 110 48 vnitas

451 2479 172 48 rationis
579 2479 86 48 et
622 2479 100 48 non
680 2479 200 48 requiritur
837 2479 114 48 alia
908 2479 143 48 vnitas
1008 2479 72 48 a
1037 2479 129 48 parte
1109 2479 72 48 rei

453 2527 116 51 nisi
526 2527 145 51 quando
628 2527 131 51 nomen
715 2527 102 51 sic
773 2527 203 51 significat
933 2527 160 51 aliquid
1049 2527 116 51 quod
1107 2527 73 51 non

441 2563 188 62 connotat
582 2563 219 62 distinctum
754 2563 110 62 vel
817 2563 219 62 distincta.
989 2563 78 62 ⁋
1020 2563 94 62 Ad
1067 2563 141 62 aliud

1266 169 80 70 de
1306 169 119 70 causa
1385 169 80 70 et
1425 169 146 70 effectu
1531 169 106 70 dico
1598 169 106 70 quod
1664 169 80 70 de
1704 169 146 70 ratione
1810 169 119 70 cause
1890 169 93 70 est
1929 169 80 70 quod

1260 230 94 51 ad
1307 230 109 51 eam
1370 230 156 51 possit
1479 230 172 51 virtute
1604 230 172 51 propria
1728 230 140 51 sequi
1822 230 187 51 effectus
1947 230 62 51 ex

1258 280 144 51 natura
1358 280 101 51 rei
1416 280 86 51 et
1459 280 215 51 naturaliter
1631 280 101 51 sic
1688 280 101 51 non
1746 280 101 51 est
1803 280 86 51 in
1832 280 158 51 proposito

1256 317 111 50 sed
1320 317 159 50 tantum
1431 317 95 50 ex
1479 317 207 50 voluntate
1638 317 175 50 diuina.
1765 317 80 50 ⁋
1797 317 95 50 Ad
1845 317 143 50 aliud
1924 317 80 50 di-

1262 359 84 63 co
1304 359 111 63 quod
1373 359 181 63 sensibile
1513 359 97 63 non
1568 359 139 63 potest
1666 359 125 63 agere
1749 359 84 63 in
1791 359 139 63 animam
1889 359 111 63 nisi
1944 359 56 63 me

1255 404 147 54 diante
1358 404 147 54 aliquo
1461 404 147 54 ipsius
1564 404 132 54 anime
1653 404 118 54 puta
1726 404 177 54 mediante
1844 404 147 54 cognitio

1252 448 108 56 ne:
1313 448 92 56 et
1359 448 123 56 ideo
1436 448 108 56 cum
1498 448 108 56 non
1560 448 108 56 sit
1621 448 139 56 notum
1714 448 108 56 per
1775 448 216 56 scripturam
1929 448 62 56 sa

1257 502 129 45 cram
1337 502 113 45 nec
1402 502 113 45 per
1466 502 257 45 experientiam
1675 502 113 45 nec
1740 502 113 45 per
1804 502 193 45 rationem
1933 502 64 45 de

1258 536 145 49 ductam
1359 536 87 49 ex
1403 536 102 49 per
1461 536 87 49 se
1504 536 131 49 notis
1591 536 116 49 quod
1664 536 145 49 potest
1765 536 145 49 aliter
1867 536 131 49 agere
1939 536 58 49 in

1259 578 138 53 animam
1356 578 110 53 quam
1425 578 110 53 modo
1494 578 138 53 dicto:
1591 578 110 53 ideo
1660 578 152 53 concedo
1770 578 110 53 quod
1839 578 124 53 nullo
1908 578 83 53 alio

1250 624 130 54 modo
1331 624 163 54 potest
1445 624 147 54 agere
1543 624 98 54 in
1592 624 179 54 animam.
1722 624 98 54 Ad
1771 624 228 54 argumentum
1934 624 65 54 di

1264 666 90 50 co
1309 666 119 50 quod
1383 666 134 50 sacra
1473 666 194 50 scriptura
1622 666 179 50 loquitur
1741 666 269 50 similitudinarie:

1257 710 118 57 quod
1331 710 132 57 sicut
1419 710 103 57 per
1478 710 221 57 receptionem
1655 710 191 57 medicine.
1802 710 177 57 sequitur
1919 710 74 57 sa-

1251 765 154 43 nitas:
1359 765 108 43 ita
1420 765 108 43 per
1482 765 201 43 misterium
1636 765 262 43 sacramentorum
1837 765 154 43 sequitur

1249 802 193 58 gratia.
1390 802 88 58 ⁋
1425 802 105 58 Ad
1477 802 228 58 argumenta
1653 802 210 58 alterius
1793 802 210 58 opinionis.

1251 843 90 51 Ad
1296 843 150 51 primum
1401 843 120 51 dico
1475 843 120 51 quod
1550 843 105 51 non
1610 843 150 51 valet:
1715 843 120 51 quia
1790 843 135 51 causa
1879 843 105 51 per
1924 843 75 51 ac-

1259 888 160 48 cidens
1371 888 112 48 est
1435 888 112 48 qua
1499 888 112 48 non
1563 888 160 48 posita
1674 888 240 48 nihilominus
1850 888 144 48 ponitur

1260 933 199 44 effectus:
1413 933 107 44 sed
1474 933 214 44 sacramenta
1642 933 122 44 sunt
1719 933 138 44 cause
1810 933 122 44 sine
1872 933 122 44 quibus

1260 976 122 59 non.
1336 976 122 59 quia
1412 976 122 59 sine
1488 976 137 59 illis
1580 976 107 59 non
1641 976 107 59 dat
1702 976 122 59 deus
1778 976 183 59 gratiam.
1915 976 76 59 ⁋
1930 976 61 59 Ad

1267 1020 196 64 Augustinum
1421 1020 112 64 dico
1491 1020 112 64 quod
1561 1020 126 64 sicut
1644 1020 140 64 tangit
1742 1020 112 64 quod
1812 1020 98 64 per
1854 1020 140 64 actionem

1263 1067 107 53 dei
1324 1067 169 53 ponitur
1447 1067 184 53 effectus
1585 1067 169 53 gratie.
1708 1067 92 53 Ad
1754 1067 138 53 Bedam
1846 1067 123 53 dico
1907 1067 92 53 quod

1264 1115 100 46 non
1321 1115 199 46 intelligit
1477 1115 114 46 quod
1548 1115 142 46 virtus
1648 1115 142 46 aliqua
1747 1115 142 46 fuerit
1847 1115 156 46 collata
1946 1115 57 46 a-

1264 1151 130 51 quis:
1350 1151 101 51 sed
1408 1151 116 51 deus
1480 1151 188 51 ordinauit
1625 1151 116 51 quod
1697 1151 144 51 quando
1798 1151 87 51 in
1841 1151 130 51 aquis
1913 1151 87 51 fie-

1256 1205 101 50 ret
1313 1205 216 50 sacramentum
1486 1205 144 50 lapsis
1587 1205 115 50 tunc
1659 1205 187 50 confertur
1803 1205 158 50 gratia.
1918 1205 72 50 ⁋
1932 1205 58 50 Ad

1261 1248 130 43 aliud
1347 1248 130 43 patet
1434 1248 87 43 ex
1477 1248 144 43 dictis
1578 1248 72 43 ⁋
1607 1248 87 43 Ad
1650 1248 130 43 aliud
1737 1248 116 43 dico
1809 1248 116 43 quod
1881 1248 101 43 non
1925 1248 72 43 que

1259 1285 99 62 rit
1316 1285 156 62 salutem
1429 1285 213 62 formaliter.
1600 1285 71 62 ⁋
1628 1285 85 62 Ad
1670 1285 128 62 aliud
1756 1285 114 62 dico
1827 1285 114 62 quod
1883 1285 114 62 facra-

1260 1334 162 52 mentum
1373 1334 113 52 non
1438 1334 113 52 est
1502 1334 162 52 potens
1615 1334 194 52 efficere
1761 1334 194 52 gratiam.
1906 1334 81 52 ⁋
1938 1334 97 52 Ad

1264 1370 124 54 aliud
1347 1370 83 54 de
1388 1370 220 54 similitudine
1567 1370 110 54 dico
1636 1370 110 54 quod
1705 1370 83 54 de
1746 1370 124 54 forma
1829 1370 96 54 est
1884 1370 96 54 ibi
1925 1370 69 54 fal

1264 1418 124 50 lacia
1347 1418 235 50 consequentis.
1541 1418 69 50 ⁋
1568 1418 83 50 Ad
1610 1418 138 50 primum
1707 1418 194 50 principale
1859 1418 111 50 dico
1914 1418 83 50 quod

1256 1463 140 47 verum
1350 1463 109 47 est
1412 1463 93 47 si
1458 1463 109 47 sic
1521 1463 109 47 sit
1583 1463 93 47 ex
1629 1463 155 47 natura
1738 1463 109 47 rei
1800 1463 155 47 quando
1893 1463 109 47 tamen

1270 1508 97 50 est
1326 1508 84 50 ex
1368 1508 181 50 voluntate
1507 1508 167 50 alterius
1632 1508 97 50 non
1688 1508 97 50 est
1743 1508 139 50 verum:
1841 1508 97 50 sic
1897 1508 97 50 est
1938 1508 56 50 in

1261 1547 206 58 proposito.
1423 1547 74 58 ⁋
1453 1547 88 58 Ad
1497 1547 132 58 aliud
1585 1547 118 58 quod
1659 1547 132 58 nulla
1747 1547 162 58 illarum
1850 1547 147 58 causarum

1270 1598 101 50 est
1327 1598 202 50 sufficiens
1486 1598 101 50 sed
1544 1598 116 50 ista
1616 1598 116 50 quia
1688 1598 173 50 effectus
1818 1598 101 50 non
1876 1598 101 50 est
1919 1598 87 50 pro-

1270 1632 188 53 ducibilis
1414 1632 116 53 nisi
1486 1632 72 53 a
1515 1632 101 53 deo
1573 1632 116 53 solo
1645 1632 72 53 ⁋
1674 1632 87 53 Ad
1717 1632 130 53 aliud
1804 1632 116 53 dico
1876 1632 116 53 quod
1934 1632 72 53 sa-

1268 1685 193 54 cramenta
1413 1685 129 54 sunt
1493 1685 145 54 causa
1590 1685 113 54 qua
1654 1685 161 54 posita
1767 1685 129 54 deus
1847 1685 129 54 vult
1911 1685 97 54 age-

1247 1723 151 76 re
1322 1723 151 76 et
1398 1723 252 76 aliter
1574 1723 202 76 non.
1701 1723 277 76 Questio
1877 1723 126 76 ii.

1411 1776 278 89 Trum
1585 1776 417 89 cuilibet
1863 1776 139 89 re

1427 1862 207 47 cipienti
1582 1862 224 47 baptismum
1754 1862 241 47 imprimatur
1926 1862 86 47 ca-

1430 1901 149 57 racter.
1539 1901 108 57 Quod
1607 1901 108 57 non:
1675 1901 108 57 quia
1742 1901 81 57 si
1783 1901 95 57 sic
1837 1901 95 57 hoc
1892 1901 95 57 non
1932 1901 68 57 es-

1264 1917 105 79 set
1324 1917 120 79 nisi
1399 1917 165 79 propter
1519 1917 255 79 excellentiam:
1730 1917 120 79 nunc
1805 1917 135 79 autem
1880 1917 120 79 aliqua

1270 1995 216 45 sacrameta
1436 1995 99 45 in
1486 1995 166 45 quibus
1602 1995 116 45 non
1668 1995 232 45 imprimitur
1834 1995 166 45 caracter

1263 2032 124 50 sunt
1341 2032 280 50 excellentiora:
1574 2032 93 50 vt
1621 2032 140 50 patet
1714 2032 93 50 de
1760 2032 233 50 eucharistia
1931 2032 78 50 spe

1271 2080 187 57 cialiter.
1414 2080 144 57 igitur
1515 2080 115 57 etc.
1587 2080 158 57 Secundo
1701 2080 115 57 quia
1773 2080 215 57 circumcisio
1931 2080 72 57 que

1277 2118 97 60 ad
1325 2118 129 60 idem
1406 2118 178 60 valebat
1535 2118 97 60 ad
1583 2118 129 60 quod
1664 2118 129 60 nunc
1745 2118 145 60 valet
1826 2118 178 60 baptismus

1265 2168 110 51 non
1328 2168 204 51 impressit
1485 2168 235 51 caracterem.
1673 2168 157 51 igitur
1783 2168 110 51 nec
1830 2168 172 51 baptismus

1260 2214 145 52 aliter
1362 2214 116 52 enim
1435 2214 87 52 in
1479 2214 204 52 circumciso
1639 2214 87 52 et
1682 2214 116 52 post
1755 2214 189 52 baptisato
1886 2214 116 52 essent

1271 2253 111 62 duo
1335 2253 222 62 caracteres
1509 2253 111 62 aut
1572 2253 174 62 nullus.
1699 2253 79 62 ⁋
1731 2253 95 62 Ad
1778 2253 206 62 oppositum
1921 2253 79 62 est

1278 2301 182 50 damascenus
1421 2301 91 50 qui
1473 2301 130 50 libro.
1564 2301 117 50 iiii.
1642 2301 78 50 c.
1681 2301 65 50 i
1707 2301 117 50 ponit
1785 2301 156 50 sigillum
1902 2301 78 50 in
1928 2301 65 50 di-

1271 2343 188 57 finitione
1415 2343 217 57 sacramenti.
1588 2343 72 57 ⁋
1617 2343 87 57 Ad
1661 2343 188 57 questione
1805 2343 159 57 dicitur
1906 2343 87 57 quod

1273 2385 167 59 oportet
1394 2385 213 59 caracterem
1562 2385 167 59 imprimi
1684 2385 137 59 anime
1775 2385 213 59 cuiuslibet
1927 2385 76 59 re-

1272 2430 189 56 cipientis
1418 2430 204 56 baptismum.
1578 2430 102 56 vbi
1636 2430 131 56 primo
1724 2430 204 56 declaratur
1884 2430 116 56 quod
1942 2430 73 56 est

1273 2478 132 54 forma
1361 2478 176 54 absoluta
1493 2478 88 54 de
1537 2478 147 54 genere
1640 2478 220 54 qualitatis.
1816 2478 161 54 Secundo
1918 2478 88 54 quod

1275 2525 92 48 est
1327 2525 79 48 in
1367 2525 144 48 secunda
1471 2525 131 48 specie
1563 2525 196 48 qualitatis.
1720 2525 131 48 Tertio
1812 2525 105 48 quod
1877 2525 92 48 est
1929 2525 79 48 in
1956 2525 65 48 po-

1267 2561 142 75 tentia
1366 2561 128 75 anime
1452 2561 227 75 intellectiue
1636 2561 85 75 et
1679 2561 100 75 non
1736 2561 85 75 in
1779 2561 185 75 essentia.
1906 2561 100 75 Quar
