2199 3070
226 160 113 87 liter:
305 160 113 87 portet
384 160 91 87 quod
441 160 68 87 in
475 160 136 87 albedine
577 160 79 87 sit
622 160 124 87 aliquid
712 160 68 87 de
746 160 102 87 cuius
803 160 147 87 intellectum

225 232 82 61 non
272 232 82 61 est
319 232 165 61 coloritas.
449 232 82 61 per
496 232 165 61 consequens
626 232 153 61 coloritas
744 232 94 61 erit
803 232 118 61 passio
873 232 71 61 illi

225 272 93 61 vel
278 272 186 61 econuerso:
424 272 106 61 quod
491 272 173 61 manifeste
624 272 133 61 falsum
717 272 93 61 est
770 272 80 61 et
810 272 133 61 contra
890 272 66 61 eos

228 304 58 70 ⁋
252 304 185 70 Confirmatur:
402 304 92 70 quia
459 304 81 70 non
505 304 81 70 est
552 304 104 70 maior
621 304 104 70 ratio
690 304 92 70 quod
748 304 115 70 aliqua
817 304 127 70 distincta

228 352 173 62 formaliter
363 352 74 62 et
400 352 99 62 vnum
462 352 148 62 realiter
573 352 123 62 quorum
660 352 136 62 neutrum
758 352 86 62 est
808 352 74 62 de
833 352 123 62 intelle-

218 407 94 52 ctu
271 407 161 52 alterius
392 407 80 52 se
432 407 147 52 habeant
539 407 121 52 sicut
619 407 174 52 subiectum
753 407 80 52 et
794 407 147 52 passio.
887 407 54 52 ve

226 452 80 54 non
271 452 125 54 faciant
362 452 80 54 per
407 452 68 54 se
442 452 91 54 vnum
498 452 91 54 quam
555 452 102 54 alia:
623 452 80 54 cum
669 452 148 54 equaliter
771 452 182 54 distinguuntur:

228 495 72 50 et
264 495 97 50 ideo
324 495 217 50 rationabiliter
505 495 157 50 loquendo:
626 495 84 50 hoc
674 495 84 50 est
723 495 133 50 ponendu
819 495 72 50 de
843 495 109 50 omnibus

219 540 93 56 vel
272 540 80 56 de
312 540 133 56 nullis
405 540 93 56 sic
458 540 200 56 distinctis.
618 540 67 56 ⁋
645 540 133 56 Contra
738 540 160 56 secundum
845 540 93 56 modum

221 583 114 52 alias
297 583 139 52 patebit
398 583 126 52 quando
487 583 177 52 probabitur
625 583 101 52 quod
689 583 164 52 creatiuum
815 583 114 52 opnis
878 583 63 52 est

225 616 152 65 huiusmodi
342 616 82 65 non
389 616 152 65 important
506 616 152 65 respectum
623 616 152 65 rationis.
739 616 58 65 ⁋
763 616 117 65 Contra
833 616 105 65 tertium

225 662 119 75 primum
308 662 119 75 vietur
391 662 166 75 repugnare.
521 662 142 75 secundo:
628 662 95 75 quia
687 662 107 75 omnis
758 662 154 75 conceptus
865 662 83 75 respe

222 712 128 69 ctiuus
312 712 167 69 neccsario
440 712 154 69 importat
556 712 141 69 aliquem
659 712 167 69 respectu:
787 712 116 69 sicut
851 712 90 69 conce

221 748 104 57 ptus
286 748 168 57 absolutus
415 748 155 57 importat
532 748 142 57 aliquid
635 748 181 57 absolutum:
778 748 104 57 ergo
842 748 78 57 si
868 748 78 57 cre-

212 805 128 49 atiuum
302 805 90 49 est
353 805 166 49 conceptus
481 805 205 49 respectiuus:
647 805 153 49 importat
762 805 166 49 respectum
877 805 64 49 ali

219 849 76 59 quem
267 849 67 59 sed
305 849 67 59 non
344 849 95 59 realem
410 849 115 59 secundum
496 849 76 59 eos:
544 849 76 59 ergo
592 849 124 59 respectum
687 849 124 59 rationis.
783 849 134 59 antecedens
878 849 67 59 patet

214 883 86 67 qui
263 883 74 67 si
300 883 160 67 creatiuum
423 883 111 67 dicit
497 883 160 67 conceptum
620 883 197 67 respectiuum:
781 883 99 67 ergo
842 883 86 67 hec
879 883 62 67 vox

213 927 171 66 creatiuum
344 927 92 66 est
397 927 197 66 respectiua:
555 927 105 66 ergo
621 927 158 66 importat
739 927 145 66 aliquem
831 927 92 66 respe

207 963 103 78 ctum:
275 963 92 78 ergo
333 963 69 78 et
367 963 149 78 conceptus
482 963 57 78 ⁋
505 963 138 78 Preterea
608 963 138 78 probatum
712 963 80 78 est
758 963 115 78 prius:
838 963 92 78 quod
884 963 46 78 de

219 1013 109 66 eadem
292 1013 85 66 rem
340 1013 157 66 simplici:
461 1013 97 66 sine
522 1013 97 66 omni
582 1013 194 66 distinctione
739 1013 85 66 non
788 1013 133 66 possunt
873 1013 48 66 es

202 1064 80 54 duo
247 1064 149 54 conceptus
362 1064 138 54 scilicet
466 1064 195 54 quidditatiuus
626 1064 69 54 et
661 1064 195 54 denominatiuus
810 1064 115 54 importam

210 1105 94 63 tens
269 1105 141 63 praecise
375 1105 106 63 eadem
445 1105 94 63 rem:
504 1105 71 63 et
539 1105 82 63 ita
586 1105 82 63 vna
633 1105 82 63 res
680 1105 94 63 ante
739 1105 106 63 omnem
798 1105 129 63 conceptum

210 1142 161 69 alterius
331 1142 94 69 rei
384 1142 121 69 nullo
465 1142 108 69 modo
532 1142 134 69 potest
626 1142 175 69 exprimere
761 1142 121 69 tales
828 1142 94 69 dupli

201 1192 91 60 ces
253 1192 169 60 conceptus
383 1192 65 60 ⁋
410 1192 104 60 Ideo
475 1192 91 60 ad.
527 1192 78 60 q.
566 1192 104 60 dico
631 1192 104 60 quod
696 1192 130 60 passio
788 1192 130 60 potest
879 1192 78 60 ad

212 1239 92 61 cipi
269 1239 207 61 multiplicitur.
442 1239 81 61 vno
488 1239 92 61 modo
545 1239 81 61 pro
591 1239 115 61 aliqua
672 1239 69 61 re
706 1239 92 61 quae
764 1239 127 61 dicitur
844 1239 92 61 alicui

189 1286 88 60 rei
239 1286 175 60 competere.
376 1286 100 60 Alio
439 1286 100 60 modo
501 1286 163 60 accipitur
626 1286 88 60 pro
676 1286 100 60 illo
739 1286 100 60 quod
789 1286 138 60 praedica-

199 1327 93 60 tur
252 1327 80 60 de
292 1327 133 60 aliquo
384 1327 146 60 secundo
490 1327 106 60 modo
557 1327 146 60 dicendi
663 1327 93 60 per
716 1327 80 60 se
756 1327 66 60 ⁋
782 1327 119 60 Primo
848 1327 80 60 modo

199 1364 98 69 dico
260 1364 98 69 quod
321 1364 122 69 passio
407 1364 208 69 vniuersaliter
578 1364 196 69 distinguitur
737 1364 147 69 realiter
847 1364 61 69 a
859 1364 61 69 sub

199 1408 123 56 iecto:
285 1408 99 56 quia
347 1408 86 56 sic
396 1408 111 56 nihil
470 1408 86 56 est
520 1408 123 56 passio
606 1408 99 56 nisi
668 1408 136 56 aliquod
767 1408 148 56 accidens
865 1408 62 56 vel

192 1457 122 61 aliqua
277 1457 110 61 forma
350 1457 122 61 alicui
436 1457 146 61 inherens
545 1457 146 61 realiter
655 1457 134 61 tamquam
752 1457 158 61 subiecto.
862 1457 61 61 sed

195 1490 97 70 isto
255 1490 97 70 modo
316 1490 84 70 non
364 1490 157 70 accipitur
485 1490 169 70 communiter
617 1490 121 70 passio
702 1490 72 70 in
738 1490 169 70 scientiis.
859 1490 60 70 Se-

200 1543 110 56 cundo
273 1543 98 56 modo
334 1543 98 56 dico
395 1543 98 56 quod
456 1543 208 56 vniuersaliter
627 1543 122 56 passio
712 1543 85 56 non
761 1543 85 56 est
810 1543 98 56 idem
859 1543 61 56 rea

191 1583 97 63 litur
256 1583 75 63 cum
299 1583 140 63 subiecto:
406 1583 86 63 quia
460 1583 118 63 panssio
546 1583 86 63 isto
600 1583 86 63 modo
654 1583 108 63 tamtum
729 1583 75 63 est
772 1583 108 63 quadam
837 1583 86 63 conce-

200 1630 100 58 ptus
263 1630 213 58 praedicabilis
439 1630 75 58 de
476 1630 125 58 aliquo
564 1630 88 58 pro
614 1630 88 58 re:
664 1630 88 58 non
714 1630 88 58 pro
765 1630 88 58 se.
815 1630 75 58 et
840 1630 75 58 vni-

200 1676 152 61 uersaliter
319 1676 141 61 conceptus
428 1676 119 61 numquam
515 1676 76 61 est
558 1676 87 61 idem
612 1676 130 61 realiter
710 1676 76 61 cum
753 1676 87 61 illo
808 1676 98 61 cuius
862 1676 65 61 est.

195 1718 94 52 Quod
254 1718 105 52 autem
324 1718 117 52 passio
406 1718 199 52 praedicabilis
570 1718 129 52 secundo
664 1718 94 52 modo
723 1718 82 52 sit
770 1718 117 52 quadam
840 1718 82 52 conce

202 1760 91 62 ptus
258 1760 113 62 patet.
338 1760 91 62 quia
394 1760 113 62 passio
473 1760 79 62 non
519 1760 113 62 potest
598 1760 91 62 esse
655 1760 79 62 res
700 1760 68 62 ex
734 1760 125 62 animam:
824 1760 79 62 cum
858 1760 57 62 ni-

191 1806 80 61 hil
236 1806 80 61 sit
282 1806 103 61 extra
351 1806 115 61 animam
431 1806 92 61 nisi
488 1806 115 61 tantum
568 1806 80 61 res
614 1806 172 61 singularis:
752 1806 103 61 sicut
820 1806 92 61 post
866 1806 46 61 pa

194 1846 112 59 tebit.
272 1846 79 59 sed
317 1846 79 59 res
362 1846 157 59 singularis
485 1846 101 59 nulla
553 1846 168 59 praedicatur
687 1846 67 59 in
721 1846 90 59 tali
766 1846 157 59 propositione

191 1885 98 72 Uerbi
256 1885 119 72 gratia.
343 1885 65 72 in
375 1885 98 72 ista.
440 1885 98 72 omnis
505 1885 87 72 homo
560 1885 76 72 est
603 1885 141 72 risibilis
711 1885 76 72 non
755 1885 108 72 potest
820 1885 98 72 praedi-

195 1936 99 62 cari
256 1936 87 62 res
306 1936 186 62 singularis:
454 1936 99 62 quia
516 1936 87 62 non
566 1936 87 62 est
615 1936 111 62 maior
689 1936 111 62 ratio
764 1936 74 62 de
801 1936 87 62 vna
838 1936 74 62 quam

188 1972 62 67 de
219 1972 94 67 alia:
281 1972 62 67 et
312 1972 73 67 per
354 1972 146 67 consequens
468 1972 135 67 quaelibet
572 1972 73 67 ibi
614 1972 177 67 praedicaretur
759 1972 83 67 quod
811 1972 73 67 est
843 1972 62 67 mani

195 2016 93 71 feste
257 2016 103 71 falsu.
329 2016 83 71 quia
381 2016 93 71 nihil
443 2016 155 71 praedicatur
567 2016 62 71 in
598 2016 165 71 propositione
732 2016 83 71 nisi
784 2016 83 71 quod
836 2016 72 71 est
867 2016 41 71 co

184 2062 121 65 gnitum
269 2062 73 65 ab
305 2062 133 65 habente
401 2062 218 65 propositionem:
583 2062 85 65 sed
631 2062 85 65 non
679 2062 157 65 quodlibet
788 2062 121 65 risibile

194 2116 160 62 cognoscitur
322 2116 53 62 a
343 2116 96 62 tali:
407 2116 85 62 ergo
461 2116 128 62 praecise
557 2116 160 62 praedicatur
684 2116 138 62 conceptus
791 2116 64 62 et
823 2116 75 62 non
855 2116 53 62 res

206 2145 55 76 ⁋
228 2145 133 76 Preterea
328 2145 133 76 secundum
428 2145 122 76 boctium
517 2145 100 76 libro
583 2145 111 76 periar
661 2145 155 76 propositio
783 2145 100 76 habet
838 2145 67 76 tri-

200 2197 76 61 plex
248 2197 67 61 ess
286 2197 114 61 scilicet
372 2197 57 61 in
400 2197 95 61 mente:
467 2197 57 61 in
496 2197 86 61 voce:
553 2197 57 61 et
581 2197 57 61 in
610 2197 114 61 scripto:
696 2197 76 61 ergo
743 2197 95 61 semper
800 2197 105 61 distincum

195 2240 167 58 proponibus
326 2240 71 58 in
362 2240 95 58 voce
421 2240 226 58 corresponderent
611 2240 155 58 distincte
719 2240 178 58 propositiones

186 2272 61 75 in
216 2272 102 75 mente:
288 2272 82 75 ergo
339 2272 92 75 sicut
401 2272 82 75 iste
452 2272 184 75 propositiones:
605 2272 102 75 sortes
677 2272 72 75 est
718 2272 143 75 risibilis:
820 2272 82 75 pluror

177 2335 78 58 est
222 2335 156 58 risibilis:
344 2335 190 58 distinguuntur
501 2335 67 58 in
534 2335 101 58 voce:
601 2335 78 58 ita
646 2335 257 58 propositionabiliter
858 2335 45 58 in

192 2376 101 54 mente:
263 2376 71 54 sed
303 2376 61 54 in
333 2376 81 54 voce
384 2376 101 54 habent
454 2376 81 54 idem
505 2376 152 54 praedicatum
626 2376 162 54 simpliciter:
758 2376 81 54 ergo
808 2376 61 54 et
838 2376 61 54 in
859 2376 51 54 men

185 2418 88 54 te:
236 2418 88 54 sed
286 2418 113 54 nulla
361 2418 113 54 eadem
437 2418 88 54 res
487 2418 188 54 indistincta
637 2418 188 54 praedicatur
788 2418 75 54 de
813 2418 88 54 sorte

193 2464 66 53 et
226 2464 132 53 platone:
325 2464 88 53 ergo
381 2464 99 53 nulla
447 2464 77 53 res
491 2464 99 53 talis
557 2464 165 53 praedicatur
689 2464 66 53 in
722 2464 99 53 illis
778 2464 121 53 propositi

197 2506 102 60 nibus
265 2506 68 60 in
299 2506 113 60 mente:
378 2506 91 60 ergo
435 2506 147 60 conceptus
548 2506 79 60 qui
594 2506 181 60 praedicatur:
741 2506 68 60 in
775 2506 79 60 vna
809 2506 102 60 verifi-

195 2547 106 83 catur
266 2547 82 83 pro
313 2547 82 83 vna
360 2547 82 83 re:
407 2547 71 83 et
443 2547 71 83 in
478 2547 94 83 alia
537 2547 82 83 pro
584 2547 106 83 alia.
655 2547 59 83 ⁋
678 2547 141 83 Sciendum
784 2547 106 83 tamen
843 2547 71 83 quod

1048 182 125 88 quamuis
1138 182 113 88 passio
1218 182 79 88 non
1263 182 79 88 sit
1309 182 102 88 eadem
1377 182 136 88 realiter
1479 182 79 88 cum
1524 182 148 88 subiecto:
1638 182 68 88 et
1661 182 113 88 secundum

1054 249 95 60 vnam
1113 249 154 60 opinionem
1231 249 142 60 ponentem
1338 249 95 60 quod
1397 249 154 60 conceptus
1515 249 118 60 tantum
1598 249 106 60 habet
1668 249 95 60 esse
1716 249 47 60 ob

1054 287 132 73 iectiuum
1153 287 77 73 non
1197 287 177 73 distinguitur
1341 287 132 73 realiter
1440 287 55 73 a
1462 287 143 73 subiecto:
1572 287 99 73 tamen
1639 287 77 73 non
1672 287 99 73 possunt

1055 336 114 70 aliqua
1134 336 68 70 se
1168 336 114 70 habere
1248 336 102 70 sicut
1317 336 148 70 subiectum
1430 336 68 70 et
1465 336 114 70 passio
1544 336 114 70 realis
1624 336 91 70 nisi
1670 336 102 70 propter

1054 376 207 76 distinctionem
1224 376 122 76 realem
1309 376 122 76 aliquo
1395 376 97 76 modo
1456 376 170 76 importatam
1589 376 85 76 per
1638 376 110 76 illa:
1699 376 73 76 quia

1047 415 156 78 scilicet
1164 415 130 78 passio
1255 415 143 78 quamuis
1359 415 130 78 posset
1449 415 169 78 supponere
1579 415 91 78 pro
1618 415 143 78 subiecto-

1047 470 119 59 tamen
1126 470 132 59 aliquo
1218 470 105 59 modo
1284 470 158 59 importat
1402 470 119 59 aliam
1481 470 92 59 rem
1534 470 66 59 a
1560 470 158 59 subiecto
1666 470 92 59 Uerbi

1049 515 119 66 gratia.
1136 515 119 66 quamuis
1222 515 130 66 risibile
1320 515 130 66 supponat
1417 515 76 66 pro
1461 515 108 66 homine
1537 515 65 66 in
1569 515 87 66 ista
1612 515 152 66 propositione

1040 560 102 62 omnis
1108 560 91 62 homo
1165 560 80 62 est
1210 560 159 62 risibilis.
1335 560 102 62 tamen
1403 560 136 62 importat
1506 560 114 62 aliquo
1585 560 91 62 modo
1642 560 91 62 actu
1687 560 80 62 riden

1037 599 91 67 di.
1089 599 104 67 siue
1154 599 156 67 primario
1272 599 104 67 siue
1337 599 183 67 secundario
1480 599 91 67 non
1532 599 104 67 curo
1598 599 78 67 ad
1624 599 130 67 praesens

1040 649 62 52 et
1071 649 115 52 propter
1154 649 73 52 hoc
1196 649 104 52 potest
1269 649 83 52 vnum
1321 649 83 52 esse
1373 649 104 52 passio
1446 649 135 52 alterius.
1550 649 94 52 Eodem
1612 649 83 52 modo
1664 649 83 52 modo
1706 649 52 52 est

1042 674 126 78 dicedum
1133 674 69 78 de
1167 674 137 78 creatiuo
1270 674 137 78 respectu
1373 674 92 78 dei.
1431 674 69 78 et
1465 674 195 78 vniversaliter
1625 674 69 78 de
1648 674 103 78 omnibus

1036 734 128 64 talibus
1129 734 93 64 quae
1188 734 140 64 secundum
1292 734 93 64 vnam
1351 734 151 64 opinionem
1467 734 140 64 dicuntur
1572 734 151 64 passiones
1677 734 81 64 respe

1034 781 110 52 ctiue
1107 781 73 52 et
1144 781 73 52 de
1181 781 135 52 omnibus
1279 781 159 52 concretis
1401 781 122 52 quibus
1487 781 208 52 correspondent
1646 781 98 52 abstra

1037 823 92 62 cta
1089 823 118 62 alias
1168 823 92 62 res
1221 823 210 62 importantia:
1392 823 118 62 sicut
1471 823 79 62 de
1510 823 132 62 calido
1602 823 79 62 et
1629 823 118 62 frigido

1028 868 62 53 et
1059 868 134 53 huiusmodi
1162 868 124 53 secundum
1255 868 155 53 intentionem
1379 868 155 53 philosophi.
1502 868 52 53 ⁋
1523 868 62 53 Si
1554 868 114 53 dicitur
1636 868 83 53 quod
1678 868 72 53 corru

1031 909 133 63 patibile
1131 909 78 63 est
1175 909 111 63 passio
1252 909 166 63 substantiae
1385 909 155 63 composite:
1507 909 66 63 et
1541 909 100 63 tamen
1607 909 78 63 non
1640 909 111 63 importat

1034 953 102 54 aliam
1102 953 91 54 rem.
1158 953 147 54 Similiter
1271 953 125 54 eternum
1362 953 147 54 infinitum
1475 953 147 54 immortale
1588 953 68 54 et
1611 953 136 54 huiusmodi-

1030 991 100 74 sunt
1093 991 163 74 passiones
1219 991 100 74 dei.
1281 991 63 74 ⁋
1306 991 75 74 Ad
1344 991 125 74 primum
1432 991 138 74 istorum
1532 991 113 74 dico:
1608 991 100 74 quod
1658 991 75 74 cor-

1027 1041 154 55 ruptibile
1145 1041 142 55 importat
1252 1041 106 55 aliam
1323 1041 83 55 re:
1370 1041 95 55 quia
1429 1041 118 55 saltem
1512 1041 118 55 parten
1594 1041 71 55 re
1630 1041 95 55 quae
1677 1041 59 55 est

1028 1074 98 80 alia
1089 1074 61 80 a
1114 1074 98 80 toto
1175 1074 110 80 cuius
1248 1074 86 80 est
1298 1074 98 80 illa
1359 1074 135 80 passio.
1457 1074 98 80 nolo
1518 1074 110 80 tamen
1592 1074 123 80 dicere
1665 1074 74 80 quod

1024 1126 108 60 talis
1096 1126 168 60 distinctio
1228 1126 120 60 partis
1312 1126 72 60 et
1348 1126 120 60 totius
1432 1126 144 60 sufficit
1540 1126 72 60 ad
1576 1126 84 60 hoc
1624 1126 96 60 quod
1672 1126 60 60 vni

1029 1163 77 65 sit
1073 1163 110 65 passio
1150 1163 66 65 et
1183 1163 99 65 aliud
1250 1163 154 65 subiectum:
1371 1163 77 65 sed
1415 1163 88 65 tunc
1470 1163 110 65 quando
1547 1163 99 65 etiam
1603 1163 132 65 importatus

1022 1216 139 67 negatio
1124 1216 114 67 vnius
1199 1216 126 67 partis
1288 1216 76 67 ab
1326 1216 114 67 alia:
1402 1216 89 67 vel
1452 1216 76 67 in
1490 1216 114 67 actu:
1566 1216 89 67 vel
1617 1216 76 67 in
1642 1216 101 67 poten-

1030 1258 76 69 tia
1073 1258 97 69 sicut
1138 1258 97 69 patet
1203 1258 65 69 de
1236 1258 173 69 corruptibili
1377 1258 76 69 per
1420 1258 87 69 quod
1474 1258 152 69 importatur
1593 1258 87 69 quod
1648 1258 76 69 vna
1680 1258 65 69 pars

1033 1295 106 70 potest
1108 1295 64 70 ab
1140 1295 85 70 alia
1193 1295 138 70 separari:
1299 1295 64 70 et
1331 1295 74 70 per
1373 1295 149 70 consequens
1490 1295 117 70 negari.
1575 1295 85 70 tunc
1628 1295 74 70 est
1660 1295 85 70 possi-

1033 1342 88 59 bile
1088 1342 88 59 quod
1142 1342 142 59 conceptus
1252 1342 142 59 importans
1361 1342 98 59 illam
1427 1342 98 59 parte
1492 1342 77 59 sit
1536 1342 109 59 passio
1613 1342 109 59 illius
1678 1342 66 59 quod

1022 1378 153 76 importat
1137 1378 127 76 totum.
1226 1378 64 76 ⁋
1252 1378 76 76 Ad
1290 1378 115 76 aliud
1366 1378 102 76 quod
1430 1378 140 76 eternum
1532 1378 153 76 connotat
1634 1378 102 76 tempus

1016 1423 92 77 quod
1073 1423 138 77 importat
1176 1423 103 77 aliam
1245 1423 80 77 rem
1291 1423 161 77 distinctam
1417 1423 138 77 realiter
1520 1423 57 77 a
1543 1423 92 77 deo.
1600 1423 126 77 quomodo
1681 1423 57 77 aut

1013 1475 78 66 hoc
1057 1475 78 66 sit
1102 1475 179 66 declarabitur
1247 1475 67 66 in
1281 1475 134 66 secundo.
1381 1475 145 66 Similiter
1493 1475 156 66 infinitum.
1604 1475 123 66 immortale

1016 1526 60 61 et
1046 1526 131 61 huiusmodi
1147 1526 80 61 quae
1197 1526 80 61 sunt
1247 1526 131 61 negatiua.
1348 1526 60 61 et
1378 1526 171 61 vniversaliter
1519 1526 91 61 omnis
1579 1526 131 61 conceptus
1670 1526 70 61 nega-

1023 1564 117 65 tiuus
1101 1564 130 65 aliquo
1192 1564 104 65 modo
1257 1564 221 65 distinctionem
1438 1564 117 65 rerum
1516 1564 169 65 importat:
1633 1564 91 65 sicut

1018 1610 130 60 alias
1104 1610 130 60 habet
1191 1610 202 60 declarari.
1349 1610 72 60 ⁋
1378 1610 87 60 Ad
1421 1610 144 60 primum
1522 1610 173 60 alterius
1638 1610 115 60 opini-

1018 1657 97 65 onis.
1083 1657 108 65 quando
1158 1657 119 65 dicitur
1245 1657 86 65 quod
1298 1657 65 65 si
1331 1657 108 65 passio
1406 1657 75 65 non
1449 1657 75 65 sit
1492 1657 86 65 idem
1546 1657 129 65 realiter
1643 1657 75 65 cum
1676 1657 75 65 subie

1008 1681 96 74 cato:
1072 1681 107 74 potest
1147 1681 64 74 ab
1179 1681 64 74 eo
1212 1681 139 74 separari.
1319 1681 139 74 Respondeo
1425 1681 86 74 quod
1479 1681 64 74 si
1511 1681 107 74 passio
1586 1681 86 74 quae
1639 1681 75 74 est
1672 1681 53 74 ali

1024 1737 87 69 qua
1073 1737 87 69 res
1123 1737 125 69 potest
1211 1737 150 69 separari
1323 1737 62 69 a
1348 1737 162 69 subiecto:
1473 1737 75 69 et
1510 1737 100 69 ideo
1572 1737 87 69 non
1610 1737 112 69 necario

1013 1776 101 75 inem
1076 1776 164 75 subiecto:
1202 1776 88 75 sed
1253 1776 101 75 illa
1316 1776 126 75 passio
1404 1776 88 75 non
1454 1776 88 75 est
1504 1776 227 75 demonstrabilis
1681 1776 50 75 de

1011 1817 166 68 subiecto:
1139 1817 77 68 et
1178 1817 102 68 ideo
1242 1817 115 68 nihil
1318 1817 77 68 ad
1357 1817 179 68 propositum
1498 1817 77 68 de
1536 1817 154 68 passione
1638 1817 90 68 illa.

1006 1871 76 67 De
1044 1871 153 67 passione
1159 1871 115 67 autem
1236 1871 153 67 loquendo
1350 1871 140 67 secundo
1452 1871 102 67 modo
1516 1871 127 67 dicta.
1605 1871 102 67 illa
1656 1871 64 67 non

1016 1906 77 79 est
1060 1906 100 79 eadem
1127 1906 133 79 realiter
1226 1906 66 79 et
1259 1906 133 79 secundum
1359 1906 89 79 vnam
1414 1906 144 79 opinionem
1525 1906 77 79 nec
1569 1906 77 79 est
1602 1906 122 79 distincta

1010 1959 142 68 realiter:
1119 1959 87 68 quia
1174 1959 76 68 non
1218 1959 76 68 est
1261 1959 87 68 res.
1316 1959 66 68 et
1349 1959 87 68 illa
1403 1959 76 68 non
1447 1959 175 68 demonstratur
1589 1959 109 68 inesse
1654 1959 66 68 sub-

1006 1994 214 72 iectorealiter:
1185 1994 83 72 sed
1232 1994 119 72 tantum
1316 1994 191 72 demonstratur
1471 1994 167 72 praedicari
1602 1994 71 72 de
1626 1994 95 72 subie-

1013 2042 77 74 cto
1057 2042 77 74 non
1101 2042 77 74 pro
1144 2042 66 74 se
1177 2042 77 74 sed
1221 2042 77 74 pro
1265 2042 77 74 re.
1309 2042 66 74 et
1342 2042 77 74 hoc
1385 2042 77 74 est
1429 2042 142 74 possibile
1539 2042 88 74 siue
1594 2042 110 74 passio
1659 2042 66 74 pri-

1006 2087 71 69 mo
1042 2087 95 69 modo
1101 2087 106 69 dicta
1172 2087 118 69 quando
1255 2087 166 69 importatur
1385 2087 83 69 per
1432 2087 154 69 passionem
1550 2087 130 69 secundo
1633 2087 83 69 dicta

1002 2129 143 60 inhereat
1109 2129 83 60 suo
1157 2129 143 60 subiecto
1264 2129 95 60 siue
1324 2129 95 60 non.
1383 2129 83 60 sed
1431 2129 83 60 hoc
1479 2129 83 60 non
1526 2129 95 60 erit
1586 2129 83 60 per
1622 2129 95 60 propo-

1004 2178 74 69 nem
1047 2178 85 69 pure
1100 2178 64 69 de
1132 2178 138 69 possunti.
1238 2178 74 69 sed
1280 2178 74 69 per
1322 2178 180 69 propositionem
1471 2178 64 69 de
1502 2178 148 69 possibili:
1619 2178 74 69 vel
1651 2178 74 69 equi-

998 2216 129 74 ualentem
1095 2216 172 74 propositioni
1234 2216 64 74 de
1266 2216 150 74 possibili.
1384 2216 64 74 et
1416 2216 75 74 sic
1459 2216 75 74 est
1502 2216 64 74 de
1534 2216 107 74 istis.
1609 2216 97 74 omnis
1663 2216 43 74 ho

993 2268 81 54 est
1040 2268 163 54 risibilis.
1168 2268 93 54 luna
1226 2268 81 54 est
1273 2268 198 54 eclipsabilis.
1436 2268 70 54 et
1471 2268 163 54 huiusmodi:
1599 2268 93 54 quia
1645 2268 70 54 iste

998 2306 162 74 equiualent
1126 2306 116 74 istis:
1206 2306 104 74 omnis
1276 2306 92 74 homo
1334 2306 116 74 potest
1415 2306 127 74 ridere.
1507 2306 92 74 luna
1565 2306 116 74 potest
1634 2306 81 74 ecli-

1005 2351 108 67 psari
1077 2351 96 67 quae
1138 2351 121 67 semper
1222 2351 96 67 vere
1282 2351 96 67 sunt
1342 2351 96 67 siue
1403 2351 84 67 res
1451 2351 96 67 sint
1511 2351 72 67 in
1547 2351 96 67 actu
1608 2351 96 67 siue
1656 2351 48 67 no

1001 2398 69 68 et
1035 2398 91 68 ideo
1092 2398 126 68 concedo
1183 2398 91 68 quod
1241 2398 183 68 quandocumque
1389 2398 114 68 passio
1469 2398 137 68 importat
1572 2398 126 68 aliquam
1652 2398 57 68 rem

993 2439 117 62 natam
1071 2439 156 62 inherere
1187 2439 169 62 subiecto.
1317 2439 104 62 quod
1382 2439 117 62 nulla
1460 2439 181 62 propositio
1602 2439 104 62 pure
1654 2439 52 62 de

994 2480 144 70 inesse
1094 2480 86 70 et
1137 2480 86 70 de
1180 2480 172 70 presenti
1309 2480 100 70 est
1367 2480 215 70 simpliciter
1525 2480 172 70 necessaria

1000 2525 82 67 ⁋
1032 2525 130 67 Tunc
1114 2525 98 67 ad
1163 2525 163 67 formam
1277 2525 196 67 arguendi
1424 2525 163 67 quando
1522 2525 179 67 accipitur

980 2576 109 77 quod
1049 2576 82 77 id
1089 2576 109 77 quod
1158 2576 136 77 scitur
1253 2576 191 77 necessario
1403 2576 136 77 inesse
1498 2576 136 77 alicui
1594 2576 164 77 subiecto
