2259 3093
269 210 147 74 soluta
372 210 117 74 quam
445 210 191 74 respectus
592 210 103 74 non
651 210 117 74 quin
724 210 117 74 ille
797 210 176 74 predicte
915 210 73 74 con

262 270 189 57 ditiones
404 270 173 57 possent
530 270 205 57 competere
687 270 220 57 relationi:
860 270 110 57 sed
907 270 79 57 pre

258 325 122 55 pter
334 325 167 55 aliquas
456 325 183 55 rationes
592 325 137 55 alias
684 325 76 55 a
714 325 213 55 predictis.
866 325 122 55 quarum

261 366 125 61 prima
345 366 98 61 est
400 366 112 61 quod
470 366 153 61 nunquam
582 366 139 61 potest
679 366 125 61 talis
763 366 181 61 respectus
888 366 98 61 nouus

260 409 172 51 acquiri
386 409 125 51 sine
464 409 125 51 motu
542 409 157 51 locali
652 409 110 51 vel
715 409 204 51 mutatione
856 409 141 51 alteri-

263 451 91 53 us
308 451 183 53 extremi.
446 451 198 53 Exemplum.
598 451 91 53 de
644 451 107 53 vbi
705 451 122 53 quod
781 451 107 53 non
842 451 152 53 potest
933 451 61 53 ad

269 494 134 62 quiri
358 494 119 62 sine
433 494 119 62 motu
507 494 149 62 locali
611 494 104 62 vel
671 494 208 62 mutatione:
834 494 104 62 nec
879 494 104 62 respe

278 545 106 51 ctus
344 545 159 51 actionis
464 545 80 51 et
504 545 173 51 passionis
637 545 106 51 sine
703 545 146 51 locali:
809 545 93 51 non
862 545 93 51 sic
902 545 80 51 quod

261 587 155 58 posita
369 587 279 58 approximatione
602 587 217 58 necessario
772 587 186 58 sequatur
896 587 93 58 acto

271 635 124 49 quia
349 635 124 49 deus
427 635 156 49 potest
536 635 218 49 suspendere
707 635 187 49 actionem
847 635 140 49 ignis
925 635 62 49 ap

266 675 190 58 proximati
413 675 102 58 per
471 675 146 58 tempus
573 675 88 58 et
617 675 146 58 postea
719 675 161 58 coagere
836 675 117 58 ipsi
895 675 102 58 igni-

265 719 89 53 et
310 719 118 53 tunc
383 719 133 53 ignis
472 719 118 53 agit
546 719 103 53 qui
605 719 133 53 prius
694 719 103 53 non
753 719 162 53 agebat:
871 719 89 53 et
900 719 89 53 erit

265 761 214 57 respectus
429 761 181 57 actonis
561 761 148 57 nouus
659 761 132 57 sine
741 761 132 57 omni
807 761 181 57 approxima

259 810 148 49 tione
357 810 148 49 noua.
456 810 99 49 et
505 810 115 49 per
571 810 230 49 consequens
752 810 131 49 sine
834 810 131 49 omni
899 810 99 49 motu

262 847 157 57 locali:
376 847 100 57 sed
433 847 171 57 caracter
561 847 143 57 potest
661 847 157 57 imprimi
775 847 86 57 in
818 847 143 57 animam
903 847 86 57 sine

265 895 122 51 omni
341 895 198 51 mutatione
494 895 92 51 in
539 895 137 51 anima
631 895 107 51 vel
692 895 92 51 in
738 895 229 51 sacramentis
905 895 92 51 ter-

268 936 167 55 minata
385 936 100 55 ad
435 936 233 55 caracterem
618 936 100 55 et
668 936 133 55 sine
751 936 133 55 omni
818 936 183 55 mutatione

264 980 151 56 locali
370 980 91 56 et
415 980 121 56 sine
490 980 121 56 omni
566 980 196 56 mutatione
717 980 136 56 noua.
808 980 151 56 igitur
898 980 106 56 vide-

265 1031 102 49 tur
324 1031 117 49 quod
397 1031 102 49 sit
456 1031 161 49 aliquid
573 1031 205 49 absolutum.
734 1031 88 49 Si
778 1031 205 49 propositio
938 1031 88 49 ad

267 1068 151 58 cepta
368 1068 101 58 de
419 1068 202 58 respectu
570 1068 185 58 videtur
704 1068 168 58 habere
805 1068 202 58 instantias

264 1114 180 53 aliquas.
399 1114 105 53 vna
459 1114 105 53 est
519 1114 90 53 de
564 1114 150 53 vnione
670 1114 165 53 materie
790 1114 90 53 et
835 1114 150 53 forme.
925 1114 75 53 nam

274 1157 160 60 materia
391 1157 87 60 et
434 1157 131 60 forma
521 1157 116 60 sunt
594 1157 87 60 in
637 1157 131 60 eodem
724 1157 116 60 situ
797 1157 203 60 existentes
942 1157 58 60 si

270 1203 96 56 ne
318 1203 127 56 omni
398 1203 207 56 mutatione
557 1203 159 56 locali
668 1203 96 56 et
716 1203 127 56 motu
796 1203 159 56 potest
891 1203 112 56 forma

272 1249 116 52 que
339 1249 149 52 prius
438 1249 116 52 non
504 1249 232 52 informabat
686 1249 132 52 modo
769 1249 215 52 informare
918 1249 83 52 per

271 1296 217 57 potentiam
438 1296 201 57 diuinam.
589 1296 184 57 Secundo
723 1296 100 57 de
773 1296 167 57 vnione
873 1296 134 57 nature

268 1339 203 49 assumpte
421 1339 102 49 ad
471 1339 170 49 verbum
590 1339 119 49 que
658 1339 136 49 sine
743 1339 170 49 aliqua
844 1339 153 49 mutatio

281 1377 85 61 ne
323 1377 113 61 alia
394 1377 99 61 vel
450 1377 85 61 in
492 1377 113 61 situ
563 1377 99 61 vel
619 1377 85 61 in
662 1377 141 61 aliquo
760 1377 113 61 alio
831 1377 141 61 potest
915 1377 85 61 esse

266 1433 145 50 prius
362 1433 113 50 non
427 1433 145 50 vnita
523 1433 97 50 et
572 1433 129 50 post
652 1433 161 50 vnita.
765 1433 129 50 ergo
829 1433 177 50 respectus

273 1473 144 49 nouus
369 1473 160 49 potest
481 1473 176 49 acquiri
609 1473 128 49 sine
689 1473 128 49 omni
769 1473 208 49 mutatione
913 1473 96 49 alte

268 1511 122 58 rius
344 1511 183 58 extremi.
482 1511 107 58 Sed
543 1511 137 58 licet
634 1511 214 58 propositio
802 1511 183 58 predicta
925 1511 76 58 ha-

276 1559 123 52 beat
352 1559 154 52 plures
460 1559 215 52 instantias
629 1559 154 52 tales:
736 1559 123 52 quia
813 1559 138 52 tamen
905 1559 92 52 in
936 1559 77 52 ca-

263 1597 176 61 ractere
391 1597 112 61 non
455 1597 160 61 habent
566 1597 128 61 ille
646 1597 207 61 instantie
806 1597 160 61 locum.
901 1597 96 61 ideo

269 1650 225 51 propositio
446 1650 257 51 videturratio
655 1650 193 51 efficax.
800 1650 193 51 Preterea
929 1650 80 51 que

276 1693 141 52 libet
370 1693 172 52 relatio
496 1693 188 52 actualis
637 1693 157 52 realis
747 1693 141 52 habet
841 1693 110 52 duo
888 1693 125 52 extre-

270 1728 87 58 ma
314 1728 87 58 in
358 1728 131 58 actu.
445 1728 146 58 quaero
547 1728 146 58 igitur
649 1728 102 58 que
707 1728 116 58 sunt
780 1728 160 58 extrema
882 1728 116 58 istius

272 1785 186 49 respectus
415 1785 100 49 non
472 1785 143 49 potest
572 1785 114 49 dari
643 1785 114 49 nisi
714 1785 129 49 anima
800 1785 200 49 rationalis
943 1785 57 49 et

271 1818 115 50 deus
342 1818 101 50 vel
400 1818 158 50 aliquod
515 1818 172 50 accidens
644 1818 187 50 absolutum
788 1818 86 50 in
831 1818 144 50 anima:
917 1818 86 50 quia

283 1867 124 53 anima
366 1867 192 53 rationalis
517 1867 96 53 per
572 1867 96 53 hoc
626 1867 110 53 quod
695 1867 151 53 recipit
805 1867 178 53 caractere
928 1867 69 53 noe

277 1916 135 47 habet
367 1916 195 47 respectum
517 1916 135 47 nouum
607 1916 135 47 extra
697 1916 90 47 se
742 1916 90 47 ad
787 1916 165 47 aliquod
892 1916 105 47 corpe

283 1962 111 44 rale
353 1962 97 44 vel
408 1962 195 44 spirituale
561 1962 195 44 manifestum
714 1962 97 44 est
770 1962 111 44 quod
839 1962 153 44 excepto
936 1962 70 44 deo

284 1999 108 53 non
345 1999 154 53 potest
453 1999 123 53 poni
530 1999 170 53 alterum
654 1999 185 53 extremum
792 1999 123 53 esse
854 1999 154 53 accidens

283 2044 190 52 absolutum
430 2044 88 52 in
474 2044 146 52 anima:
576 2044 117 52 quia
649 2044 132 52 illud
737 2044 88 52 si
781 2044 190 52 poneretur
913 2044 102 52 maxi-

276 2084 92 54 me
322 2084 138 54 esset
414 2084 169 54 gratia:
536 2084 107 54 sed
598 2084 107 54 hoc
659 2084 123 54 non.
736 2084 199 54 probatur:
889 2084 123 54 quia
951 2084 61 54 ca

278 2135 142 48 racter
377 2135 142 48 potest
476 2135 113 48 esse
547 2135 113 48 sine
618 2135 142 48 gratia
717 2135 127 48 sicut
802 2135 127 48 patet
887 2135 99 48 per
929 2135 85 48 pre-

282 2183 158 50 dictam
393 2183 236 50 decretalem.
582 2183 110 50 nec
645 2183 126 50 deus
723 2183 158 50 potest
834 2183 126 50 esse
897 2183 110 50 alter

279 2215 106 57 rum
339 2215 197 57 extremum:
491 2215 121 57 quia
567 2215 106 57 non
627 2215 167 57 videtur
748 2215 121 57 quod
824 2215 121 57 sint
885 2215 121 57 plures

276 2262 207 51 respectus
435 2262 191 51 creature
578 2262 95 51 ad
626 2262 127 51 deum
705 2262 127 51 quam
785 2262 207 51 respectus
928 2262 79 51 cau

281 2308 202 52 salitatis
437 2308 93 52 in
484 2308 202 52 quocumque
639 2308 155 52 genere
748 2308 187 52 respectu
872 2308 140 52 vnionis

283 2360 217 47 spiritualis
456 2360 145 47 quorum
557 2360 145 47 nullus
659 2360 159 47 ponitur
774 2360 188 47 caracter.
919 2360 101 47 ig:
963 2360 43 47 i

289 2400 244 47 conuenientius
490 2400 144 47 potest
590 2400 115 47 dici
662 2400 115 47 quod
734 2400 86 47 si
777 2400 158 47 aliquid
892 2400 115 47 tale
949 2400 72 47 im-

297 2439 162 63 primatur
418 2439 108 63 quod
486 2439 95 63 sit
540 2439 176 63 absolutum
675 2439 108 63 quam
742 2439 203 63 respectiuum
918 2439 95 63 Quant

289 2487 85 56 to
331 2487 113 56 dico
402 2487 113 56 quod
473 2487 85 56 si
516 2487 170 56 potentie
643 2487 128 56 anime
728 2487 99 56 non
785 2487 227 56 distinguntur
955 2487 57 56 ab

283 2529 125 55 anima
367 2529 98 55 nec
422 2529 125 55 inter
506 2529 84 55 se
548 2529 112 55 quod
618 2529 112 55 tunc
687 2529 167 55 caracter
813 2529 153 55 ponitur
924 2529 84 55 in
952 2529 70 55 es-

286 2571 151 63 sentia
391 2571 211 63 subiectiue
557 2571 90 63 et
602 2571 105 63 non
663 2571 90 63 in
708 2571 196 63 potentia:
858 2571 121 63 quia
919 2571 105 63 intel

286 2620 140 63 lectus
384 2620 84 63 et
426 2620 168 63 voluntas
552 2620 98 63 non
608 2620 182 63 differunt
747 2620 168 63 secundum
873 2620 126 63 istam
943 2620 84 63 viam

1078 211 119 75 nisi
1152 211 119 75 quia
1227 211 223 75 intellectus
1405 211 178 75 connotat
1538 211 134 75 actum
1612 211 193 75 intelligen-

1082 274 93 50 di
1129 274 93 50 et
1176 274 187 50 voluutas
1316 274 187 50 connotat
1456 274 140 50 actum
1549 274 187 50 volendi.
1689 274 109 50 sed
1736 274 78 50 es-

1082 319 140 52 sentia
1180 319 126 52 anime
1264 319 98 52 non
1320 319 168 52 connotat
1446 319 154 52 aliquem
1558 319 140 52 actum:
1656 319 84 52 et
1698 319 112 52 ideo
1754 319 56 52 si

1083 362 178 49 caracter
1216 362 133 49 esset
1305 362 89 49 in
1349 362 207 49 intellectu
1512 362 163 49 propter
1616 362 192 49 intellectio

1081 405 101 50 nem
1138 405 116 50 quam
1211 405 188 50 connotat.
1356 405 101 50 hoc
1414 405 145 50 esset:
1515 405 116 50 quia
1588 405 130 50 esset
1660 405 145 50 principi

1086 453 90 45 um
1131 453 135 45 actus
1221 453 255 45 intelligendi.
1431 453 120 45 quod
1505 453 105 45 non
1565 453 105 45 est
1625 453 150 45 verum:
1715 453 90 45 quia

1081 496 131 49 credo
1169 496 116 49 quod
1241 496 145 49 nullus
1343 496 131 49 actus
1430 496 102 49 est
1488 496 203 49 principium
1648 496 102 49 nec
1706 496 87 49 ad
1735 496 73 49 ali

1082 538 111 51 quem
1151 538 125 51 actum
1235 538 180 51 inclinat.
1373 538 83 51 et
1415 538 111 51 ideo
1484 538 139 51 melius
1581 538 153 51 dicitur
1678 538 139 51 secundum

1082 583 123 45 istam
1164 583 110 45 viam
1233 583 110 45 quod
1301 583 96 45 est
1356 583 82 45 in
1397 583 164 45 essentia
1520 583 123 45 anime
1603 583 192 45 subiectiue
1740 583 68 45 que

1083 624 157 58 nullum
1193 624 142 58 actum
1288 624 189 58 connotat
1430 624 126 58 quam
1508 624 94 58 in
1555 624 189 58 potentia
1697 624 110 58 que
1744 624 79 58 con

1083 672 132 45 notat
1171 672 132 45 actum
1259 672 88 45 et
1303 672 117 45 tunc
1377 672 132 45 esset
1465 672 161 45 simile.
1582 672 88 45 de
1626 672 117 45 illo
1685 672 132 45 caracte

1081 714 84 49 re
1123 714 84 49 et
1165 714 140 49 habitu
1263 714 183 49 religiosi
1404 714 98 49 per
1460 714 112 49 quem
1530 714 225 49 distinguitur
1713 714 70 49 a
1727 714 84 49 com-

1086 763 130 48 muni
1167 763 163 48 populo
1281 763 98 48 et
1330 763 212 48 alligatur
1493 763 98 48 ad
1542 763 163 48 certas
1640 763 179 48 obseruan-

1085 804 130 48 tias
1166 804 114 48 qui
1231 804 146 48 tamen
1329 804 179 48 habitus
1459 804 114 48 non
1524 804 114 48 est
1589 804 228 48 principium
1752 804 65 48 cu

1080 847 205 47 iuscumque
1238 847 158 47 actus:
1349 847 126 47 quia
1428 847 95 47 ad
1475 847 158 47 nullum
1586 847 142 47 actum
1665 847 158 47 inclinat

1085 894 109 49 sic
1148 894 93 49 in
1194 894 202 49 proposito
1350 894 187 49 caracter
1490 894 109 49 est
1552 894 156 49 signum
1646 894 171 49 obligato-

1087 937 122 45 rium
1163 937 137 45 anime
1254 937 91 45 ad
1300 937 122 45 deum
1376 937 137 45 quale
1467 937 152 45 signum
1574 937 91 45 et
1604 937 213 45 obligationem

1077 988 106 44 non
1137 988 151 44 habent
1243 988 121 44 alie
1319 988 151 44 anime.
1424 988 91 44 si
1470 988 136 44 tamen
1560 988 181 44 potentie
1681 988 136 44 distin-

1087 1025 197 49 guerentur
1238 1025 182 49 realiter
1375 1025 136 49 sicut
1466 1025 136 49 dicit
1556 1025 136 49 alius
1647 1025 167 49 opinans
1753 1025 61 49 ad

1082 1068 110 53 huc
1145 1068 268 53 conuenientius
1366 1068 205 53 poneretur
1524 1068 189 53 caracter
1665 1068 95 53 in
1697 1068 126 53 volun-

1090 1114 112 49 tate
1160 1114 112 49 quam
1230 1114 84 49 in
1272 1114 209 49 intellectu.
1439 1114 126 49 Cuius
1523 1114 126 49 ratio
1607 1114 112 49 est:
1676 1114 112 49 quia
1732 1114 84 49 cara

1086 1158 123 44 cter
1163 1158 154 44 maxime
1271 1158 170 44 ponitur
1394 1158 93 44 in
1440 1158 123 44 illo
1517 1158 123 44 quod
1595 1158 108 44 est
1641 1158 185 44 principium

1085 1197 186 48 merendi
1220 1197 220 48 huiusmodi
1389 1197 152 48 autem
1491 1197 118 48 est
1558 1197 203 48 voluntas
1711 1197 118 48 non
1761 1197 68 48 in

1082 1242 167 52 tellectus
1211 1242 155 52 secundum
1327 1242 116 52 istam
1404 1242 116 52 viam.
1481 1242 129 52 igitur
1571 1242 103 52 etc.
1636 1242 77 52 Et
1674 1242 116 52 etiam
1739 1242 77 52 tunc

1086 1294 177 44 voluntas
1219 1294 133 44 esset
1308 1294 177 44 potentia
1441 1294 177 44 nobilior
1574 1294 118 44 quam
1633 1294 192 44 intellectus

1085 1329 96 50 et
1133 1329 112 50 per
1197 1329 223 50 consequens
1372 1329 128 50 tunc
1452 1329 271 50 conuenientius
1675 1329 112 50 est
1723 1329 112 50 pone-

1082 1376 94 47 re
1129 1376 219 47 caracterem
1302 1376 94 47 in
1349 1376 204 47 voluntate
1506 1376 125 47 quam
1584 1376 94 47 in
1615 1376 204 47 intellectu.

1122 1421 151 49 Quinto
1228 1421 121 49 dico
1304 1421 121 49 quod
1380 1421 182 49 caracter
1516 1421 258 49 conuenientius
1713 1421 106 49 debui

1102 1465 138 54 prioni
1199 1465 83 54 in
1240 1465 124 54 prima
1323 1465 96 54 vel
1378 1465 83 54 in
1419 1465 138 54 tertia
1515 1465 138 54 specie
1612 1465 193 54 qualitatis
1749 1465 83 54 quam

1086 1505 88 58 in
1130 1505 176 58 secunda:
1262 1505 117 58 quia
1336 1505 176 58 potentia
1468 1505 191 58 naturalis
1614 1505 103 58 que
1673 1505 103 58 est
1731 1505 88 58 in
1761 1505 73 58 se-

1098 1549 138 55 cunda
1190 1549 154 55 specie
1297 1549 169 55 dicitur
1420 1549 92 55 in
1466 1549 184 55 respectu
1605 1549 92 55 ad
1651 1549 138 55 actum
1727 1549 108 55 acti-

1101 1595 94 49 ue
1148 1595 109 49 vel
1211 1595 171 49 passiue
1335 1595 156 49 quorum
1444 1595 171 49 neutrum
1569 1595 187 49 conuenit
1694 1595 140 49 caracte

1092 1647 105 39 ri.
1152 1647 105 39 non
1212 1647 120 39 enim
1287 1647 165 39 dicitur
1407 1647 180 39 caracter
1543 1647 180 39 potentia
1663 1647 165 39 naturalis

1100 1682 149 57 actiua
1205 1682 179 57 respectu
1339 1682 149 57 actuum
1443 1682 224 57 naturalium:
1622 1682 119 57 quia
1697 1682 90 57 ad
1727 1682 104 57 omnes

1100 1733 148 51 actus
1198 1733 214 51 naturales
1363 1733 231 51 sufficiunt
1544 1733 181 51 habitus
1660 1733 181 51 naturales

1099 1773 91 43 et
1144 1773 166 43 infusi.
1265 1773 106 43 nec
1325 1773 106 43 est
1386 1773 181 43 potentia
1521 1773 196 43 naturalis
1672 1773 151 43 actiua
1763 1773 75 43 re-

1101 1817 152 50 spectu
1207 1817 152 50 actuum
1314 1817 305 50 supernaturalium:
1573 1817 122 50 quia
1649 1817 137 50 tales
1725 1817 107 50 actus

1095 1860 125 46 sunt
1173 1860 203 46 immediate
1330 1860 78 46 a
1361 1860 125 46 deo.
1439 1860 109 46 nec
1501 1860 156 46 potest
1610 1860 125 46 esse
1673 1860 156 46 potentia

1102 1903 157 56 passiua
1216 1903 114 56 quia
1287 1903 128 56 anima
1373 1903 200 56 rationalis
1530 1903 100 56 est
1587 1903 171 56 passiuum
1701 1903 128 56 suffici

1101 1956 102 46 ens
1160 1956 175 46 respectu
1291 1956 146 46 omnium
1394 1956 161 46 actuum.
1511 1956 132 46 Sexto
1598 1956 117 46 dico
1671 1956 117 46 quod
1730 1956 102 46 cara-

1106 1993 105 50 cter
1172 1993 92 50 non
1224 1993 92 50 est
1277 1993 198 50 simpliciter
1435 1993 211 50 indelebilis:
1606 1993 105 50 quia
1672 1993 92 50 aut
1725 1993 92 50 est
1764 1993 66 50 ali

1107 2037 122 52 quid
1183 2037 199 52 absolutum
1336 2037 107 52 aut
1397 2037 245 52 respectiuum.
1596 2037 92 52 si
1642 2037 107 52 est
1687 2037 138 52 aliquio

1108 2082 197 49 absolutum
1259 2082 91 49 et
1305 2082 106 49 est
1365 2082 197 49 posterius
1517 2082 182 49 subiecto
1653 2082 151 49 potest
1744 2082 91 49 deus

1097 2130 190 47 separare
1240 2130 206 47 subiectum
1398 2130 95 47 ab
1446 2130 127 47 illo
1525 2130 206 47 accidente
1668 2130 158 47 absoluto

1092 2170 90 52 et
1137 2170 226 52 conseruare.
1318 2170 105 52 hoc
1378 2170 150 52 patet:
1483 2170 120 52 quia
1558 2170 120 52 deus
1633 2170 150 52 potest
1724 2170 105 52 face-

1097 2213 93 48 re
1144 2213 202 48 subiectum
1300 2213 124 48 sine
1377 2213 202 48 caractere
1533 2213 155 48 certum
1641 2213 124 48 est.
1704 2213 124 48 igitur

1097 2256 161 57 potest
1210 2256 225 57 caracterem
1387 2256 209 57 impressum
1547 2256 209 57 destruere
1708 2256 97 57 et
1740 2256 97 57 sub-

1103 2304 163 50 iectum
1217 2304 244 50 conseruare.
1412 2304 98 50 ex
1460 2304 114 50 quo
1525 2304 163 50 nullam
1623 2304 211 50 contradicti

1105 2344 120 50 onem
1180 2344 195 50 implicat.
1330 2344 90 50 si
1375 2344 105 50 sit
1435 2344 195 50 respectus
1586 2344 135 50 adhuc
1676 2344 150 50 potest
1766 2344 75 50 de-

1105 2394 130 44 leri:
1191 2394 116 44 quia
1263 2394 130 44 nulla
1350 2394 159 44 relatio
1466 2394 188 44 distincta
1610 2394 173 44 realiter
1740 2394 72 44 a
1754 2394 87 44 cre-

1106 2435 118 49 atura
1185 2435 92 49 est
1237 2435 197 49 simpliciter
1395 2435 197 49 indelebilis
1552 2435 79 49 ab
1592 2435 79 49 ea
1631 2435 105 49 nisi
1697 2435 105 49 illa
1749 2435 79 49 quae

1107 2478 103 52 est
1166 2478 177 52 creature
1299 2478 89 52 ad
1343 2478 118 52 deum
1417 2478 89 52 in
1461 2478 162 52 ratione
1579 2478 133 52 cause
1668 2478 89 52 si
1712 2478 118 52 ipse
1771 2478 74 52 sit

1100 2521 201 62 indebilis.
1258 2521 144 62 igitur
1358 2521 115 62 etc.
1430 2521 158 62 Septimo
1545 2521 115 62 dico
1617 2521 115 62 quod
1688 2521 115 62 iste
1746 2521 86 62 con-

1110 2567 160 51 ditiones
1230 2567 213 51 attribuuntur
1403 2567 187 51 caracteri:
1550 2567 93 51 ita
1603 2567 160 51 scilicet
1723 2567 107 51 quod
1776 2567 67 51 est

1104 2618 278 58 significatiuum
1336 2618 155 58 gratie
1444 2618 247 58 dispositiuum
1645 2618 186 58 rationis
1769 2618 77 58 me
