2214 3083
405 206 205 67 moratiuum
563 206 253 67 distinctiuum
769 206 284 67 configuratiuum
1006 206 95 67 et
1037 206 95 67 obli

414 275 199 52 gatiuum
559 275 91 52 â‹
595 275 199 52 Quantum
740 275 109 52 ad
794 275 181 52 primam
903 275 235 52 conditionem

418 321 117 46 dico
492 321 117 46 quod
565 321 103 46 est
623 321 264 46 significatiuum
843 321 146 46 gratie
946 321 103 46 non
1004 321 88 46 ex
1033 321 103 46 natu-

406 353 85 53 ra
448 353 100 53 rei
505 353 85 53 et
548 353 228 53 naturaliter:
733 353 100 53 sed
790 353 85 53 ex
833 353 228 53 institutione
1004 353 128 53 diuina.

412 400 112 58 quia
482 400 98 58 sic
538 400 181 58 ordinauit
677 400 112 58 quod
747 400 195 58 baptisatus
901 400 84 58 ad
943 400 98 58 hoc
998 400 112 58 quod
1054 400 84 58 reci

409 453 107 45 pit
470 453 169 45 gratiam
593 453 138 45 prius
685 453 153 45 aliquo
792 453 123 45 modo
869 453 169 45 recipit
977 453 153 45 caracte-

410 489 113 49 rem.
481 489 85 49 et
523 489 142 49 posito
623 489 113 49 tali
693 489 184 49 caractere
835 489 170 49 recipiat
963 489 156 49 gratiam
1062 489 71 49 ni-

410 528 83 57 si
452 528 125 57 ponat
535 528 153 57 obicem.
646 528 97 57 Est
702 528 125 57 etiam
785 528 222 57 dispositiuum
965 528 153 57 tanquam
1063 528 69 57 cau

407 578 84 45 sa
449 578 112 45 sine
519 578 98 45 qua
574 578 112 45 non.
644 578 84 45 et
686 578 98 45 hoc
742 578 125 45 solum
825 578 84 45 ex
867 578 209 45 veroluntate
1034 578 98 45 et.
1076 578 56 45 or

406 621 188 46 dinatione
550 621 145 46 diuina
652 621 87 46 et
695 621 101 46 non
753 621 87 46 ex
796 621 145 46 natura
897 621 116 46 rei:
970 621 116 46 quia
1028 621 101 46 licet

404 662 95 53 in
452 662 236 53 naturalibus
641 662 110 53 non
704 662 173 53 ponatur
830 662 142 53 causa
924 662 126 53 sine
1003 662 110 53 qua
1050 662 79 53 non

400 704 146 55 tamen
497 704 98 55 in
546 704 244 55 voluntariis
741 704 163 55 potest
855 704 130 55 poni
937 704 146 55 sicut
1018 704 114 55 prius

402 753 146 52 dictum
504 753 116 52 est.
577 753 87 52 et
621 753 116 52 ideo
693 753 175 52 caracter
824 753 146 52 potest
926 753 116 52 esse
999 753 116 52 tale
1057 753 73 52 si-

402 792 121 58 gnum
478 792 242 58 dispositiuum
675 792 121 58 sine
750 792 106 58 quo
811 792 121 58 deus
887 792 106 58 non
947 792 121 58 vult
1008 792 121 58 infun-

401 848 132 46 dere
483 848 198 46 gratiam.
631 848 115 46 Est
697 848 148 46 etiam
796 848 280 46 rememoratiuum
1027 848 99 46 et
1060 848 66 46 re

410 884 223 46 cordatiuum
585 884 191 46 suscepti
728 884 239 46 sacramenti.
919 884 143 46 tamen
1015 884 95 46 ex
1046 884 80 46 or-

404 931 211 44 dinatione
566 931 162 44 diuina
679 931 97 44 in
728 931 211 44 voluntate
890 931 113 44 que
955 931 130 44 vult
1020 931 113 44 cara-

402 969 156 53 cterem
512 969 109 53 sic
574 969 156 53 ducere
683 969 94 53 in
730 969 187 53 noticiam
871 969 219 53 sacramenti
1027 969 109 53 susce

421 1015 122 51 parti
503 1015 82 51 et
544 1015 95 51 non
598 1015 95 51 est
653 1015 109 51 tale
721 1015 136 51 signum
816 1015 82 51 ex
856 1015 136 51 natura
952 1015 109 51 rei.
1020 1015 95 51 Est
1060 1015 82 51 simi

404 1058 128 49 liter
489 1058 142 49 signum
589 1058 242 49 distinctiuum.
788 1058 85 49 et
831 1058 100 49 hoc
888 1058 171 49 competit
1016 1058 114 49 sibi
1073 1058 57 49 na

412 1101 189 57 turaliter
558 1101 131 57 sicut
645 1101 174 57 cuilibet
776 1101 145 57 alteri
877 1101 145 57 forme.
979 1101 102 57 Est
1023 1101 116 57 nihilo

399 1145 133 52 minus
488 1145 266 52 assimilatiuum.
710 1145 89 52 et
754 1145 104 52 hoc
813 1145 237 52 naturaliter:
1006 1145 118 52 quia
1065 1145 74 52 non

402 1189 193 60 assimilat
551 1189 119 60 nisi
625 1189 134 60 sicut
714 1189 119 60 alie
788 1189 119 60 res.
863 1189 104 60 Est
922 1189 149 60 tandem
1011 1189 119 60 signum

406 1233 212 53 obligatiuum
575 1233 127 53 sicut
660 1233 155 53 habitus
773 1233 85 53 in
815 1233 113 53 viro
886 1233 184 53 religioso
1027 1233 85 53 et
1055 1233 71 53 hoc

408 1281 134 51 solum
497 1281 134 51 habet
586 1281 89 51 ex
631 1281 237 51 institutione
824 1281 148 51 diuina
927 1281 89 51 et
972 1281 104 51 non
1031 1281 89 51 ex
1061 1281 74 51 na-

402 1323 124 61 tura
480 1323 124 61 rei.
558 1323 78 61 â‹
589 1323 109 61 Sed
651 1323 155 61 contra
760 1323 187 61 predicta
900 1323 124 61 sunt
978 1323 155 61 aliqua
1071 1323 62 61 du

411 1369 122 45 bia.
487 1369 76 45 â‹
518 1369 153 45 Primum
625 1369 107 45 est
686 1369 138 45 vtrum
778 1369 168 45 aliquis
900 1369 168 45 adultus
1007 1369 122 45 recipi

406 1412 87 45 at
449 1412 188 45 baptismum
593 1412 87 45 si
637 1412 101 45 nec
694 1412 202 45 dissentiat
853 1412 101 45 nec
911 1412 217 45 consentiat.
1070 1412 72 45 vi-

409 1454 130 56 detur
495 1454 116 56 quod
568 1454 116 56 sic:
640 1454 116 56 quia
712 1454 174 56 paruulus
843 1454 101 56 nec
900 1454 217 56 dissentiens
1060 1454 72 56 nec

392 1506 240 41 consentiens
584 1506 176 41 recipit
712 1506 224 41 baptismum.
889 1506 160 41 igitur
985 1506 144 41 adultus

412 1544 235 50 consequentia
604 1544 147 50 patet:
706 1544 118 50 quia
780 1544 162 50 adultus
898 1544 103 50 non
956 1544 103 50 est
1001 1544 132 50 peioris

414 1587 203 48 conditionis
576 1587 108 48 quam
643 1587 176 48 paruulus.
778 1587 135 48 igitur
873 1587 108 48 etc.
940 1587 68 48 â‹
967 1587 149 48 Secudum
1062 1587 68 48 est

409 1631 88 44 de
453 1631 205 44 caractere:
614 1631 117 44 quia
688 1631 103 44 non
746 1631 161 44 videtur
864 1631 117 44 quod
937 1631 103 44 sit
995 1631 132 44 forma
1069 1631 73 44 ab-

410 1673 115 52 soluta:
493 1673 84 52 quia
546 1673 126 52 secundum
640 1673 157 52 philosophum
765 1673 115 52 secundo
849 1673 136 52 ethieorum
954 1673 63 52 et
985 1673 94 52 alibi
1048 1673 63 52 in
1069 1673 73 52 anima

407 1721 115 51 sunt
479 1721 144 51 tantum
580 1721 187 51 quattuor:
724 1721 173 51 scilicet
854 1721 173 51 potentia
983 1721 87 51 et
1012 1721 130 51 habitus

413 1760 120 58 actus
493 1760 80 58 et
533 1760 147 58 passio.
639 1760 93 58 sed
692 1760 160 58 caracter
812 1760 93 58 non
866 1760 93 58 est
919 1760 147 58 aliquod
1012 1760 120 58 illorum

407 1810 146 50 patet
504 1810 114 50 per
569 1810 211 50 predicta.
732 1810 195 50 Preterea
878 1810 114 50 res
943 1810 195 50 absoluta
1073 1810 65 50 po

405 1854 136 50 nitur
496 1854 167 50 propter
617 1854 242 50 operationem:
814 1854 106 50 sed
874 1854 182 50 caracter
1011 1854 106 50 non
1056 1854 76 50 per

419 1892 79 54 te
458 1892 131 54 igitur
550 1892 65 54 â‹
576 1892 144 54 Tertium
681 1892 105 54 est.
746 1892 105 54 quia
812 1892 92 54 non
864 1892 144 54 videtur
969 1892 105 54 quod
1021 1892 105 54 aliqua

405 1944 169 41 qualitas
532 1944 99 41 sit
588 1944 85 41 in
631 1944 141 41 tertia
730 1944 141 41 specie
828 1944 212 41 qualitatis:
998 1944 113 41 nisi
1054 1944 85 41 tam-

409 1979 99 45 tum
466 1979 213 45 sensibilis:
636 1979 114 45 quia
707 1979 128 45 sicut
792 1979 114 45 omne
863 1979 199 45 spirituale
1019 1979 99 45 est
1062 1979 71 45 in-

412 2022 217 50 telligibile
585 2022 87 50 ab
629 2022 217 50 intellectu:
802 2022 101 50 ita
860 2022 116 50 omne
932 2022 188 50 corporale
1063 2022 72 50 est

418 2061 180 61 ensibile
553 2061 75 61 a
583 2061 135 61 sensu
673 2061 75 61 â‹
703 2061 165 61 Quartum
823 2061 105 61 est
883 2061 135 61 vtrum
973 2061 120 61 isti
1033 2061 105 61 cara-

405 2113 146 48 cteres
508 2113 175 48 impressi
639 2113 88 48 in
683 2113 175 48 diuersis
815 2113 219 48 sacramentis
990 2113 117 48 sunt
1048 2113 88 48 eius

415 2157 99 45 dem
472 2157 156 45 speciei
585 2157 99 45 vel
642 2157 185 45 alterius.
784 2157 71 45 â‹
812 2157 85 45 Ad
855 2157 142 45 primum
954 2157 156 45 istorum
1054 2157 85 45 dico

415 2201 106 54 quod
481 2201 80 54 de
521 2201 186 54 intentione
667 2201 173 54 eclilaiae
800 2201 146 54 raomane
907 2201 80 54 et
947 2201 80 54 de
987 2201 120 54 mente
1053 2201 80 54 san-

407 2239 135 54 ctorum
501 2239 94 54 est
555 2239 108 54 quod
622 2239 81 54 in
663 2239 135 54 adulto
757 2239 189 54 requiritur
906 2239 162 54 assensus
1027 2239 81 54 de
1054 2239 81 54 pre-

409 2287 133 47 senti
498 2287 103 47 vel
557 2287 89 47 de
601 2287 192 47 preterito
749 2287 133 47 sicut
838 2287 133 47 patet
926 2287 89 47 in
971 2287 118 47 illa
1030 2287 118 47 decre-

411 2333 119 52 tali
485 2333 134 52 extra
574 2333 89 52 de
619 2333 178 52 baptismo
752 2333 89 52 et
797 2333 119 52 eius
871 2333 178 52 effectu.
990 2333 148 52 maiores.

412 2378 99 48 vbi
468 2378 127 48 dicit
553 2378 113 48 quod
624 2378 255 48 contradicentes
836 2378 85 48 et
878 2378 240 48 dissentientes
1062 2378 71 48 non

410 2422 210 53 recipiunt
571 2422 210 53 baptismum
733 2422 113 53 nec
797 2422 242 53 caracterem:
991 2422 145 53 tamen
1071 2422 65 53 in

418 2472 149 48 adulto
522 2472 104 48 non
582 2472 209 48 requiritur
746 2472 194 48 consensus
895 2472 179 48 actualis
1030 2472 89 48 de
1059 2472 75 48 pre

409 2511 124 53 senti
492 2511 97 53 nec
547 2511 194 53 virtualis.
700 2511 97 53 non
755 2511 180 53 actualis:
893 2511 111 53 quia
962 2511 152 53 furiosi
1059 2511 83 53 pos-

408 2549 119 51 sunt
482 2549 178 51 recipere
616 2549 193 51 baptismum
765 2549 89 51 et
809 2549 119 51 eius
883 2549 178 51 effectum
1017 2549 89 51 si
1047 2549 89 51 sint

400 2595 208 69 dispositi:
563 2595 148 69 licet.
667 2595 119 69 tunc
741 2595 104 69 non
801 2595 223 69 consentiant
964 2595 178 69 actualiter

1233 196 120 79 puta
1308 196 90 79 si
1353 196 135 79 prius
1443 196 240 79 consentianti
1637 196 90 79 et
1682 196 105 79 non
1742 196 225 79 dissentiant
1907 196 75 79 an-

1235 266 96 54 te
1283 266 176 54 furiam.
1411 266 112 54 nec
1475 266 224 54 requiritur
1651 266 192 54 cosensus
1779 266 192 54 habitualis

1227 315 140 43 quia
1315 315 193 43 habitus
1455 315 228 43 generatur
1631 315 105 43 ex
1683 315 210 43 actibus.
1823 315 158 43 ponamus

1233 354 121 46 ergo
1309 354 121 46 quod
1385 354 167 46 adultus
1506 354 137 46 primo
1597 354 212 46 consentiat
1764 354 91 46 et
1809 354 121 46 post
1870 354 106 46 habi-

1235 396 112 56 tus
1299 396 209 56 generatus
1460 396 96 56 ex
1508 396 112 56 vno
1572 396 128 56 actu
1652 396 241 56 corrumpatur
1845 396 112 56 per
1893 396 80 56 ces

1222 441 172 51 sationem
1351 441 143 51 actus:
1451 441 86 51 et
1494 441 115 51 quod
1565 441 100 51 non
1622 441 200 51 dissentiat
1780 441 157 51 postea.
1880 441 86 51 iste

1239 483 155 51 potest
1348 483 218 51 baptisari:
1519 483 93 51 et
1566 483 140 51 tamen
1659 483 155 51 nullum
1768 483 187 51 assensum
1892 483 78 51 ha-

1224 528 183 51 bitualem
1361 528 107 51 vel
1422 528 199 51 virtualem
1575 528 153 51 habet.
1682 528 92 51 et
1728 528 107 51 per
1774 528 183 51 consequens

1231 574 188 53 videtur
1368 574 222 53 sufficere
1539 574 103 53 ad
1590 574 256 53 recipiendum
1778 574 188 53 baptismum

1220 616 94 54 et
1267 616 188 54 effectum
1408 616 141 54 semel
1502 616 94 54 in
1549 616 219 54 preteritum
1722 616 235 54 consentire.
1894 616 63 54 et

1228 664 115 47 post
1300 664 101 47 non
1357 664 216 47 dissentire.
1530 664 144 47 postea
1630 664 244 47 quantumcunque
1832 664 101 47 nec
1875 664 86 47 con-

1218 710 175 48 sentiat
1346 710 223 48 actualiter
1521 710 112 48 nec
1585 710 271 48 habitualiter.
1808 710 96 48 Et
1840 710 127 48 quando

1229 751 157 44 dicitur
1343 751 114 44 quod
1414 751 100 44 non
1471 751 100 44 est
1528 751 157 44 peioris
1642 751 214 44 conditionis
1813 751 114 44 etc.
1870 751 85 44 dico

1221 791 123 59 quod
1297 791 169 59 adultus
1420 791 169 59 propter
1543 791 138 59 multa
1635 791 169 59 peccata
1758 791 107 59 que
1804 791 153 59 commisit

1236 837 107 58 que
1297 837 107 58 non
1358 837 152 58 potest
1464 837 213 58 committere
1631 837 183 58 paruulus
1768 837 107 58 est
1814 837 137 58 peioris

1224 880 228 48 conditionis
1406 880 182 48 intantum
1542 880 121 48 quod
1618 880 106 48 non
1679 880 167 48 recipit
1800 880 106 48 rem
1846 880 106 48 facra

1229 924 129 52 menti
1314 924 114 52 nisi
1386 924 186 52 peniteat.
1529 924 86 52 et
1571 924 86 52 si
1614 924 114 52 ante
1686 924 214 52 penitentiam
1843 924 114 52 effice

1234 970 130 52 retur
1320 970 173 52 furiosus
1450 970 87 52 et
1493 970 116 52 tunc
1566 970 245 52 baptisaretur:
1768 970 116 52 tunc
1840 970 101 52 non
1883 970 87 52 reci

1230 1017 103 50 pit
1289 1017 103 50 rem
1348 1017 133 50 neque
1437 1017 177 50 effectum
1569 1017 192 50 baptismi.
1717 1017 88 50 et
1761 1017 133 50 talis
1834 1017 133 50 adultus

1221 1060 104 45 est
1281 1060 164 45 peioris
1400 1060 224 45 conditionis
1579 1060 119 45 quam
1654 1060 194 45 paruulus.
1803 1060 134 45 tamen
1877 1060 90 45 adul

1229 1101 101 51 tus
1286 1101 115 51 sine
1358 1101 115 51 omni
1430 1101 158 51 peccato
1545 1101 172 51 existens
1674 1101 101 51 non
1731 1101 101 51 est
1789 1101 158 51 peioris
1889 1101 72 51 con

1226 1148 191 45 ditionis
1370 1148 128 45 quam
1449 1148 191 45 paruulus
1593 1148 176 45 quantum
1721 1148 96 45 ad
1753 1148 223 45 susceptionem

1220 1187 234 60 sacramenti:
1408 1187 94 60 et
1454 1187 156 60 statim
1564 1187 156 60 potest
1673 1187 187 60 recipere
1797 1187 172 60 baptismum

1236 1237 90 46 et
1281 1237 180 46 effectum
1416 1237 180 46 baptismi
1551 1237 165 46 dummodo
1670 1237 210 46 consentiat
1835 1237 105 46 vel
1880 1237 75 46 con

1224 1275 175 49 senserit
1356 1275 88 49 de
1400 1275 190 49 preterito
1546 1275 88 49 et
1590 1275 117 49 post
1663 1275 102 49 non
1721 1275 205 49 dissentiat
1882 1275 73 49 â‹
1912 1275 88 49 Ad

1223 1322 125 54 aliud
1307 1322 111 54 dico
1376 1322 111 54 quod
1446 1322 125 54 licet
1529 1322 97 54 non
1585 1322 111 54 sint
1655 1322 125 54 plura
1738 1322 84 54 in
1780 1322 125 54 anima
1864 1322 84 54 ad
1891 1322 70 54 quo

1219 1369 125 52 rum
1290 1369 267 52 cognitionem
1504 1369 214 52 possumus
1664 1369 214 52 deuenire
1825 1369 125 52 per
1878 1369 89 52 co-

1219 1416 221 49 gnitionem
1389 1416 238 49 intuitiuam
1576 1416 119 49 vel
1643 1416 272 49 abstractiuam
1847 1416 119 49 sicut

1231 1453 229 54 operationes
1414 1453 244 54 delectabiles
1613 1453 92 54 et
1658 1453 199 54 tristicie
1796 1453 168 54 cognoscum

1221 1501 108 55 tur
1282 1501 200 55 intuitiue
1436 1501 92 55 et
1482 1501 169 55 habitus
1606 1501 231 55 abstractiue
1790 1501 92 55 et
1821 1501 154 55 arguiti-

1227 1547 92 47 ue
1273 1547 169 47 propter
1396 1547 108 47 hoc
1458 1547 139 47 tamen
1550 1547 108 47 non
1612 1547 185 47 sequitur
1750 1547 123 47 quod
1827 1547 108 47 non
1874 1547 92 47 sunt

1221 1584 136 59 plura
1312 1584 91 59 in
1357 1584 151 59 anima:
1463 1584 121 59 quia
1538 1584 136 59 sicut
1629 1584 121 59 sunt
1704 1584 151 59 aliqua
1795 1584 181 59 accidentia

1225 1630 220 47 corporalia
1398 1630 110 47 que
1461 1630 141 47 tamen
1555 1630 110 47 per
1618 1630 157 47 sensus
1728 1630 110 47 non
1791 1630 157 47 potest
1885 1630 79 47 co-

1226 1672 185 59 gnoscere
1364 1672 93 59 vt
1411 1672 185 59 qualitas
1550 1672 93 59 in
1596 1672 154 59 herbis
1704 1672 93 59 et
1750 1672 185 59 venenis.
1873 1672 93 59 quia

1232 1724 140 50 visus
1326 1724 93 50 et
1372 1724 187 50 quilibet
1512 1724 155 50 sensus
1621 1724 249 50 determinatur
1823 1724 93 50 ad
1854 1724 109 50 certa

1225 1764 160 58 obiecta
1341 1764 87 58 in
1384 1764 102 58 que
1442 1764 145 58 potest
1544 1764 102 58 ita
1602 1764 116 58 quod
1674 1764 102 58 non
1732 1764 87 58 in
1776 1764 145 58 plura.
1863 1764 102 58 eodem

1239 1813 123 46 modo
1315 1813 169 46 possunt
1438 1813 123 46 esse
1515 1813 153 46 aliqua
1622 1813 215 46 accidentia
1776 1813 199 46 spiritualia

1228 1850 118 47 que
1296 1850 152 47 tamen
1397 1850 254 47 intellectus
1600 1850 118 47 non
1668 1850 169 47 potest
1769 1850 203 47 cognoscere

1230 1896 120 50 quia
1305 1896 225 50 intellectus
1485 1896 240 50 determinatur
1681 1896 105 50 pro
1741 1896 120 50 isto
1816 1896 135 50 statu
1906 1896 90 50 ad

1224 1936 133 50 certa
1313 1936 163 50 obiecta
1431 1936 89 50 et
1475 1936 103 50 non
1535 1936 148 50 vltra.
1638 1936 89 50 de
1682 1936 148 50 quorum
1786 1936 148 50 numero
1874 1936 89 50 vide

1231 1988 101 48 tur
1288 1988 115 48 esse
1360 1988 187 48 caracter.
1505 1988 87 48 Ad
1548 1988 173 48 secundum
1678 1988 101 48 pro
1735 1988 115 48 illo
1807 1988 130 48 dubio
1879 1988 87 48 nego

1225 2032 203 46 assumptum:
1384 2032 116 46 quia
1456 2032 188 46 quantitas
1601 2032 101 46 est
1659 2032 130 46 forma
1746 2032 174 46 absoluta
1876 2032 87 46 et
1905 2032 58 46 ta

1224 2074 114 53 men
1289 2074 114 53 non
1354 2074 114 53 est
1418 2074 97 53 de
1467 2074 211 53 potentiis
1629 2074 178 53 actiuis
1759 2074 114 53 sed
1808 2074 162 53 passiuis

1228 2119 171 51 secundum
1356 2119 242 51 commentatorem
1555 2119 142 51 quarto
1654 2119 213 51 phisicorum.
1825 2119 142 51 caplso
1910 2119 57 51 de

1231 2162 161 49 vacuo.
1343 2162 145 49 eodem
1440 2162 129 49 modo
1520 2162 112 49 est
1584 2162 96 49 de
1633 2162 257 49 qualitatibus
1841 2162 96 49 de
1874 2162 96 49 quar

1229 2204 76 52 ta
1267 2204 127 52 specie
1356 2204 190 52 qualitatis.
1508 2204 127 52 Aliter
1597 2204 127 52 potest
1685 2204 101 52 dici
1749 2204 101 52 quod
1812 2204 114 52 licet
1875 2204 89 52 quan-

1226 2243 141 51 titas
1320 2243 94 51 et
1367 2243 141 51 omnis
1462 2243 141 51 forma
1556 2243 188 51 absoluta
1697 2243 110 51 sit
1759 2243 157 51 actiua
1854 2243 125 51 respe-

1233 2287 105 55 ctu
1293 2287 225 55 intellectus
1473 2287 150 55 nostri
1578 2287 150 55 saltem
1682 2287 135 55 quasi
1772 2287 180 55 obiectum
1892 2287 75 55 hoc

1226 2335 148 53 tamen
1324 2335 115 53 non
1390 2335 115 53 est
1456 2335 247 53 concedendum
1654 2335 99 53 de
1703 2335 231 53 caractere:
1868 2335 99 53 quia

1223 2379 166 53 nullam
1340 2379 249 53 actiuitatem
1539 2379 149 53 habet
1638 2379 199 53 respectu
1788 2379 166 53 nostri
1887 2379 83 53 in-

1225 2420 186 56 tellectus
1367 2420 86 56 in
1410 2420 114 56 via.
1482 2420 114 56 quod
1553 2420 128 56 forte
1639 2420 100 56 est
1696 2420 86 56 ex
1739 2420 157 56 defectu
1839 2420 128 56 intelle

1233 2464 126 50 ctus
1312 2464 158 50 nostri
1422 2464 110 50 vel
1485 2464 95 50 ex
1533 2464 236 50 ordinatione
1722 2464 173 50 diuina.
1848 2464 95 50 Ad
1879 2464 79 50 ali

1229 2508 78 57 ud
1268 2508 105 57 dico
1334 2508 105 57 quod
1399 2508 118 57 sicut
1477 2508 92 57 non
1530 2508 92 57 est
1582 2508 209 57 inconueniens
1752 2508 105 57 quod
1817 2508 92 57 sit
1856 2508 105 57 aliquo

1228 2559 163 50 materia
1347 2559 193 50 naturalis
1495 2559 178 50 extensa:
1629 2559 89 50 et
1673 2559 134 50 tamen
1762 2559 119 50 quod
1836 2559 104 50 non
1881 2559 89 50 pos-

1227 2602 112 54 sit
1291 2602 224 54 apprehendi
1467 2602 96 54 ab
1515 2602 160 54 aliquo
1628 2602 144 54 sensu
1724 2602 112 54 vel
1772 2602 192 54 intellectu
