2290 3093
271 184 147 62 corpus
374 184 162 62 christi
492 184 88 62 ex
536 184 88 62 vi
580 184 250 62 conuersionis:
785 184 118 62 quia
844 184 147 62 quicquid

264 244 155 53 potest
372 244 124 53 deus
449 244 217 53 conseruare
620 244 263 53 circumscripto
821 244 170 53 quocunque

262 280 110 56 alio
331 280 123 56 illud
413 280 137 56 potest
509 280 137 56 facere
605 280 110 56 sine
673 280 123 56 alio.
755 280 137 56 igitur
851 280 123 56 sicut
920 280 68 56 po-

265 323 110 53 test
334 323 137 53 corpus
430 323 192 53 christisub
580 323 123 53 illis
662 323 178 53 speciebus
799 323 110 53 sine
854 323 137 53 substan-

269 366 91 51 tia
321 366 130 51 panis:
412 366 91 51 ita
464 366 91 51 ibi
516 366 130 51 potest
607 366 130 51 facere
698 366 130 51 corpus
789 366 143 51 christi
893 366 91 51 sub
932 366 65 51 il-

262 417 95 50 lis
317 417 191 50 speciebus:
467 417 82 50 et
508 417 123 50 tamen
589 417 109 50 quod
657 417 95 50 ibi
712 417 150 50 nunquam
821 417 109 50 fuit
875 417 123 50 substam

265 457 93 56 tia
318 457 133 56 panis:
411 457 106 56 quia
477 457 80 56 si
517 457 146 56 nunquam
623 457 146 56 fuisset
729 457 93 56 ibi
782 457 146 56 nunquam
875 457 119 56 fuisset

272 507 162 48 conuersa
393 507 81 48 in
433 507 135 48 corpus
528 507 162 48 christi:
649 507 81 48 et
690 507 121 48 tamen
771 507 121 48 eodem
852 507 108 48 modo
906 507 94 48 foret

263 547 96 53 ibi
318 547 110 53 tunc
387 547 123 53 sicut
469 547 123 53 nunc.
551 547 82 53 et
592 547 110 53 tunc
660 547 96 53 non
715 547 123 53 foret
797 547 96 53 ibi
852 547 82 53 ex
893 547 82 53 vi
921 547 68 53 con

259 599 205 46 uersionis:
420 599 146 46 igitur
523 599 102 46 nec
581 599 132 46 nunc.
669 599 88 46 Si
713 599 132 46 dicas
801 599 117 46 quod
874 599 102 46 non
918 599 73 46 po-

269 634 103 47 test
334 634 90 47 ibi
385 634 116 47 fieri
462 634 129 47 corpus
553 634 142 47 christi
656 634 103 47 sine
720 634 180 47 mutatione:
862 634 103 47 quia
914 634 77 47 tunc

265 687 137 46 corpus
361 687 151 46 christi
471 687 178 46 mutaretur
608 687 178 46 localiter
745 687 82 46 et
786 687 151 46 haberet
881 687 110 46 diuer-

273 724 80 57 a
305 724 128 57 vbi.
385 724 160 57 Coura.
497 724 112 57 non
561 724 192 57 obstante
706 724 240 57 conuersione
882 724 112 57 ignis

263 768 81 52 im
304 768 122 52 aerem
385 768 135 52 posito
480 768 108 52 quod
548 768 81 52 si
589 768 122 52 talis
670 768 176 52 conuersio
805 768 122 52 esset
887 768 95 52 ibi
927 768 68 52 mu-

261 819 137 48 tatio
352 819 167 48 localis
473 819 152 48 aeris.
579 819 152 48 igitur
686 819 137 48 eodem
777 819 121 48 modo
852 819 91 48 in
883 819 106 48 propo

266 860 137 48 sito.
357 860 106 48 nam
418 860 137 48 sicut
509 860 167 48 materia
630 860 106 48 non
691 860 152 48 potest
797 860 152 48 habere
888 860 106 48 nouam

265 897 141 47 formam
364 897 113 47 sine
434 897 198 47 mutatione:
590 897 99 47 sic
646 897 99 47 nec
703 897 141 47 corpus
801 897 141 47 potest
886 897 99 47 habe-

264 939 83 58 re
306 939 110 58 esse
375 939 110 58 quod
444 939 124 58 prius
526 939 97 58 non
582 939 138 58 habuit
678 939 110 58 sine
747 939 179 58 mutatione
872 939 110 58 illius

270 986 160 61 corporis.
405 986 135 61 Mutatur
503 986 123 61 igitur
589 986 123 61 corpus
675 986 147 61 christi:
785 986 86 61 sed
834 986 86 61 non
871 986 123 61 secundum

269 1025 224 58 perditionem
448 1025 119 58 loci
523 1025 179 58 prioris:
657 1025 104 58 sed
717 1025 104 58 per
761 1025 224 58 acquisitionem

251 1074 118 53 loci
325 1074 133 53 prius
414 1074 104 53 non
473 1074 163 53 habiti:
592 1074 118 53 quia
665 1074 118 53 nunc
739 1074 104 53 est
799 1074 163 53 presens
902 1074 89 53 illi

257 1111 117 55 loco
331 1111 103 55 cui
389 1111 132 55 prius
477 1111 103 55 non
536 1111 117 55 fuit
609 1111 176 55 presens.
742 1111 88 55 et
786 1111 132 55 tamen
874 1111 103 55 cum
918 1111 73 55 hoc

269 1156 92 64 est
322 1156 145 64 presens
427 1156 105 64 illi
493 1156 145 64 corpori
598 1156 92 64 cui
651 1156 119 64 prius
730 1156 105 64 fuit
796 1156 171 64 praesens.
915 1156 79 64 Item

268 1200 94 58 ad
315 1200 236 58 variationem
504 1200 220 58 fundamenti
677 1200 94 58 et
724 1200 173 58 termini
834 1200 157 58 sequitur

268 1241 172 64 variatio
396 1241 200 64 respectus:
554 1241 100 64 sed
611 1241 100 64 hic
668 1241 100 64 est
725 1241 129 64 aliud
811 1241 86 64 et
854 1241 129 64 aliud
926 1241 72 64 fum

257 1298 189 50 damentum
399 1298 173 50 presens
525 1298 126 50 isti
604 1298 126 50 loco
683 1298 95 50 in
730 1298 110 50 quo
793 1298 110 50 est
840 1298 142 50 species

265 1344 140 48 panis:
363 1344 112 48 quia
433 1344 195 48 substantia
586 1344 168 48 corporis
712 1344 154 48 christi
823 1344 98 48 est
879 1344 126 48 aliud
949 1344 42 48 a

262 1390 211 47 substantia
428 1390 136 47 panis
518 1390 106 47 que
579 1390 136 47 prius
669 1390 121 47 fuit
745 1390 181 47 presens.
865 1390 121 47 igitur

258 1423 102 59 est
317 1423 131 59 alius
404 1423 189 59 respectus
549 1423 87 59 in
593 1423 204 59 substantia
753 1423 131 59 panis
840 1423 87 59 et
884 1423 87 59 in
913 1423 73 59 sub

265 1463 152 56 stantia
376 1463 166 56 corporis
500 1463 166 56 christi.
624 1463 110 56 Tunc
693 1463 110 56 sic.
762 1463 124 56 illud
845 1463 97 56 cui
886 1463 97 56 primo

259 1512 203 57 acquiritur
419 1512 189 57 respectus
565 1512 131 57 primo
652 1512 174 57 mutatur.
783 1512 145 57 corpus
870 1512 116 57 christ

262 1557 110 46 est
325 1557 220 46 huiusmodi.
498 1557 157 46 igitur
608 1557 126 46 etc.
686 1557 126 46 Item
765 1557 110 46 aut
827 1557 157 46 corpus
922 1557 78 46 xpi

270 1599 101 47 ibi
327 1599 101 47 est
385 1599 87 47 in
428 1599 115 47 loco
500 1599 188 47 immediate
645 1599 101 47 aut
702 1599 173 47 mediate.
832 1599 87 47 si
861 1599 130 47 immedia

264 1640 83 56 te
306 1640 152 56 habetur
416 1640 208 56 propositum.
583 1640 83 56 si
624 1640 152 56 mediate
735 1640 152 56 contra.
846 1640 111 56 omne
901 1640 83 56 quod

260 1697 189 46 competit
402 1697 158 46 alicui
512 1697 189 46 mediante
654 1697 126 46 alio
733 1697 110 46 cui
796 1697 142 46 primo
875 1697 110 46 compe

263 1728 101 60 tit
320 1728 101 60 non
378 1728 174 60 competit
509 1728 116 60 illi
581 1728 116 60 nisi
654 1728 159 60 propter
770 1728 188 60 specialem
900 1728 87 60 vni-

265 1769 129 60 onem
345 1769 145 60 vnius
442 1769 97 60 ad
490 1769 177 60 alterum
619 1769 129 60 quam
699 1769 145 60 prius
796 1769 113 60 non
844 1769 145 60 habuit.

264 1819 200 49 Exemplum.
417 1819 138 49 ignis
509 1819 215 49 calefacit:
678 1819 123 49 quia
755 1819 215 49 calefacere
908 1819 77 49 pri

259 1868 87 49 mo
303 1868 174 49 competit
434 1868 145 49 calori
536 1868 102 49 qui
594 1868 174 49 informat
725 1868 131 49 ignem
812 1868 102 49 ita
870 1868 116 49 quod
928 1868 73 49 ca-

266 1913 187 47 lefacere
407 1913 187 47 competit
548 1913 125 47 igni
626 1913 187 47 mediante
766 1913 187 47 speciali
891 1913 94 47 vnio

264 1946 100 58 nem
321 1946 157 58 caloris
435 1946 86 58 ad
478 1946 143 58 ignem.
578 1946 186 58 Similiter
721 1946 143 58 filius
821 1946 100 58 dei
863 1946 129 58 dicitur

272 1993 175 56 passus:
399 1993 127 56 quia
479 1993 159 56 passio
590 1993 143 56 primo
686 1993 191 56 competit
829 1993 159 56 nature
924 1993 64 56 hu

267 2037 119 57 mane
342 2037 104 57 que
401 2037 149 57 vnitur
505 2037 134 57 filio
595 2037 104 57 dei
654 2037 179 57 speciali
788 2037 164 57 vnione.
908 2037 89 57 et
937 2037 60 57 ni

267 2088 91 48 si
312 2088 137 48 esset
404 2088 122 48 illa
480 2088 122 48 vnio
556 2088 106 48 non
617 2088 198 48 diceretur
769 2088 152 48 verbum
860 2088 137 48 passum:

271 2123 98 59 sed
327 2123 112 59 vnio
397 2123 169 59 corporis
524 2123 155 59 christi
637 2123 84 59 ad
679 2123 127 59 illas
763 2123 155 59 species
876 2123 98 59 non
918 2123 70 59 est

272 2166 117 55 vnio
345 2166 204 55 specialis:
505 2166 102 55 nec
564 2166 102 55 est
622 2166 117 55 alia
695 2166 117 55 quam
768 2166 117 55 vnio
840 2166 146 55 angeli
928 2166 58 55 ad

264 2211 159 55 aliquod
379 2211 144 55 corpus
480 2211 101 55 cui
538 2211 187 55 coexistit
682 2211 130 55 primo
768 2211 202 55 localiter:
927 2211 101 55 sed

269 2253 88 56 si
313 2253 161 56 angelus
431 2253 132 56 illis
519 2253 191 56 speciebus
665 2253 132 56 esset
753 2253 132 56 prior
841 2253 103 56 non
885 2253 103 56 esset

267 2307 88 42 in
311 2307 118 42 loco
385 2307 162 42 propter
503 2307 133 42 illas
591 2307 177 42 species.
724 2307 147 42 igitur
827 2307 103 42 nec
871 2307 118 42 corpus

272 2343 140 57 christi
374 2343 89 57 ita
425 2343 102 57 quod
488 2343 140 57 species
590 2343 89 57 sit
641 2343 114 57 causa
717 2343 153 57 formalis
832 2343 140 57 essendi
921 2343 76 57 cor-

271 2387 130 56 poris
357 2387 101 56 xpi
415 2387 87 56 in
459 2387 101 56 vno
517 2387 130 56 loco.
603 2387 145 56 Contra
705 2387 188 56 secundum:
849 2387 145 56 quando
936 2387 58 56 a-

275 2441 132 46 liquid
367 2441 92 46 est
420 2441 79 46 in
460 2441 106 46 loco
526 2441 92 46 sic
579 2441 106 46 quod
645 2441 119 46 totum
724 2441 92 46 est
777 2441 79 46 in
816 2441 106 46 toto
882 2441 79 46 et
909 2441 79 46 pars

276 2478 84 58 in
318 2478 141 58 parte.
417 2478 113 58 tunc
487 2478 99 58 est
543 2478 84 58 in
586 2478 113 58 loco
656 2478 282 58 circumscriptiue.
881 2478 113 58 igitur

274 2534 137 44 quando
370 2534 150 44 aliquid
479 2534 96 44 est
534 2534 82 44 in
575 2534 109 44 loco
643 2534 96 44 sic
698 2534 109 44 quod
766 2534 123 44 totum
848 2534 96 44 est
902 2534 82 44 in
930 2534 68 44 to-

268 2564 85 74 to
310 2564 85 74 et
353 2564 128 74 totum
438 2564 85 74 in
481 2564 171 74 qualibet
609 2564 142 74 parte:
708 2564 114 74 tunc
780 2564 100 74 est
836 2564 85 74 in
879 2564 114 74 loco
936 2564 71 74 dif

1091 183 166 71 finitiue
1216 183 97 71 sic
1271 183 97 71 est
1327 183 83 71 de
1368 183 194 71 quantitate
1521 183 166 71 corporis
1646 183 152 71 christi
1743 183 69 71 sub

1086 246 137 53 illis
1177 246 213 53 speciebus.
1344 246 152 53 igitur
1451 246 106 53 non
1512 246 106 53 est
1573 246 106 53 ibi
1633 246 106 53 per
1679 246 137 53 concomi

1082 295 159 54 tantiam
1197 295 202 54 naturalem.
1384 295 130 54 Aliam
1471 295 101 54 est
1529 295 144 54 opinio
1630 295 115 54 Ioh.
1702 295 115 54 quod
1759 295 58 54 du

1090 337 117 51 plex
1163 337 102 51 est
1222 337 175 51 positio.
1353 337 102 51 vna
1411 337 102 51 est
1470 337 102 51 que
1528 337 102 51 est
1587 337 204 51 differetia
1732 337 88 51 quan

1088 384 173 51 titatis.
1217 384 115 51 alia
1289 384 101 51 est
1347 384 101 51 que
1405 384 101 51 est
1463 384 260 51 predicamentum.
1679 384 130 51 prima
1751 384 72 51 po-

1081 422 124 53 sitio
1164 422 124 53 dicit
1247 422 138 53 ordine
1344 422 152 53 partium
1455 422 83 53 in
1496 422 111 53 toto
1565 422 180 53 absolute.
1690 422 124 53 secunda

1085 467 137 58 dicit
1176 467 167 58 ordinem
1297 467 167 58 partium
1419 467 91 58 in
1465 467 122 58 toto
1541 467 91 58 et
1586 467 91 58 in
1632 467 137 58 loco.
1708 467 106 58 Prima

1082 510 112 51 non
1146 510 160 51 potest
1258 510 192 51 separari
1402 510 80 51 a
1434 510 240 51 quantitate:
1627 510 128 51 quia
1707 510 112 51 non
1755 510 64 51 po

1094 552 105 46 test
1160 552 105 46 esse
1226 552 198 46 quantitatum
1384 552 105 46 sine
1450 552 132 46 ordine
1542 552 145 46 partium
1648 552 79 46 in
1687 552 119 46 toto.
1753 552 66 46 se-

1092 598 142 49 cunda
1187 598 158 49 potest
1297 598 189 49 separari
1439 598 110 49 non
1502 598 158 49 tantum
1612 598 110 49 per
1659 598 158 49 abnegati

1093 642 115 47 onem
1165 642 159 47 termini
1280 642 115 47 seet
1352 642 130 47 loci:
1439 642 101 47 sed
1497 642 130 47 etiam
1583 642 144 47 posito
1684 642 115 47 loco
1742 642 72 47 cui

1080 696 141 45 potest
1178 696 127 45 fieri
1263 696 183 45 mensurati
1403 696 70 45 o
1431 696 98 45 ita
1488 696 112 45 quod
1558 696 141 45 potest
1656 696 112 45 esse
1713 696 98 45 locus

1090 736 91 48 et
1135 736 182 48 quantum:
1272 736 91 48 et
1317 736 137 48 tamen
1408 736 106 48 non
1469 736 152 48 habere
1575 736 167 48 ordinem
1681 736 137 48 partium

1083 775 79 58 in
1122 775 119 58 loco.
1202 775 79 58 et
1241 775 93 58 sic
1294 775 132 58 potest
1387 775 145 58 quantum
1493 775 159 58 separari
1612 775 66 58 a
1638 775 172 58 positione
1757 775 66 58 qua

1081 819 103 52 est
1140 819 249 52 predicamentum
1345 819 88 52 et
1389 819 103 52 non
1448 819 73 52 a
1477 819 190 52 positione
1624 819 103 52 que
1682 819 103 52 est
1726 819 88 52 spe-

1085 860 127 53 cies
1165 860 239 53 quantitatis
1387 860 111 53 Pro
1451 860 127 53 ista
1531 860 191 53 opinione
1658 860 159 53 arguitur

1081 909 137 46 primo
1172 909 122 46 sic.
1249 909 199 46 quecumque
1402 909 153 46 natura
1508 909 183 46 respicit
1631 909 183 46 contingen-

1085 951 109 49 ter
1148 951 202 49 quanlibet
1303 951 156 49 formam
1412 951 187 49 alicuius
1552 951 171 49 generis
1661 951 156 49 respicit

1086 990 263 52 contingenter
1300 990 148 52 totum
1398 990 148 52 illud
1497 990 165 52 genus:
1612 990 132 52 quia
1678 990 132 52 quando

1082 1041 176 51 aliquid
1210 1041 224 51 determinat
1386 1041 128 51 sibi
1467 1041 160 51 certum
1579 1041 144 51 genus
1659 1041 160 51 determi-

1084 1085 101 44 nat
1141 1085 115 44 sibi
1213 1085 144 44 certam
1314 1085 159 44 speciem
1430 1085 144 44 illius
1531 1085 173 44 generis:
1660 1085 101 44 sed
1704 1085 115 44 corpus

1081 1120 158 54 christi
1195 1120 172 54 respicit
1324 1120 143 54 contin
1425 1120 143 54 genter
1525 1120 186 54 quanlibet
1654 1120 172 54 positionem

1076 1169 157 44 igitur
1186 1169 157 44 corpus
1296 1169 157 44 habens
1405 1169 219 44 positionem
1578 1169 172 44 partium
1703 1169 94 44 in
1735 1169 78 44 to-

1085 1209 95 59 to
1133 1209 111 59 non
1196 1209 237 59 simpliciter
1386 1209 222 59 necessario
1560 1209 95 59 se
1607 1209 142 59 habet
1702 1209 95 59 ad
1734 1209 95 59 posi

1081 1260 144 50 tionem
1181 1260 101 50 que
1239 1260 101 50 est
1297 1260 259 50 predicamentum:
1513 1260 101 50 nec
1571 1260 231 50 coexistentia
1744 1260 86 50 quan

1086 1296 87 53 ti
1130 1296 87 53 ad
1174 1296 160 53 quantum
1290 1296 102 53 est
1348 1296 218 53 simpliciter
1522 1296 203 53 necessaria
1668 1296 145 53 respectu

1080 1340 152 54 illius
1186 1340 228 54 positionis:
1369 1340 122 54 quia
1445 1340 183 54 conuenit
1582 1340 228 54 intelligere
1749 1340 76 54 co-

1088 1388 195 47 existentiam
1244 1388 156 47 alicuius
1361 1388 104 47 ipsi
1426 1388 104 47 toti
1491 1388 130 47 absque
1582 1388 91 47 hoc
1634 1388 104 47 quod
1686 1388 130 47 intelli-

1084 1435 136 47 gitur
1175 1435 242 47 coexistentia
1371 1435 166 47 partium
1492 1435 136 47 vnius
1583 1435 106 47 cum
1644 1435 182 47 partibus
1765 1435 61 47 al

1085 1477 159 49 terius.
1200 1477 101 49 hec
1258 1477 116 49 enim
1330 1477 246 49 conexistentia
1533 1477 145 49 totius
1634 1477 87 49 ad
1677 1477 130 49 totum
1750 1477 72 49 est

1080 1521 117 48 alia
1154 1521 88 48 ab
1198 1521 88 48 ea
1242 1521 103 48 que
1300 1521 103 48 est
1359 1521 161 48 partium
1476 1521 88 48 ad
1520 1521 161 48 partes:
1637 1521 88 48 et
1681 1521 147 48 quando
1769 1521 59 48 se

1088 1565 271 49 concomitantur
1311 1565 112 49 nec
1375 1565 127 49 ista
1455 1565 96 49 in
1502 1565 175 49 ratione
1630 1565 112 49 sua
1678 1565 143 49 formali

1090 1607 167 54 includit
1216 1607 139 54 illam.
1313 1607 112 54 Unde
1383 1607 209 54 quantitatem
1550 1607 195 54 conseruari
1704 1607 112 54 sine
1759 1607 70 54 po-

1081 1646 149 54 sitione
1190 1646 190 54 extrinseca
1339 1646 95 54 non
1394 1646 95 54 est
1448 1646 122 54 aliud
1529 1646 109 54 nisi
1597 1646 176 54 absolutum
1719 1646 109 54 conser

1087 1697 109 41 uari
1155 1697 109 41 sine
1224 1697 163 41 respectu
1346 1697 204 41 extrinsecus
1510 1697 204 41 adueniente.
1673 1697 82 41 et
1700 1697 123 41 conexi-

1087 1735 174 53 stentiam
1218 1735 145 53 totius
1320 1735 87 53 ad
1364 1735 131 53 totum
1451 1735 204 53 conseruari
1611 1735 116 53 sine
1669 1735 160 53 coexisten

1090 1782 97 43 tia
1146 1782 152 43 partium
1256 1782 139 43 quanti
1354 1782 83 43 ad
1395 1782 139 43 partes
1492 1782 125 43 loci.
1575 1782 97 43 non
1631 1782 97 43 est
1686 1782 125 43 aliud
1756 1782 55 43 ni

1089 1823 88 57 si
1133 1823 118 57 vnum
1207 1823 192 57 respectum
1354 1823 221 57 extrinsecus
1531 1823 221 57 aduenientem
1693 1823 133 57 conser-

1089 1867 122 47 uari
1165 1867 122 47 sine
1241 1867 122 47 alio
1317 1867 183 47 respectu
1454 1867 229 47 extrinsecus
1622 1867 198 47 adueniente.

1111 1912 208 44 Confirmatur.
1280 1912 104 44 quia
1345 1912 143 44 positio
1449 1912 104 44 illa
1514 1912 143 44 secunda
1618 1912 195 44 presupponit
1761 1912 65 44 vbi

1084 1954 121 53 proprie
1172 1954 121 53 dictum:
1260 1954 132 53 scilicet
1359 1954 231 53 circumscriptiuum:
1558 1954 77 53 sed
1602 1954 88 53 deus
1657 1954 110 53 potest
1723 1954 88 53 conser

1093 1999 99 58 uare
1154 1999 136 58 quantum
1253 1999 99 58 sine
1315 1999 99 58 omni
1376 1999 99 58 tali
1438 1999 86 58 vbi
1487 1999 136 58 proprie
1586 1999 123 58 dicto.
1672 1999 123 58 igitur
1746 1999 74 58 etc.

1128 2043 149 49 Contra
1232 2043 134 49 istam
1322 2043 179 49 opinione
1456 2043 149 49 primo.
1560 2043 119 49 quia
1635 2043 104 49 non
1680 2043 134 49 videtur

1081 2090 109 50 quod
1149 2090 136 50 potest
1244 2090 109 50 esse
1312 2090 109 50 ordo
1380 2090 149 50 partium
1488 2090 81 50 in
1529 2090 109 50 toto
1597 2090 109 50 sine
1665 2090 136 50 ordine
1746 2090 68 50 par

1089 2137 108 40 tium
1156 2137 81 40 in
1196 2137 121 40 loco:
1277 2137 108 40 quia
1345 2137 175 40 vbicumque
1480 2137 94 40 est
1534 2137 108 40 ordo
1601 2137 148 40 partium
1709 2137 81 40 in
1736 2137 81 40 toto

1099 2172 86 46 vbi
1148 2172 86 46 est
1197 2172 123 46 primum
1284 2172 148 46 secundum
1395 2172 74 46 et
1432 2172 136 46 tertium
1530 2172 99 46 etc.
1592 2172 111 46 quero
1666 2172 99 46 ergo
1728 2172 111 46 illud

1094 2221 101 48 quod
1158 2221 89 48 est
1208 2221 127 48 primum
1297 2221 89 48 aut
1348 2221 89 48 est
1399 2221 127 48 primum
1487 2221 152 48 secundum
1601 2221 139 48 naturam
1703 2221 89 48 aut
1741 2221 76 48 pri-

1094 2265 95 50 mum
1149 2265 162 50 secundum
1270 2265 216 50 perfectionem
1446 2265 81 50 et
1487 2265 95 50 sic
1541 2265 81 50 de
1581 2265 122 50 aliis
1662 2265 122 50 modis
1730 2265 81 50 prio

1082 2307 154 49 ritatis
1194 2307 98 49 aut
1250 2307 168 49 secundum
1376 2307 126 49 situm
1461 2307 84 49 vt
1503 2307 126 49 patet
1587 2307 210 49 discurrendo
1741 2307 70 49 per

1079 2353 141 54 omnes
1173 2353 141 54 modos
1268 2353 188 54 prioris:
1409 2353 110 54 sed
1472 2353 110 54 non
1534 2353 110 54 est
1597 2353 157 54 ponere
1707 2353 110 54 ibi
1754 2353 63 54 a-

1086 2395 116 59 liam
1159 2395 116 59 nisi
1232 2395 218 59 prioritatem
1407 2395 175 59 secundum
1538 2395 146 59 locum:
1640 2395 116 59 quia
1713 2395 102 59 non
1756 2395 73 59 est

1087 2435 179 57 prioritas
1225 2435 165 57 secundum
1348 2435 151 57 naturam
1458 2435 151 57 capitis
1568 2435 82 57 ad
1609 2435 137 57 pedes.
1692 2435 137 57 secundum

1086 2486 278 48 philosophum
1309 2486 111 48 et
1365 2486 316 48 commentatorem
1625 2486 186 48 quinto
1736 2486 93 48 me-

1086 2524 221 56 thaphisice.
1263 2524 133 56 illud
1351 2524 162 56 dicitur
1469 2524 133 56 prius
1558 2524 236 56 naturaliter:
1735 2524 88 56 quod

1071 2573 175 67 potest
1194 2573 211 67 feparart
1352 2573 105 67 ab
1405 2573 123 67 ato
1475 2573 105 67 et
1528 2573 123 67 non
1598 2573 158 67 aliud
1703 2573 105 67 ab
1738 2573 88 67 eo:
