2277 3040
406 187 157 111 haberet
520 187 129 111 locum
606 187 300 111 circumscribentem.
863 187 114 111 tunc
935 187 157 111 haberet
1035 187 86 111 vuum

394 258 139 74 locum
486 258 108 74 sub
548 258 108 74 vno
609 258 277 74 contradictorio
841 258 92 74 et
887 258 139 74 alium
979 258 108 74 sub
1026 258 92 74 alio

392 304 97 78 et
440 304 145 78 eodem
537 304 129 78 modo
618 304 113 78 est
682 304 97 78 in
731 304 226 78 proposito.
908 304 129 78 quia
973 304 145 78 materia

400 346 112 73 vel
464 346 144 73 forma
560 346 144 73 primo
655 346 112 73 non
719 346 176 73 extensa
847 346 96 73 et
895 346 128 73 post
958 346 160 73 extensa.

386 396 133 72 Dico
469 396 116 72 per
536 396 116 72 hoc
602 396 133 72 quod
685 396 116 72 per
752 396 149 72 motum
851 396 183 72 localem
968 396 149 72 partium

389 434 227 74 acquiritur
567 434 178 74 aliquid
697 434 97 74 de
745 434 130 74 nouo
826 434 130 74 isti
907 434 178 74 materie
1021 434 97 74 quod

395 473 152 88 prius
496 473 118 88 non
564 473 186 88 habuit.
699 473 186 88 aliquod
834 473 253 88 extrinsecum
1020 473 101 88 dico

396 524 93 73 et
442 524 108 73 non
504 524 247 73 intrinsecum.
704 524 123 73 quia
781 524 216 73 acquiritur
951 524 123 73 sibi
1013 524 108 73 locus

403 568 247 74 circumstans
600 568 132 74 quem
682 568 148 74 prius
781 568 115 74 non
847 568 181 74 habuit:
979 568 115 74 non
1028 568 99 74 dico

400 613 147 72 locus
498 613 163 72 nouus.
612 613 114 72 sed
678 613 147 72 locus
776 613 196 72 antiquus
923 613 98 72 de
972 613 131 72 nouo
1037 613 82 72 ac-

401 663 185 75 quaeritur
543 663 128 75 isti.
628 663 85 75 et
671 663 128 75 eodem
756 663 114 75 modo
827 663 142 75 potest
927 663 156 75 aliquod
1026 663 100 75 anti-

406 699 107 80 quum
473 699 80 80 de
513 699 107 80 nouo
580 699 134 80 alicui
674 699 161 80 acquiri.
795 699 80 80 et
835 699 94 80 cum
889 699 107 80 ille
956 699 121 80 locus
1036 699 94 80 sic
1076 699 54 80 ad

402 741 181 81 quiritur
538 741 106 81 per
598 741 136 81 motum
689 741 166 81 localem
809 741 166 81 partium
930 741 181 81 materie.
1051 741 75 81 si-

401 787 105 74 cut
461 787 151 74 quando
567 787 90 74 de
612 787 136 74 denso
702 787 105 74 fit
762 787 136 74 rarum
853 787 136 74 nihil
943 787 136 74 nouum
1019 787 121 74 intrin

405 837 140 76 secum
499 837 140 76 denso
592 837 217 76 acquiritur
762 837 109 76 nec
825 837 202 76 absolutum
980 837 109 76 nec
1026 837 109 76 respe

409 877 180 76 ctiuum.
539 877 114 76 sed
605 877 163 76 tantum
719 877 114 76 per
784 877 147 76 motum
882 877 180 76 localem
996 877 147 76 partium

420 920 135 72 hensi
510 920 210 72 acquiritur
675 920 120 72 sibi
750 920 135 72 nouus
839 920 135 72 locus
929 920 90 72 et
974 920 135 72 maior
1049 920 75 72 qua

404 968 167 73 prius.
521 968 150 73 Eodem
622 968 134 73 modo
705 968 100 73 si
755 968 184 73 materia
889 968 117 73 sit
956 968 134 73 nunc
1023 968 117 73 exten

413 1006 80 73 sa
453 1006 80 73 et
493 1006 107 73 fiat
559 1006 173 73 inextensa
693 1006 93 73 per
746 1006 173 73 potentiam
879 1006 147 73 diuinam
986 1006 93 73 est
1026 1006 120 73 transi-

410 1051 115 74 tus
475 1051 115 74 ibi
541 1051 99 74 de
590 1051 296 74 contradictorio
837 1051 99 74 in
870 1051 279 74 contradictorium

403 1100 123 77 per
474 1100 158 77 motum
579 1100 194 77 localem
720 1100 194 77 partium
861 1100 194 77 materie
985 1100 158 77 adinui-

416 1143 136 68 cem.
501 1143 136 68 quia
586 1143 153 68 omnes
689 1143 170 68 partes
808 1143 119 68 que
876 1143 153 68 prius
961 1143 188 68 distabant

420 1183 118 71 sunt
494 1183 148 71 simul.
597 1183 103 71 ita
657 1183 118 71 quod
730 1183 177 71 quelibet
863 1183 118 71 pars
937 1183 162 71 mouetur
1041 1183 103 71 loca-

414 1230 137 69 liter
505 1230 91 69 ad
550 1230 152 69 aliam.
657 1230 91 69 et
702 1230 106 69 per
763 1230 212 69 consequens
930 1230 182 69 quelibet
1051 1230 91 69 pars

418 1275 168 67 acquirit
544 1275 126 67 nouum
627 1275 140 67 locum.
725 1275 126 67 licet
809 1275 98 67 non
865 1275 168 67 dimittat
990 1275 140 67 primum
1074 1275 70 67 vel

417 1319 154 69 licet
520 1319 154 69 totum
623 1319 154 69 forte
725 1319 171 69 teneat
845 1319 171 69 eundem
965 1319 154 69 locum
1051 1319 103 69 quem

431 1360 134 72 prius.
525 1360 107 72 quia
592 1360 107 72 quod
659 1360 94 72 per
713 1360 121 72 talem
793 1360 188 72 mutationem
941 1360 121 72 totum
1022 1360 94 72 fit
1062 1360 94 72 prius

418 1410 94 63 in
465 1410 156 63 minori
575 1410 125 63 loco
653 1410 109 63 vel
715 1410 156 63 equali
825 1410 109 63 vel
887 1410 156 63 maiori
996 1410 109 63 hoc
1043 1410 94 63 acci

423 1448 101 69 dit
480 1448 188 69 totaliter
654 1448 87 69 Ad
697 1448 130 69 aliud
784 1448 116 69 dico
857 1448 116 69 quod
929 1448 203 69 substantia
1074 1448 72 69 di-

421 1499 181 68 uisibilis
560 1499 97 68 est
616 1499 167 68 secundum
741 1499 125 68 istam
825 1499 181 68 opinione.
964 1499 111 68 quia
1034 1499 97 68 tam
1075 1499 70 68 ma-

436 1538 127 65 teria
521 1538 113 65 quam
591 1538 127 65 forma
676 1538 240 65 substantialis
874 1538 113 65 quam
945 1538 170 65 qualitas
1058 1538 99 65 etiam

428 1585 94 75 si
475 1585 156 75 essent
585 1585 188 75 separate
725 1585 203 75 abinuicem
882 1585 109 75 per
944 1585 203 75 potentiam
1085 1585 78 75 di-

428 1623 146 73 uinam
525 1623 179 73 haberet
655 1623 244 73 vnumquodque
850 1623 179 73 istorum
980 1623 163 73 partem
1078 1623 81 73 ex-

435 1671 103 81 tra
494 1671 147 81 partem
597 1671 118 81 loco
670 1671 88 81 et
714 1671 118 81 situ
788 1671 220 81 distinctam.
964 1671 88 81 et
1008 1671 132 81 totum
1082 1671 73 81 co-

431 1719 191 68 existeret
578 1719 118 68 toti
652 1719 132 68 loco.
740 1719 88 68 et
784 1719 118 68 pars
858 1719 147 68 parti.
961 1719 88 68 et
1005 1719 103 68 per
1049 1719 118 68 conse-

440 1760 136 71 quens
531 1760 227 71 vnumquodque
712 1760 166 71 istorum
833 1760 136 71 esset
909 1760 242 71 circumscriptum

438 1800 92 79 ue
484 1800 92 79 in
529 1800 137 79 loco.
621 1800 137 79 habet
713 1800 137 79 tamen
804 1800 214 79 veritatem.
972 1800 122 79 quia
1034 1800 137 79 substam

442 1848 89 65 tia
493 1848 153 65 secundum
608 1848 76 65 se
646 1848 76 65 et
684 1848 165 65 essentiam
811 1848 102 65 suam
875 1848 89 65 non
925 1848 89 65 est
976 1848 191 65 diuisibilis
1116 1848 51 65 in

443 1897 147 72 partes
546 1897 118 72 loco
620 1897 88 72 et
664 1897 118 72 situ
738 1897 221 72 distinctas.
915 1897 118 72 quia
988 1897 103 72 hoc
1047 1897 103 72 non
1091 1897 74 72 com

440 1934 131 72 petit
528 1934 204 72 substantie
688 1934 117 72 nisi
761 1934 146 72 quando
864 1934 204 72 extenditur
1024 1934 88 72 et
1053 1934 117 72 potest

452 1979 147 72 vuundum
559 1979 80 72 se
599 1979 228 72 essentialiter
787 1979 161 72 existere
907 1979 107 72 sine
974 1979 107 72 omni
1028 1979 134 72 extensio

445 2022 99 68 ne.
501 2022 85 68 et
544 2022 99 68 sic
600 2022 141 68 potest
699 2022 212 68 verificari.
897 2022 85 68 Ad
940 2022 127 68 aliud
1025 2022 113 68 dico
1081 2022 85 68 quod

446 2065 112 71 duo
510 2065 161 71 quanta
623 2065 177 71 eiusdem
751 2065 193 71 rationis
896 2065 129 71 esse
976 2065 112 71 non
1024 2065 145 71 possunt

447 2108 92 71 in
493 2108 154 71 eodem.
600 2108 108 71 sed
662 2108 108 71 duo
723 2108 154 71 quanta
831 2108 184 71 alterius
969 2108 184 71 rationis
1092 2108 77 71 quo

442 2155 111 67 rum
505 2155 126 67 vnum
584 2155 111 67 est
648 2155 142 67 actus
742 2155 95 67 et
790 2155 142 67 aliud
885 2155 111 67 est
948 2155 190 67 potentia
1074 2155 95 67 siue

449 2198 107 77 per
510 2198 92 77 se
556 2198 123 77 siue
633 2198 107 77 per
694 2198 184 77 accidens
832 2198 169 77 possunt
954 2198 123 77 esse
1031 2198 92 77 in
1062 2198 107 77 eodem

462 2244 183 65 Exemplum
599 2244 137 65 primi
690 2244 91 65 de
736 2244 168 65 materia
858 2244 274 65 quantasecundum
1071 2244 107 65 istam

449 2294 209 66 opinionem
610 2294 97 66 et
658 2294 145 66 forma
755 2294 257 66 substantiali
964 2294 177 66 quanta.
1076 2294 97 66 Exem

462 2330 117 78 plum
535 2330 160 78 secundi
652 2330 88 78 de
696 2330 190 78 qualitate
842 2330 88 78 et
885 2330 204 78 substantia
1046 2330 102 78 vbi
1090 2330 88 78 vnum

459 2382 107 65 est
520 2382 91 65 in
565 2382 183 65 potentia
703 2382 229 65 accidentali
885 2382 183 65 respectu
1007 2382 168 65 alterius.

463 2424 96 60 Et
511 2424 112 60 non
575 2424 112 60 est
639 2424 144 60 causa
735 2424 192 60 querenda
879 2424 144 60 quare
975 2424 128 60 ista
1039 2424 144 60 possunt

462 2460 120 79 esse
537 2460 90 79 in
582 2460 150 79 eodem.
687 2460 120 79 nisi
762 2460 120 79 quia
836 2460 120 79 vnum
911 2460 105 79 est
971 2460 135 79 actus
1061 2460 90 79 et
1091 2460 90 79 ali-

464 2503 97 73 ud
512 2503 210 73 potentia.
674 2503 145 73 sicut
771 2503 242 73 philosophus
965 2503 145 73 dicit
1046 2503 129 73 octaue

459 2554 238 79 metaphisice
649 2554 127 79 quod
729 2554 111 79 non
792 2554 111 79 est
855 2554 190 79 querenda
998 2554 143 79 causa
1077 2554 111 79 quare

1210 163 176 92 materia
1338 163 96 92 et
1386 163 144 92 forma
1482 163 176 92 faciunt
1610 163 144 92 vnum:
1706 163 128 92 nisi
1786 163 128 92 quia
1850 163 96 92 vnnm

1214 225 108 64 est
1275 225 200 64 potentia:
1429 225 92 64 et
1475 225 138 64 aliud
1567 225 154 64 actus.
1675 225 200 64 Similiter
1829 225 108 64 non
1875 225 77 64 est

1213 273 143 58 causa
1308 273 191 58 querenda
1451 273 143 58 quare
1547 273 111 58 duo
1610 273 159 58 quanta
1722 273 175 58 eiusdem
1833 273 111 58 ratio

1211 314 108 64 nis
1272 314 108 64 non
1334 314 123 64 sunt
1411 314 93 64 in
1458 314 139 64 eodem
1550 314 139 64 loco:
1643 314 123 64 nisi
1720 314 123 64 quia
1797 314 123 64 vnum
1859 314 77 64 non

1212 358 98 69 est
1268 358 84 69 in
1310 358 168 69 potentia
1436 358 84 69 et
1478 358 126 69 aliud
1562 358 84 69 in
1604 358 126 69 actu.
1716 358 84 69 Ad
1758 358 126 69 aliud
1842 358 84 69 de
1870 358 84 69 cor-

1213 408 104 69 pore
1278 408 143 69 christi
1382 408 104 69 dico
1447 408 156 69 secundum
1564 408 156 69 opinione
1681 408 117 69 istam
1759 408 104 69 quod
1811 408 130 69 substam-

1222 455 100 54 tia
1279 455 171 54 corporis
1407 455 157 54 christi
1521 455 142 54 potest
1620 455 114 54 esse
1692 455 100 54 non
1749 455 157 54 extensa
1863 455 85 54 in
1891 455 57 54 ho

1224 496 113 58 stia
1294 496 141 58 eadem:
1393 496 127 58 tamen
1478 496 141 58 potest
1576 496 113 58 esse
1647 496 155 58 extensa
1760 496 85 58 in
1802 496 127 58 celo.
1873 496 71 58 nec

1228 539 112 62 hoc
1292 539 112 62 est
1356 539 272 62 inconueniens.
1580 539 128 62 quia
1659 539 96 62 in
1707 539 112 62 vno
1771 539 128 62 loco
1835 539 112 62 habet

1217 580 137 63 modum
1308 580 273 63 quantitatiuum.
1535 580 121 63 puta
1611 580 91 63 in
1657 580 121 63 celo
1733 580 91 63 in
1778 580 152 63 hostia
1869 580 76 63 non

1230 628 85 68 et
1272 628 142 68 quando
1372 628 156 68 dicitur
1485 628 113 68 quod
1556 628 170 68 extensio
1684 628 99 68 est
1740 628 184 68 accidens.
1868 628 85 68 quia

1229 677 144 65 potest
1330 677 173 65 aduenire
1460 677 87 65 et
1503 677 188 65 recedere.
1648 677 116 65 Dico
1720 677 116 65 quod
1778 677 173 65 dupliciter

1216 710 225 71 accipitur
1389 710 225 71 accidens.
1562 710 121 71 Uno
1631 710 138 71 modo
1718 710 121 71 pro
1787 710 173 71 aliqua
1891 710 69 71 re

1223 756 217 69 informante
1393 756 247 69 substantiam.
1594 756 124 69 Alio
1671 756 124 69 modo
1748 756 108 69 pro
1795 756 170 69 conceptu-

1233 800 229 75 predicabili
1416 800 92 75 de
1462 800 229 75 substantia.
1645 800 107 75 qui
1706 800 198 75 aliquando
1843 800 122 75 predi-

1234 854 120 62 catur
1314 854 80 62 de
1354 854 93 62 ea.
1407 854 173 62 aliquando
1540 854 107 62 non.
1607 854 120 62 primo
1687 854 107 62 modo
1754 854 160 62 secundum
1861 854 93 62 istam

1236 893 119 64 viam
1311 893 104 64 non
1370 893 104 64 est
1430 893 193 64 accidens.
1578 893 119 64 quia
1653 893 104 64 non
1712 893 104 64 est
1772 893 104 64 res
1816 893 149 64 absoluta

1239 932 100 72 vel
1296 932 215 72 respectiua.
1468 932 114 72 alia
1539 932 72 72 a
1568 932 200 72 substantia
1725 932 86 72 et
1768 932 200 72 qualitate.
1911 932 57 72 Se

1234 981 140 66 cundo
1328 981 125 66 modo
1406 981 109 66 est
1469 981 203 66 accidens.
1625 981 125 66 quia
1703 981 109 66 est
1765 981 156 66 quidam
1859 981 109 66 conce

1238 1025 119 71 ptus
1312 1025 104 71 qui
1372 1025 193 71 aliquando
1520 1025 208 71 predicatur
1684 1025 89 71 de
1728 1025 223 71 substantia.
1892 1025 74 71 ali

1240 1065 157 77 quando
1350 1065 125 77 non.
1428 1065 125 77 Unde
1506 1065 110 77 est
1569 1065 203 77 conceptus
1726 1065 250 77 connotatiuus
1913 1065 63 77 si

1232 1116 193 72 gnificans
1380 1116 222 72 substantiam
1558 1116 89 72 et
1603 1116 222 72 qualitatem.
1780 1116 133 72 tamen
1854 1116 119 72 conno-

1242 1156 139 64 tando
1334 1156 139 64 totum
1426 1156 216 64 coexistere
1596 1156 123 64 toti
1673 1156 92 64 et
1719 1156 154 64 partem
1827 1156 154 64 parti.
1919 1156 62 64 si

1248 1195 106 71 cut
1308 1195 166 71 duratio
1429 1195 151 71 angeli
1535 1195 211 71 significat
1700 1195 166 71 angelum
1806 1195 166 71 connotan-

1235 1240 92 72 do
1281 1240 108 72 eum
1342 1240 215 72 coexistere
1511 1240 154 72 alicui
1619 1240 231 72 successiue.
1834 1240 92 72 Ad
1865 1240 123 72 secun-

1247 1286 103 71 dum
1306 1286 118 71 dico
1380 1286 118 71 quod
1453 1286 103 71 non
1512 1286 103 71 est
1571 1286 191 71 quantitas
1718 1286 103 71 nec
1776 1286 176 71 extensio
1894 1286 88 71 sine

1237 1336 200 68 positione
1391 1336 108 68 que
1452 1336 108 68 est
1514 1336 123 68 ordo
1591 1336 169 68 partium
1714 1336 92 68 in
1760 1336 139 68 loco.
1853 1336 123 68 quia
1914 1336 62 68 po

1235 1372 177 73 sitiones
1368 1372 206 73 necessario
1530 1372 192 73 sequuntur
1677 1372 88 73 se
1722 1372 88 73 vt
1766 1372 177 73 probatum
1884 1372 88 73 est.

1238 1428 122 59 ideo
1314 1428 153 59 corpus
1421 1428 107 59 non
1482 1428 153 59 potest
1589 1428 122 59 esse
1665 1428 168 59 quantum
1787 1428 122 59 sine
1848 1428 137 59 vtraque

1257 1462 199 67 positione.
1413 1462 100 67 sed
1470 1462 85 67 in
1513 1462 142 67 hostia
1613 1462 100 67 non
1670 1462 100 67 est
1727 1462 157 67 quantum
1841 1462 100 67 nec
1883 1462 100 67 exten

1247 1515 126 59 sum.
1326 1515 126 59 quia
1405 1515 110 59 non
1468 1515 142 59 habet
1562 1515 142 59 modum
1656 1515 268 59 quantitatiuum
1908 1515 94 59 Ad
1940 1515 47 59 a

1248 1548 135 75 aliud
1338 1548 180 75 defigura
1473 1548 120 75 dico
1548 1548 135 75 sicut
1638 1548 90 75 de
1683 1548 225 75 quantitate.
1863 1548 120 75 quia
1923 1548 60 75 si

1253 1605 188 66 gnificat
1394 1605 234 66 substantiam
1582 1605 109 66 vel
1644 1605 219 66 qualitatem
1800 1605 188 66 connotando

1248 1644 146 65 talem:
1351 1644 88 65 et
1395 1644 132 65 talem
1482 1644 205 65 distantiam
1643 1644 161 65 partium
1760 1644 88 65 et
1804 1644 161 65 ordinem
1906 1644 88 65 par-

1243 1681 127 73 tium
1322 1681 95 73 in
1370 1681 127 73 toto
1449 1681 95 73 et
1497 1681 95 73 in
1545 1681 143 73 loco.
1640 1681 127 73 Nunc
1719 1681 143 73 autem
1814 1681 159 73 quando
1910 1681 79 73 sub

1257 1727 162 65 stantia
1375 1727 132 65 facit
1463 1727 118 65 vnum
1537 1727 118 65 sine
1610 1727 206 65 quantitate
1772 1727 88 65 et
1802 1727 177 65 extensione

1247 1773 137 63 sicut
1338 1773 107 63 est
1399 1773 91 63 in
1445 1773 244 63 eucharistia:
1643 1773 107 63 non
1704 1773 168 63 possunt
1825 1773 107 63 sic
1871 1773 122 63 partes

1248 1813 153 69 distare
1359 1813 83 69 et
1401 1813 167 69 ordinare
1526 1813 83 69 in
1568 1813 111 69 toto
1637 1813 97 69 vel
1693 1813 83 69 in
1735 1813 125 69 loco.
1818 1813 83 69 et
1860 1813 111 69 ideo
1915 1813 70 69 si-

1261 1858 97 67 cut
1317 1858 111 67 deus
1386 1858 125 67 facit
1470 1858 139 67 corpus
1567 1858 111 67 suum
1637 1858 111 67 sine
1707 1858 195 67 extensione
1860 1858 84 67 et
1888 1858 111 67 quanti

1263 1904 132 67 tate.
1352 1904 103 67 ita
1410 1904 118 67 sine
1484 1904 162 67 figura.
1602 1904 103 67 nec
1660 1904 118 67 plus
1734 1904 103 67 est
1778 1904 206 67 inconneniens

1270 1949 85 72 de
1312 1949 99 72 vno
1369 1949 113 72 quam
1440 1949 85 72 de
1482 1949 127 72 alio.
1567 1949 85 72 Et
1609 1949 141 72 quando
1708 1949 156 72 dicitur
1821 1949 113 72 quod
1878 1949 113 72 corpus

1265 1987 190 77 organicum
1412 1987 102 77 non
1470 1987 102 77 est
1528 1987 117 77 sine
1601 1987 161 77 figura.
1718 1987 117 77 dico
1791 1987 117 77 quod
1864 1987 117 77 deus
1923 1987 73 77 non

1264 2035 156 73 potest
1374 2035 156 73 facere
1483 2035 156 73 corpus
1593 2035 188 73 animatum
1734 2035 125 73 sine
1796 2035 188 73 extensione

1264 2078 99 67 et
1313 2078 181 67 vocando
1445 2078 165 67 corpus
1560 2078 198 67 animatum
1708 2078 198 67 extensum
1857 2078 132 67 sic:
1923 2078 82 67 vel

1260 2128 121 71 sic.
1335 2128 121 71 tunc
1411 2128 121 71 tale
1486 2128 121 71 deus
1562 2128 106 71 non
1622 2128 151 71 potest
1728 2128 151 71 facere
1834 2128 121 71 sine
1894 2128 106 71 figu-

1268 2169 94 70 ra.
1321 2169 108 70 quia
1389 2169 108 70 tale
1456 2169 94 70 vel
1510 2169 108 70 erit
1577 2169 135 70 rectum
1671 2169 94 70 vel
1725 2169 148 70 curuum.
1833 2169 81 70 et
1873 2169 94 70 sic
1913 2169 81 70 cor-

1287 2207 93 69 us
1333 2207 170 69 christi
1456 2207 262 69 ineucharistia
1672 2207 108 69 non
1734 2207 108 69 est
1780 2207 216 69 organisatum.

1298 2251 90 74 Ad
1343 2251 134 74 aliud
1432 2251 149 74 quando
1537 2251 164 74 dicitur
1656 2251 120 74 quod
1731 2251 149 74 natura
1836 2251 105 74 que
1881 2251 120 74 respi-

1275 2306 105 61 cit
1335 2306 240 61 contingenter
1530 2306 120 61 etc.
1605 2306 120 61 dico
1679 2306 120 61 quod
1754 2306 195 61 aliquando
1889 2306 105 61 conce

1273 2345 114 72 ptus
1344 2345 170 72 ordinati
1472 2345 85 72 in
1514 2345 128 72 linea
1599 2345 270 72 praedicamentali
1812 2345 185 72 significant

1271 2384 190 70 absolute
1413 2384 95 70 ea
1461 2384 111 70 que
1524 2384 253 70 significant:
1729 2384 142 70 sicut
1808 2384 190 70 substantia

1271 2428 141 70 homo.
1365 2428 156 70 animal
1475 2428 125 70 etc.
1553 2428 203 70 aliquando
1709 2428 125 70 sunt
1787 2428 203 70 conceptus
1928 2428 78 70 com

1263 2481 184 56 notatiui
1401 2481 107 56 qui
1462 2481 261 56 principaliter
1677 2481 230 56 significant
1861 2481 123 56 vnam
1922 2481 77 56 rem

1273 2516 95 82 et
1321 2516 159 82 eandem
1432 2516 95 82 et
1479 2516 206 82 connotant
1638 2516 143 82 aliam
1733 2516 111 82 rem
1797 2516 111 82 vel
1844 2516 159 82 negatio
