2273 3079
255 191 166 71 quantum
376 191 106 71 est
436 191 91 71 de
481 191 91 71 se
527 191 151 71 corpus
633 191 166 71 christi
753 191 91 71 in
784 191 196 71 eucharistia

252 246 121 51 Alia
327 246 136 51 causa
418 246 106 51 est
478 246 121 51 quod
554 246 106 51 non
614 246 151 51 potest
720 246 166 51 mouere.
841 246 121 51 quia
901 246 76 51 non

263 288 110 50 est
326 288 237 50 necessarium
516 288 126 50 quod
595 288 205 50 moueatur.
752 288 126 50 quia
815 288 174 50 immediate

245 334 189 48 mouetur
383 334 86 48 a
417 334 138 48 deo.
503 334 258 48 Confirmatur
710 334 155 48 sicut
813 334 155 48 modus
899 334 69 48 ad

255 377 222 60 cidentalis
429 377 206 60 existendi
587 377 253 60 quantitatiue
793 377 111 60 non
841 377 142 60 impedit

255 419 176 56 actionem
387 419 176 56 corporis
519 419 161 56 christi
637 419 88 56 in
681 419 147 56 animam
783 419 176 56 alicuius
901 419 73 56 bea

244 457 84 66 ti
286 457 168 66 secundum
412 457 112 66 eum:
482 457 112 66 quin
552 457 210 66 intellectus
719 457 126 66 beati
803 457 140 66 possit
887 457 98 66 vide-

248 511 80 52 re
288 511 133 52 corpus
380 511 159 52 christi.
500 511 119 52 licet
579 511 93 52 non
632 511 146 52 existat
738 511 225 52 quantitatiue.
911 511 66 52 ita

252 556 167 47 videtur
373 556 91 47 ex
418 556 121 47 alia
494 556 136 47 parte
585 556 121 47 quod
661 556 136 47 modus
752 556 121 47 ille
812 556 167 47 accidenta

261 599 104 49 lis
320 599 237 49 quantitatiue
513 599 192 49 existendi
661 599 104 49 non
720 599 178 49 impedit:
853 599 118 49 quin
912 599 74 49 cor

260 642 99 53 pus
316 642 156 53 christi
430 642 141 53 possit
529 642 113 53 pati
599 642 71 53 a
628 642 170 53 potentia
755 642 170 53 organica
882 642 85 53 et
910 642 71 53 non

252 689 189 54 organica
394 689 110 54 sue
457 689 142 54 anime
552 689 268 54 proportionata
772 689 142 54 sibi.
867 689 79 54 â‹
882 689 95 54 Ali-

254 729 99 59 ter
310 729 113 59 ergo
381 729 113 59 dico
451 729 85 59 ad
494 729 183 59 articulos
635 729 197 59 predictos.
790 729 113 59 quod
846 729 127 59 seposi-

249 777 105 44 tis
309 777 135 44 illis
399 777 105 44 que
460 777 120 44 sunt
535 777 135 44 fidei
625 777 105 44 non
685 777 150 44 potest
790 777 165 44 probari
896 777 75 44 per

243 816 197 52 rationem:
395 816 121 52 quin
470 816 137 52 omnem
561 816 182 52 actionem
698 816 91 52 et
743 816 197 52 passionem
880 816 91 52 ter-

246 861 177 55 minatam
375 861 97 55 ad
423 861 161 55 formam
536 861 209 55 absolutam
697 861 129 55 quam
778 861 161 55 potest
874 861 97 55 cor-

238 907 108 53 pus
299 907 154 53 habere
407 907 185 53 existens
546 907 92 53 in
592 907 123 53 loco
669 907 293 53 circumscriptiue
900 907 77 53 ha-

248 949 113 57 beat
318 949 85 57 in
361 949 113 57 loco
431 949 212 57 diffinitiue
600 949 85 57 et
643 949 99 57 non
699 949 240 57 quantitatiue.
882 949 85 57 quod

239 992 153 57 probo.
346 992 122 57 quia
422 992 107 57 non
483 992 138 57 minus
575 992 153 57 potest
682 992 168 57 aliquod
789 992 184 57 principium

238 1037 161 54 actiuum
356 1037 147 54 habere
458 1037 190 54 actionem:
605 1037 147 54 quando
707 1037 176 54 secundum
839 1037 88 54 se
868 1037 103 54 totum

247 1084 103 46 est
306 1084 161 46 presens
423 1084 146 46 alicui
526 1084 146 46 passo.
628 1084 117 46 puta
701 1084 146 46 alicui
789 1084 176 46 calefacti-

235 1127 131 53 bili.
323 1127 116 53 quam
395 1127 145 53 quando
497 1127 102 53 per
555 1127 116 53 vnam
628 1127 145 53 partem
730 1127 102 53 est
788 1127 160 53 presens
889 1127 73 53 vni

237 1173 88 52 et
281 1173 102 52 per
340 1173 132 52 aliam
427 1173 102 52 est
486 1173 161 52 presens
603 1173 161 52 alteri.
720 1173 102 52 sed
778 1173 146 52 corpus
866 1173 102 52 chri-

232 1215 100 61 sti
289 1215 85 61 in
331 1215 142 61 hostia
431 1215 100 61 est
488 1215 156 61 presens
601 1215 85 61 se
644 1215 114 61 toto
715 1215 142 61 hostie
815 1215 85 61 et
857 1215 114 61 toti
914 1215 57 61 et

236 1258 165 54 cuilibet
360 1258 138 54 parti.
457 1258 138 54 igitur
553 1258 124 54 calor
636 1258 165 54 corporis
760 1258 152 54 christi
857 1258 110 54 potest

244 1300 135 56 agere
334 1300 90 56 in
379 1300 165 56 hostiam
499 1300 90 56 et
544 1300 210 56 calefacere
709 1300 120 56 eam.
784 1300 105 56 Per
844 1300 120 56 idem
904 1300 60 56 po

238 1348 109 52 test
306 1348 149 52 probari
415 1348 109 52 quod
483 1348 136 52 corpus
578 1348 149 52 christi
686 1348 136 52 potest
781 1348 136 52 videri
876 1348 81 52 in
903 1348 68 52 ho-

235 1388 115 58 stia
306 1388 129 58 oculo
392 1388 200 58 corporali.
550 1388 115 58 quia
621 1388 100 58 est
679 1388 172 58 actiuum:
807 1388 100 58 non
850 1388 115 58 tantum

241 1431 89 56 in
286 1431 148 56 medium
389 1431 104 56 sed
449 1431 133 56 etiam
537 1431 89 56 in
582 1431 163 56 oculum.
700 1431 118 56 quia
774 1431 89 56 se
819 1431 118 56 toto
878 1431 74 56 est

237 1478 160 56 presens
354 1478 175 56 cuilibet
485 1478 131 56 parti
572 1478 131 56 oculi
659 1478 87 56 et
703 1478 146 56 medii.
805 1478 87 56 et
849 1478 102 56 per
892 1478 73 56 hoc

243 1521 159 46 sequitur
362 1521 106 46 quod
428 1521 80 46 si
468 1521 133 46 corpus
561 1521 146 46 christi
667 1521 133 46 potest
760 1521 146 46 causare
853 1521 106 46 visio-

241 1564 104 57 nem
301 1564 134 57 etiam
390 1564 149 57 primo:
495 1564 89 57 vt
539 1564 104 57 hic
599 1564 119 57 quod
674 1564 134 57 multo
763 1564 134 57 magis
838 1564 119 57 potest

236 1616 212 45 terminare
399 1616 147 45 talem
496 1616 212 45 visionem:
659 1616 98 45 vt
708 1616 114 45 hic
773 1616 147 45 primo
854 1616 98 45 term

230 1654 145 50 natam
326 1654 96 50 in
375 1654 145 50 oculo
471 1654 80 50 a
503 1654 129 50 solo
583 1654 129 50 deo.
664 1654 129 50 quia
744 1654 112 50 non
808 1654 145 50 minus
889 1654 64 50 re

231 1697 154 50 pugnat
338 1697 154 50 alicui
446 1697 200 50 existenti
601 1697 185 50 realiter
739 1697 139 50 primo
816 1697 139 50 termina

229 1738 86 51 re
272 1738 130 51 talem
358 1738 173 51 visionem
488 1738 115 51 quam
560 1738 101 51 non
618 1738 202 51 existenti.
776 1738 101 51 sed
834 1738 115 51 deus
891 1738 58 51 po

238 1789 120 53 test
313 1789 150 53 facere
418 1789 120 53 quod
492 1789 105 53 non
552 1789 179 53 existens
687 1789 179 53 terminet
806 1789 150 53 visionem

229 1825 205 50 intuitiuam:
394 1825 123 50 sicut
476 1825 123 50 alibi
558 1825 137 50 dictum
654 1825 110 50 est.
722 1825 110 50 ergo
791 1825 110 50 etc.
859 1825 68 50 â‹
873 1825 82 50 Item

228 1875 156 52 quando
338 1875 125 52 sunt
416 1875 109 52 duo
478 1875 172 52 actiua.
603 1875 156 52 quorum
712 1875 125 52 vnum
790 1875 109 52 est
852 1875 94 52 ex
884 1875 62 52 si

227 1916 199 46 actiuum:
376 1916 99 46 et
426 1916 182 46 ponitur
559 1916 166 46 habere
675 1916 232 46 consimilem
840 1916 116 46 modum

241 1959 187 55 existendi
385 1959 101 55 cum
442 1959 115 55 alio
514 1959 144 55 potest
615 1959 115 55 vnum
687 1959 130 55 agere
773 1959 130 55 sicut
845 1959 101 55 aliud

239 2000 101 65 sed
296 2000 129 65 anima
382 2000 230 65 intellectiua
569 2000 144 65 potest
670 2000 129 65 agere
756 2000 86 65 in
799 2000 144 65 corpus
885 2000 72 65 non

240 2048 177 50 obstante
373 2048 118 50 quod
447 2048 103 50 non
506 2048 148 50 habeat
610 2048 133 50 modum
698 2048 192 50 existendi
831 2048 133 50 quanti-

237 2091 172 55 tatiuum.
366 2091 115 55 quia
438 2091 216 55 Augustinus.
610 2091 101 55 ix.
668 2091 86 55 de
711 2091 201 55 trinitate.
854 2091 101 55 dicit

234 2136 127 55 quod
313 2136 142 55 anima
408 2136 158 55 magnam
519 2136 142 55 habet
614 2136 253 55 immutationem
804 2136 158 55 respectu

234 2179 193 51 corporis
378 2179 112 51 sui
443 2179 160 51 igitur
555 2179 144 51 eodem
651 2179 128 51 modo
731 2179 225 51 qualitates
892 2179 64 51 in

229 2215 152 65 corpore
340 2215 152 65 christi
451 2215 152 65 possunt
562 2215 125 65 agere
645 2215 83 65 in
687 2215 152 65 aliquod
798 2215 139 65 corpus
881 2215 69 65 non

241 2265 166 58 obstante
366 2265 111 58 quod
435 2265 97 58 non
490 2265 138 58 habeat
587 2265 125 58 modum
670 2265 235 58 quantitatiuum
850 2265 97 58 esset

242 2311 90 55 di.
294 2311 77 55 et
332 2311 90 55 sic
383 2311 77 55 vt
422 2311 141 55 videtur
525 2311 128 55 corpus
614 2311 141 55 christi
717 2311 128 55 potest
807 2311 141 55 causare
897 2311 64 55 par

243 2354 199 51 ticulariter
402 2354 159 51 visionem
522 2354 80 51 in
562 2354 120 51 oculo
641 2354 93 51 non
695 2354 173 51 glorioso.
827 2354 93 51 ita
867 2354 80 51 quod

246 2397 106 48 ille
312 2397 132 48 oculus
404 2397 132 48 videat
497 2397 132 48 corpus
589 2397 145 48 christi
695 2397 106 48 quod
761 2397 92 48 est
801 2397 158 48 principium

241 2444 151 47 actiuum
351 2444 82 47 ex
392 2444 124 47 parte
475 2444 165 47 obiecti:
598 2444 82 47 et
639 2444 192 47 principium
790 2444 165 47 passiuum
900 2444 55 47 ex

231 2484 136 52 parte
322 2484 152 52 oculi.
428 2484 91 52 et
473 2484 136 52 modus
564 2484 167 52 essendi
685 2484 258 52 quantitatiuus
882 2484 61 52 ne

233 2532 160 72 impedit:
353 2532 80 72 et
392 2532 107 72 alia
459 2532 173 72 requisita
592 2532 173 72 ponuntur.
725 2532 133 72 igitur
819 2532 133 72 potest
898 2532 67 72 po

1066 187 86 69 ni
1109 187 143 69 actio.
1209 187 115 69 Unde
1280 187 158 69 videtur
1395 187 115 69 quod
1467 187 115 69 ista
1538 187 200 69 propositio
1681 187 115 69 commu-

1081 242 105 59 nis
1141 242 120 59 quod
1216 242 150 59 agente
1321 242 225 59 approximato
1501 242 90 59 et
1546 242 135 59 passo
1621 242 165 59 disposito

1081 281 181 51 sequitur
1217 281 136 51 actio
1307 281 106 51 non
1368 281 106 51 est
1428 281 166 51 neganda
1549 281 121 51 nisi
1624 281 151 51 obuiet
1715 281 75 51 si-

1070 326 92 63 bi
1116 326 108 63 vel
1177 326 216 63 auctoritas
1347 326 108 63 vel
1409 326 247 63 experientia.
1609 326 77 63 â‹
1624 326 170 63 Experien-

1073 374 115 55 tia
1138 374 148 55 autem
1237 374 132 55 quam
1319 374 132 55 nunc
1401 374 181 55 habemus
1533 374 99 55 de
1582 374 181 55 corpore
1697 374 99 55 chri

1068 410 110 54 sti
1131 410 94 54 de
1178 410 141 54 facto
1272 410 110 54 non
1335 410 219 54 concludit.
1507 410 125 54 quia
1585 410 125 54 deus
1648 410 141 54 suspen-

1066 463 116 49 dit
1133 463 199 49 actionem
1282 463 182 49 istarum
1415 463 232 49 qualitatum
1597 463 116 49 non
1647 463 149 49 coagen-

1070 502 84 62 do
1112 502 98 62 cum
1168 502 125 62 illis
1251 502 84 62 vt
1293 502 139 62 agant.
1391 502 98 62 sed
1446 502 84 62 si
1488 502 181 62 coageret.
1614 502 167 62 viderentur

1069 548 105 55 nec
1129 548 105 55 est
1189 548 210 55 auctoritas
1354 548 90 55 in
1399 548 195 55 scriptura
1549 548 150 55 aliqua
1654 548 90 55 vt
1684 548 105 55 patet

1067 594 111 48 nec
1130 594 142 48 ratio
1225 594 111 48 est
1288 594 95 48 ad
1336 594 126 48 hoc.
1415 594 111 48 sed
1478 594 142 48 magis
1573 594 95 48 ad
1604 594 174 48 oppositum

1068 639 87 49 Ex
1112 639 116 49 isto
1185 639 175 49 sequitur
1316 639 116 49 quod
1388 639 145 49 corpus
1490 639 160 49 christi
1607 639 145 49 potest
1694 639 87 49 term

1054 682 134 48 nare
1138 682 234 48 corporalem
1321 682 217 48 visionem.
1488 682 134 48 quia
1572 682 117 48 non
1639 682 150 48 magis
1722 682 67 48 re

1056 731 153 48 pugnat
1163 731 153 48 alicui
1270 731 199 48 existenti
1422 731 183 48 realiter
1560 731 199 48 terminare
1697 731 92 48 cor-

1066 770 159 46 poralem
1181 770 174 46 visionem
1311 770 116 46 quam
1384 770 101 46 non
1441 770 202 46 existenti.
1601 770 130 46 sicut
1673 770 101 46 prius

1057 814 162 59 dictum
1170 814 113 59 est
1235 814 81 59 â‹
1267 814 146 59 Eodem
1364 814 129 59 modo
1445 814 129 59 dico
1526 814 129 59 quod
1607 814 113 59 non
1656 814 129 59 potest

1056 862 165 44 probari
1176 862 105 44 per
1236 862 180 44 rationem
1371 862 120 44 quod
1447 862 150 44 corpus
1552 862 105 44 ch.
1612 862 105 44 sti
1672 862 105 44 sub
1717 862 60 44 ho

1059 904 117 49 stia
1132 904 146 49 alicui
1235 904 146 49 actiuo
1337 904 234 49 sufficienter
1527 904 234 49 approximatum
1702 904 73 49 non

1059 952 152 51 potest
1165 952 91 51 ab
1211 952 121 51 illo
1286 952 137 51 pati.
1377 952 106 51 cum
1438 952 91 51 ab
1484 952 152 51 agente
1590 952 106 51 cui
1650 952 106 51 est
1696 952 91 51 pre-

1055 992 112 51 sens
1125 992 168 51 secundum
1251 992 140 51 partem
1349 992 140 51 tantum
1448 992 140 51 possit
1546 992 126 51 pati:
1616 992 168 51 multomagis

1059 1040 133 51 potest
1152 1040 106 51 pati
1218 1040 80 51 ab
1258 1040 133 51 agente
1351 1040 93 51 cui
1404 1040 93 51 est
1457 1040 146 51 presens
1563 1040 159 51 secundum
1683 1040 80 51 se
1710 1040 66 51 to-

1049 1069 115 68 tum
1114 1069 82 68 â‹
1147 1069 181 68 Quantum
1278 1069 99 68 ad
1328 1069 197 68 secundum
1475 1069 99 68 de
1525 1069 181 68 actione
1656 1069 99 68 et
1689 1069 82 68 pas

1056 1118 140 62 sione
1150 1118 233 62 terminantis
1336 1118 93 62 ad
1383 1118 140 62 locum
1476 1118 78 62 â‹
1508 1118 124 62 Dico
1585 1118 124 62 quod
1648 1118 124 62 corpus

1062 1169 146 47 potest
1165 1169 146 47 moueri
1267 1169 175 47 realiter
1398 1169 88 47 et
1442 1169 190 47 localiter
1588 1169 88 47 in
1617 1169 161 47 sacramen-

1047 1201 106 57 to.
1107 1201 121 57 quia
1183 1201 106 57 est
1244 1201 197 57 vbicunque
1395 1201 106 57 est
1456 1201 167 57 hostia.
1577 1201 167 57 Secundo
1683 1201 91 57 dico

1062 1256 124 57 quod
1140 1256 155 57 potest
1249 1256 155 57 moueri
1357 1256 93 57 in
1404 1256 217 57 sacramento
1574 1256 109 57 per
1621 1256 155 57 virtutem

1063 1300 186 49 creatam.
1202 1300 124 49 quia
1279 1300 139 49 habet
1372 1300 186 49 virtutem
1512 1300 201 49 organicam
1667 1300 93 49 et
1698 1300 77 49 non

1055 1341 210 57 organicam
1216 1341 113 57 qua
1281 1341 162 57 potest
1394 1341 178 57 moueri.
1523 1341 97 57 Et
1572 1341 113 57 per
1620 1341 162 57 vtranque

1061 1385 204 47 virtutem
1214 1385 170 47 potest
1333 1385 170 47 moueri
1451 1385 102 47 in
1502 1385 255 47 sacramento.
1689 1385 85 47 hoc

1055 1431 223 49 probatur.
1226 1431 137 49 quia
1312 1431 171 49 quando
1432 1431 188 49 aliquid
1569 1431 154 49 habet
1654 1431 120 49 modum

1062 1477 174 52 essendi
1188 1477 252 52 conuenientem
1393 1477 158 52 mobili
1504 1477 95 52 et
1551 1477 142 52 modum
1630 1477 142 52 essendi

1061 1518 274 53 conuenientem
1284 1518 189 53 mouenti
1421 1518 120 53 non
1490 1518 120 53 est
1541 1518 240 53 inconueniens

1052 1563 141 47 illud
1146 1563 156 47 moueri
1256 1563 94 47 et
1302 1563 141 47 aliud
1396 1563 172 47 mouere.
1521 1563 109 47 sed
1584 1563 156 47 corpus
1678 1563 109 47 chri-

1055 1604 115 48 sti
1120 1604 147 48 habet
1218 1604 147 48 modum
1317 1604 180 48 essendi
1448 1604 262 48 conuenientem
1644 1604 131 48 mobili

1059 1652 76 41 et
1097 1652 115 41 anima
1174 1652 140 41 christi
1276 1652 115 41 habet
1352 1652 115 41 modum
1428 1652 140 41 essendi
1530 1652 204 41 conuenientem
1683 1652 89 41 mouen

1057 1691 93 59 ti
1103 1691 170 59 quantum
1227 1691 93 59 ad
1273 1691 201 59 potentiam
1428 1691 108 59 non
1490 1691 217 59 organicam.
1645 1691 124 59 igitur

1057 1738 122 55 etc.
1133 1738 122 55 Unde
1209 1738 137 55 sicut
1300 1738 167 55 angelus
1422 1738 152 55 potest
1529 1738 152 55 mouere
1635 1738 91 55 se
1681 1738 91 55 et
1711 1738 61 55 po

1060 1780 155 57 tentia
1168 1780 186 57 organica
1307 1780 155 57 potest
1415 1780 124 57 esse
1493 1780 139 57 ratio
1585 1780 170 57 mouendi
1694 1780 77 57 cor

1058 1822 124 54 pus.
1136 1822 109 54 ita
1198 1822 140 54 anima
1291 1822 248 54 intellectiua
1493 1822 155 54 potest
1601 1822 155 54 mouere
1694 1822 78 54 cor

1055 1872 118 49 pus
1123 1872 152 49 suum.
1224 1872 135 49 siue
1308 1872 169 49 corpus
1426 1872 169 49 habeat
1544 1872 152 49 modum
1628 1872 135 49 essend

1050 1915 274 54 quantitatiuum
1275 1915 129 54 siue
1356 1915 129 54 non.
1436 1915 80 54 â‹
1468 1915 113 54 Sed
1533 1915 161 54 dubium
1645 1915 113 54 est
1694 1915 80 54 que

1056 1960 109 51 est
1119 1960 187 51 potentia
1259 1960 187 51 organica
1399 1960 93 51 et
1445 1960 109 51 que
1508 1960 109 51 non
1570 1960 202 51 organica.
1710 1960 62 51 et

1059 2009 129 49 quid
1140 2009 113 49 est
1204 2009 162 49 mouere
1317 2009 194 49 organice
1463 2009 97 49 et
1511 2009 129 49 quid
1592 2009 113 49 non
1641 2009 129 49 organi

1048 2041 108 58 ce.
1109 2041 77 58 â‹
1140 2041 201 58 Respondeo
1295 2041 186 58 potentia
1434 2041 186 58 organica
1573 2041 108 58 est
1635 2041 108 58 que
1682 2041 77 58 vti

1043 2090 112 44 tur
1107 2090 319 44 organolcorporali
1378 2090 96 44 in
1425 2090 175 44 actione
1553 2090 127 44 sua.
1617 2090 143 44 cuiusmo

1047 2128 95 55 di
1095 2128 126 55 sunt
1173 2128 142 55 omnes
1268 2128 189 55 potentie
1410 2128 173 55 extense
1536 2128 95 55 in
1583 2128 189 55 materia.
1709 2128 63 55 si

1040 2178 113 53 cut
1104 2178 194 53 potentie
1250 2178 226 53 sensitiue.
1428 2178 194 53 Potentia
1573 2178 113 53 non
1622 2178 145 53 orgeni-

1050 2222 90 53 ca
1095 2222 105 53 est
1155 2222 120 53 illa
1230 2222 105 53 que
1290 2222 105 53 non
1350 2222 150 53 vtitur
1456 2222 150 53 organo
1561 2222 195 53 corporali
1696 2222 60 53 in

1045 2260 167 59 actione
1166 2260 122 59 sua.
1242 2260 137 59 sicut
1334 2260 228 59 intellectus
1516 2260 91 59 et
1561 2260 198 59 voluntas.
1698 2260 61 59 Io

1044 2301 152 54 hannes
1150 2301 136 54 autem
1241 2301 136 54 ponit
1332 2301 121 54 quod
1408 2301 136 54 anima
1498 2301 242 54 intellectiua
1680 2301 76 54 ha-

1043 2352 113 51 bet
1107 2352 210 51 potentiam
1269 2352 210 51 organicam
1431 2352 97 51 et
1479 2352 113 51 non
1544 2352 210 51 organicam
1689 2352 65 51 et

1047 2395 102 51 hoc
1106 2395 176 51 sequitur
1238 2395 88 51 si
1282 2395 161 51 ponatur
1399 2395 117 51 quod
1472 2395 132 51 anima
1545 2395 205 51 intellectiua

1042 2440 84 52 et
1084 2440 181 52 sensitiua
1223 2440 84 52 in
1265 2440 139 52 homine
1363 2440 112 52 sunt
1432 2440 125 52 eadem
1516 2440 139 52 forma.
1614 2440 112 52 tunc
1669 2440 84 52 enim

1044 2487 138 49 anima
1135 2487 138 49 habet
1227 2487 168 49 quasdam
1349 2487 199 49 potentias
1502 2487 214 49 organicas.
1655 2487 92 49 quia

1044 2526 185 67 sensitiuas
1189 2526 79 67 et
1229 2526 145 67 quasdam
1334 2526 92 67 non
1387 2526 185 67 organicas.
1532 2526 106 67 quia
1585 2526 172 67 intellectum
