2226 3082
406 196 103 103 et
457 196 257 103 voluntatem.
663 196 120 103 sed
732 196 189 103 econtra
869 196 120 103 qui
937 196 171 103 ponunt
1040 196 103 103 ani-

417 281 103 55 mam
476 281 250 55 intellectiuam
682 281 191 55 distingui
829 281 177 55 realiter
962 281 74 55 a
976 281 162 55 sensitiua

429 320 89 62 in
474 320 148 62 homine
577 320 148 62 habent
681 320 148 62 ponere
785 320 118 62 quod
859 320 133 62 anima
933 320 207 62 intellectiua

420 362 102 62 in
471 362 187 62 corpore
607 362 153 62 habet
709 362 221 62 potentiam
880 362 119 62 non
931 362 204 62 organicam.

427 405 113 65 Sed
491 405 129 65 quid
572 405 113 65 est
636 405 161 65 mouere
749 405 193 65 organice
894 405 97 65 et
943 405 113 65 non
991 405 145 65 organi-

416 451 117 72 ce.
483 451 84 72 ⁋
517 451 217 72 Respondeo
684 451 167 72 mouere
801 451 201 72 organice
951 451 117 72 est
1001 451 134 72 mouere

427 491 148 72 primo
525 491 131 72 vnam
607 491 164 72 partem
722 491 99 72 et
771 491 131 72 post
853 491 197 72 mediante
1001 491 131 72 illa
1067 491 82 72 ali

428 544 96 54 am.
483 544 123 54 sicut
565 544 96 54 est
619 544 82 54 in
660 544 109 54 motu
729 544 177 54 animalium
865 544 109 54 quod
933 544 164 54 scilicet
1042 544 96 54 primo

419 581 139 70 forte
511 581 170 70 mouetur
635 581 108 70 cor
697 581 124 70 motu
774 581 155 70 locali
882 581 185 70 realiter
1021 581 93 70 et
1052 581 93 70 post

414 629 210 67 mediante
571 629 140 67 motu
658 629 175 67 cordis
781 629 140 67 alia
868 629 140 67 pars
956 629 157 67 magis
1043 629 105 67 pro-

417 669 146 71 pinqua
520 669 88 71 et
564 669 117 71 post
637 669 161 71 tertia.
753 669 88 71 et
797 669 102 71 sic
856 669 175 71 deinceps
987 669 88 71 et
1031 669 102 71 hoc
1075 669 73 71 vni

417 710 220 69 uersaliter
590 710 94 69 in
638 710 126 69 omni
716 710 126 69 motu
795 710 205 69 composito
952 710 94 69 ex
999 710 142 69 pulsu
1078 710 63 69 et

419 757 156 69 tractu
528 757 93 69 et
575 757 93 69 in
622 757 125 69 omni
700 757 125 69 motu
778 757 109 69 vbi
840 757 140 69 primo
933 757 187 69 pellitur
1058 757 78 69 vna

428 798 122 72 pars
504 798 91 72 et
549 798 122 72 post
625 798 182 72 trahitur
762 798 137 72 alia.
853 798 106 72 Sed
914 798 152 72 mouere
1020 798 106 72 non
1066 798 76 72 or-

421 845 163 71 ganice
535 845 114 71 est
600 845 163 71 mouere
715 845 147 71 totum
812 845 98 71 et
861 845 163 71 partem
976 845 131 71 eque
1041 845 98 71 pri-

418 882 107 79 mo.
479 882 137 79 sicut
570 882 168 79 angelus
693 882 92 79 in
739 882 168 79 corpore
861 882 199 79 assumpto.
1014 882 122 79 quia
1075 882 76 79 est

429 927 138 66 totus
521 927 92 66 in
567 927 123 66 toto
644 927 92 66 et
690 927 92 66 in
736 927 184 66 qualibet
874 927 138 66 parte
967 927 154 66 totus.
1059 927 92 66 ideo

430 976 127 62 eque
509 976 142 62 primo
604 976 142 62 mouet
699 976 206 62 quanlibet
857 976 158 62 partem
968 976 79 62 ⁋
1000 976 111 62 Est
1047 976 95 62 eti-

431 1017 96 61 am
479 1017 144 61 totus
575 1017 96 61 in
623 1017 128 61 toto
703 1017 96 61 et
751 1017 144 61 totus
846 1017 96 61 in
894 1017 192 61 qualibet
1022 1017 128 61 parte.

419 1064 142 71 sicut
514 1064 142 71 motor
608 1064 94 71 in
655 1064 173 71 mobili.
781 1064 110 71 non
844 1064 142 71 autem
938 1064 142 71 sicut
1017 1064 126 71 perfe-

422 1102 115 67 ctio
493 1102 86 67 in
537 1102 244 67 perfectibili.
738 1102 129 67 sicut
824 1102 129 67 anima
910 1102 230 67 intellectiua
1082 1102 72 67 est

418 1153 122 65 tota
494 1153 91 65 in
540 1153 122 65 toto
616 1153 91 65 et
662 1153 122 65 tota
738 1153 91 65 in
783 1153 183 65 qualibet
920 1153 152 65 parte.
1027 1153 107 65 non
1073 1153 76 65 ta-

429 1197 114 58 men
494 1197 146 58 mouet
591 1197 146 58 totum
689 1197 130 58 eque
770 1197 146 58 primo
868 1197 98 58 et
916 1197 211 58 quanlibet
1063 1197 81 58 pat

418 1239 133 60 tem.
502 1239 116 60 sed
568 1239 150 60 primo
668 1239 150 60 mouet
768 1239 133 60 vnam
851 1239 166 60 partem
967 1239 100 60 et
1017 1239 133 60 post
1083 1239 67 60 me

428 1289 149 54 diante
532 1289 119 54 illa
607 1289 149 54 aliam.
711 1289 134 54 sicut
801 1289 134 54 prius
890 1289 149 54 dictum
995 1289 119 54 est.
1055 1289 89 54 Quia

434 1325 132 57 licet
522 1325 132 57 anima
610 1325 103 57 sit
669 1325 117 57 tota
742 1325 88 57 in
786 1325 117 57 toto
860 1325 88 57 et
904 1325 117 57 tota
977 1325 88 57 in
1006 1325 147 57 qualibet

434 1362 152 71 parte.
540 1362 107 71 non
601 1362 137 71 tamen
693 1362 137 71 sicut
784 1362 137 71 motor
876 1362 91 71 in
921 1362 168 71 mobili.
1043 1362 107 71 sed
1089 1362 61 71 si

432 1420 97 53 cut
488 1420 180 53 perfectio
626 1420 83 53 in
667 1420 235 53 perfectibili.
861 1420 83 53 et
903 1420 83 53 ex
944 1420 97 53 hoc
1000 1420 125 53 patet
1069 1420 83 53 quod

416 1464 152 55 anima
517 1464 269 55 intellectiua
736 1464 101 55 in
787 1464 152 55 nobis
888 1464 118 55 non
955 1464 168 55 potest
1056 1464 101 55 moue

428 1502 98 57 re
477 1502 164 57 corpus
591 1502 180 57 nostrum
722 1502 115 57 non
788 1502 213 57 organice.
952 1502 98 57 et
1001 1502 115 57 hoc
1050 1502 98 57 quia

430 1549 155 58 primo
533 1549 155 58 mouet
636 1549 138 58 vnam
723 1549 172 58 partem
843 1549 103 58 et
895 1549 138 58 post
981 1549 155 58 aliam
1067 1549 86 58 mo-

429 1589 94 63 do
476 1589 109 63 iam
539 1589 156 63 dicto.
648 1589 94 63 et
695 1589 140 63 etiam
788 1589 125 63 quia
866 1589 140 63 inter
960 1589 156 63 partes
1054 1589 109 63 talis

433 1635 187 62 corporis
573 1635 109 62 est
636 1635 202 62 distantia
791 1635 187 62 localis.
931 1635 124 62 quia
1009 1635 140 62 totum
1086 1635 78 62 non

435 1684 171 50 coexistit
567 1684 158 50 cuilibet
685 1684 132 50 parti.
778 1684 79 50 et
817 1684 106 50 ideo
883 1684 79 50 ad
923 1684 92 50 hoc
976 1684 106 50 quod
1028 1684 119 50 aliquid

437 1718 160 63 moueat
549 1718 192 63 organice
693 1718 224 63 requiritur
869 1718 128 63 quod
949 1718 144 63 primo
1029 1718 128 63 moueat

435 1763 120 60 vnam
510 1763 150 60 partem
615 1763 90 60 et
660 1763 120 60 post
735 1763 165 60 alteram
856 1763 90 60 et
901 1763 120 60 quod
976 1763 135 60 inter
1051 1763 105 60 illas

434 1812 128 61 partes
524 1812 89 61 sit
575 1812 179 61 distantia.
715 1812 77 61 et
754 1812 89 61 hoc
805 1812 89 61 est
856 1812 115 61 solum
933 1812 128 61 quando
1022 1812 115 61 totum
1086 1812 64 61 est

437 1853 275 55 circumscriptiue
668 1853 87 55 in
711 1853 130 55 loco.
798 1853 101 55 ita
856 1853 116 55 quod
928 1853 130 55 totum
1000 1853 159 55 correspon

432 1897 118 54 deat
506 1897 118 54 toti
580 1897 88 54 et
624 1897 118 54 pars
697 1897 103 54 vni
756 1897 133 54 parti
845 1897 133 54 prec.
933 1897 103 54 se.
992 1897 103 54 Sed
1036 1897 118 54 potest

437 1940 96 59 ne
485 1940 144 59 anima
581 1940 256 59 intellectiua
789 1940 96 59 in
837 1940 176 59 christo
965 1940 160 59 mouere
1061 1940 96 59 cor-

435 1979 106 65 pus
495 1979 166 65 christi
616 1979 181 65 organice
752 1979 91 65 et
797 1979 106 65 non
857 1979 196 65 organice.
1008 1979 121 65 Dico
1068 1979 91 65 quod

436 2026 139 49 anima
528 2026 247 49 intellectiua
728 2026 170 49 christi
852 2026 92 49 in
898 2026 123 49 celo
975 2026 154 49 potest
1068 2026 92 49 moue

444 2070 89 59 re
489 2070 148 59 corpus
592 2070 163 59 christi
711 2070 193 59 organice.
859 2070 133 59 sicut
948 2070 133 59 anima
1023 2070 133 59 intelle

442 2118 139 52 ctiua
534 2118 108 52 mea
596 2118 93 52 et
643 2118 139 52 solum
736 2118 124 52 sic.
813 2118 108 52 Tum
875 2118 124 52 quia
953 2118 155 52 corpus
1046 2118 108 52 chri-

449 2160 93 56 sti
502 2160 80 56 in
542 2160 107 56 celo
609 2160 93 56 est
662 2160 253 56 circumscriptiue
876 2160 80 56 in
916 2160 120 56 loco.
996 2160 93 56 ita
1049 2160 107 56 quod
1102 2160 67 56 est

444 2202 202 56 distantia
600 2202 140 56 inter
693 2202 156 56 partes
802 2202 202 56 corporis.
958 2202 109 56 Tum
1020 2202 124 56 quia
1082 2202 78 56 so-

449 2247 117 57 lum
516 2247 151 57 mouet
617 2247 151 57 primo
718 2247 134 57 vnam
802 2247 168 57 partem
919 2247 101 57 et
969 2247 134 57 post
1037 2247 117 57 aliam

443 2291 97 52 Et
491 2291 113 52 est
556 2291 194 52 potentia
701 2291 129 52 tunc
782 2291 162 52 motiua
895 2291 113 52 non
960 2291 194 52 organice
1089 2291 81 52 vo-

441 2340 152 51 luntas
547 2340 107 51 que
608 2340 152 51 potest
715 2340 183 51 appetere
852 2340 168 51 aliquid
974 2340 168 51 distans
1081 2340 76 51 pro

442 2387 137 47 pter
528 2387 137 47 quod
614 2387 137 47 vult
699 2387 172 47 corpus
820 2387 137 47 suum
905 2387 189 47 mouere.
1026 2387 137 47 Secun-

442 2415 84 53 do
484 2415 113 53 dico
555 2415 113 53 quod
625 2415 127 53 anima
709 2415 225 53 intellectiua
892 2415 155 53 christi
1005 2415 99 53 sub
1047 2415 113 53 hostia

441 2466 151 59 potest
547 2466 151 59 mouere
653 2466 151 59 corpus
759 2466 167 59 christi
880 2466 106 59 non
941 2466 197 59 organice.
1077 2466 91 59 quia

443 2518 194 41 organice
588 2518 113 41 non
653 2518 161 41 potest
766 2518 161 41 mouere
879 2518 97 41 in
927 2518 226 41 sacramento
1088 2518 65 41 eo

445 2550 130 75 quod
526 2550 114 75 non
591 2550 163 75 potest
706 2550 147 75 primo
803 2550 163 75 mouere
917 2550 130 75 vnam
999 2550 163 75 partem
1097 2550 65 75 et

1229 194 128 78 post
1309 194 144 78 aliam
1405 194 192 78 mediante
1549 194 160 78 prima.
1660 194 128 78 quia
1740 194 144 78 inter
1820 194 128 78 partes

1225 267 184 41 corporis
1363 267 107 41 hic
1424 267 107 41 vel
1485 267 107 41 ibi
1547 267 107 41 non
1608 267 107 41 est
1670 267 199 41 distantia
1808 267 153 41 localis.

1221 306 122 47 quia
1297 306 138 47 totum
1389 306 107 47 est
1450 306 92 47 in
1496 306 122 47 toto
1573 306 92 47 et
1618 306 138 47 totum
1710 306 92 47 in
1756 306 184 47 qualibet
1879 306 76 47 par

1228 345 108 51 te.
1289 345 93 51 et
1336 345 124 51 ideo
1413 345 108 51 non
1475 345 155 51 potest
1584 345 155 51 mouere
1692 345 124 51 vnam
1769 345 155 51 partem
1862 345 93 51 pri-

1235 393 82 48 us
1276 393 109 48 quam
1344 393 136 48 aliam.
1440 393 109 48 quia
1508 393 164 48 quelibet
1631 393 109 48 pars
1699 393 95 48 est
1753 393 95 48 cum
1808 393 123 48 alia.
1890 393 95 48 sed

1233 437 108 49 non
1294 437 186 49 organice
1434 437 155 49 potest
1542 437 155 49 moueri
1651 437 217 49 localiter.
1821 437 124 49 quia
1883 437 62 49 po

1228 483 116 46 test
1300 483 145 46 velle.
1401 483 87 46 et
1445 483 130 46 credo
1532 483 116 46 quod
1604 483 116 46 vult
1677 483 145 46 corpus
1778 483 116 46 suum
1851 483 87 46 de
1880 483 72 46 fa-

1233 522 108 57 cto
1294 522 155 57 moueri
1403 522 93 57 ad
1449 522 139 57 motum
1542 522 170 57 hostie.
1666 522 93 57 et
1712 522 108 57 hoc
1774 522 170 57 propter
1883 522 77 57 com

1238 567 229 52 formitatem
1417 567 229 52 voluntatis
1597 567 114 52 sue
1663 567 98 52 ad
1712 567 229 52 voluntatem
1875 567 82 52 di-

1228 610 139 61 uinam
1320 610 155 61 potest
1428 610 139 61 illud
1521 610 155 61 corpus
1629 610 124 61 sic.
1707 610 155 61 moueri
1815 610 93 61 et
1846 610 108 61 vult.

1233 659 97 49 et
1281 659 113 49 sic
1346 659 178 49 volendo
1476 659 97 49 si
1524 659 194 49 moueatur
1670 659 162 49 hostia
1783 659 146 49 mouet
1864 659 97 49 tunc

1236 704 158 57 corpus
1347 704 127 57 suum
1426 704 111 57 non
1489 704 206 57 organice.
1647 704 127 57 quia
1727 704 127 57 eque
1806 704 142 57 primo
1885 704 63 57 to

1221 741 101 62 tum
1278 741 86 62 et
1321 741 187 62 quanlibet
1465 741 115 62 eius
1537 741 158 62 partem.
1653 741 86 62 eo
1696 741 115 62 quod
1768 741 130 62 totum
1854 741 101 62 est
1897 741 58 62 in

1228 787 115 46 toto
1299 787 86 46 et
1343 787 86 46 in
1386 787 172 46 qualibet
1515 787 144 46 parte.
1615 787 86 46 et
1658 787 101 46 non
1716 787 101 46 est
1773 787 187 46 distantia
1903 787 57 46 in

1233 836 113 50 ter
1298 836 162 50 partes
1411 836 113 50 que
1476 836 227 50 necessario
1654 836 243 50 requiruntur
1848 836 97 50 ad
1880 836 81 50 mo-

1237 872 117 52 uere
1311 872 190 52 organice.
1457 872 73 52 ⁋
1486 872 88 52 Ex
1530 872 103 52 hoc
1589 872 132 52 patet
1677 872 117 52 quod
1750 872 147 52 quando
1838 872 132 52 mouetur

1233 918 157 51 hostia
1343 918 141 51 anima
1437 918 251 51 intellectiua
1641 918 172 51 christi
1766 918 141 51 mouet
1845 918 125 51 volun-

1232 967 129 48 tate
1312 967 113 48 sua
1377 967 209 48 immediate
1538 967 161 48 corpus
1651 967 177 48 christi
1780 967 113 48 sub
1828 967 129 48 hostia

1236 1002 109 55 non
1298 1002 202 55 orgauice.
1453 1002 140 55 sicut
1546 1002 140 55 causa
1639 1002 202 55 partialis
1778 1002 186 55 concurrens

1234 1057 118 50 cum
1301 1057 219 50 voluntate
1470 1057 168 50 diuina
1587 1057 202 50 causante
1722 1057 235 50 contingenter

1238 1092 218 59 disponente
1410 1092 140 59 illud
1503 1092 156 59 corpus
1612 1092 156 59 moueri
1721 1092 93 59 ad
1767 1092 93 59 mo
1814 1092 109 59 tum
1861 1092 93 59 homo

1236 1140 135 48 stie.
1326 1140 90 48 et
1371 1140 105 48 hoc
1430 1140 135 48 totum
1520 1140 105 48 est
1580 1140 165 48 propter
1700 1140 254 48 conformitatem
1894 1140 60 48 ve

1239 1184 194 51 luntatis
1384 1184 162 51 humane
1498 1184 97 51 iu
1546 1184 178 51 christo
1676 1184 97 51 ad
1724 1184 227 51 voluntatem
1886 1184 81 51 di-

1229 1223 154 68 uinam.
1336 1223 92 68 et
1382 1223 108 68 sic
1444 1223 200 68 intelligo
1597 1223 123 68 quod
1674 1223 138 68 anima
1751 1223 215 68 intellectiua

1235 1268 181 52 christi
1366 1268 148 52 mouet
1464 1268 164 52 corpus
1579 1268 131 52 suum
1661 1268 98 52 in
1710 1268 164 52 hostia
1825 1268 115 52 non
1875 1268 98 52 orga

1231 1315 133 64 nice.
1320 1315 74 64 ⁋
1350 1315 89 64 Si
1394 1315 148 64 queras
1498 1315 119 64 quid
1572 1315 89 64 si
1616 1315 133 64 anima
1705 1315 163 64 christi
1809 1315 163 64 suspendat

1236 1358 148 53 actum
1334 1358 230 53 voluntatis
1515 1358 115 53 sue
1581 1358 181 53 mouetur
1712 1358 99 53 ne
1761 1358 164 53 corpus
1860 1358 115 53 chri-

1234 1405 105 55 sti
1294 1405 90 55 ad
1339 1405 135 55 motum
1428 1405 165 55 hostie:
1548 1405 120 55 Dico
1623 1405 120 55 quod
1698 1405 105 55 sic
1758 1405 90 55 et
1802 1405 105 55 hoc
1847 1405 120 55 posito

1234 1445 122 57 tunc
1310 1445 137 57 solum
1401 1445 197 57 moueretur
1553 1445 76 57 a
1583 1445 122 57 deo.
1659 1445 91 57 et
1705 1445 106 57 sic
1766 1445 137 57 forte
1841 1445 122 57 potest

1231 1489 217 54 intelligi
1398 1489 200 54 Iohannes
1549 1489 100 54 in
1599 1489 117 54 hac
1665 1489 167 54 parte.
1782 1489 117 54 Sed
1832 1489 134 54 potest

1242 1540 92 47 ne
1288 1540 139 47 anima
1380 1540 246 47 intellectiua
1580 1540 169 47 christi
1704 1540 92 47 in
1750 1540 154 47 hostia
1842 1540 139 47 separa-

1233 1576 89 58 ri
1278 1576 89 58 ab
1322 1576 163 58 hostia.
1440 1576 104 58 ita
1500 1576 118 58 quod
1574 1576 104 58 non
1633 1576 192 58 moueretur
1781 1576 89 58 ad
1825 1576 133 58 motum
1899 1576 74 58 ho-

1251 1624 117 49 stie.
1329 1624 104 49 Dico
1395 1624 104 49 quod
1460 1624 91 49 sic
1512 1624 104 49 nisi
1577 1624 117 49 esset
1656 1624 170 49 ordinatio
1786 1624 131 49 diuina
1878 1624 78 49 in
1904 1624 78 49 con-

1239 1664 176 50 trarium
1367 1664 112 50 que
1431 1664 96 50 de
1478 1664 144 50 facto
1574 1664 176 50 ordinat
1702 1664 160 50 semper
1813 1664 144 50 illud
1893 1664 80 50 cor

1245 1709 118 57 pus
1312 1709 168 57 moueri
1430 1709 101 57 ad
1481 1709 151 57 motum
1581 1709 185 57 hostie.
1716 1709 118 57 sed
1783 1709 118 57 non
1834 1709 134 57 obstan

1239 1760 97 40 te
1287 1760 130 40 illa
1369 1760 243 40 ordinatione
1563 1760 162 40 potest
1677 1760 195 40 separare
1823 1760 97 40 se
1871 1760 97 40 ab
1904 1760 81 40 ho-

1235 1790 129 54 stia
1316 1790 97 54 et
1364 1790 113 54 hoc
1429 1790 178 54 volendo
1558 1790 210 54 quiescere
1720 1790 162 54 hostia
1833 1790 129 54 mota
1898 1790 81 54 vel

1234 1843 168 49 hostia
1352 1843 235 49 quiescente
1536 1843 185 49 volendo
1671 1843 201 49 recedere
1822 1843 101 49 et
1872 1843 134 49 moue

1245 1886 96 49 ri
1293 1886 96 49 ad
1341 1886 144 49 alium
1437 1886 160 49 locum.
1549 1886 128 49 tunc
1630 1886 144 49 esset
1726 1886 144 49 causa
1806 1886 176 49 partialis

1248 1928 246 53 concurrens
1441 1928 123 53 cum
1512 1928 123 53 deo
1582 1928 105 53 ad
1634 1928 228 53 causandum
1810 1928 158 53 istum
1897 1928 88 53 mo-

1245 1966 129 59 tum.
1325 1966 97 59 et
1374 1966 145 59 eodem
1470 1966 129 59 modo
1551 1966 161 59 potest
1664 1966 193 59 separari
1809 1966 145 59 illud
1889 1966 81 59 cor

1247 2011 108 65 pus
1308 2011 92 65 ab
1354 2011 154 65 hostia
1462 2011 200 65 predictis
1616 2011 154 65 modis.
1723 2011 138 65 sicut
1815 2011 138 65 causa
1892 2011 77 65 to-

1247 2052 158 57 talis.
1358 2052 79 57 ⁋
1389 2052 173 57 Quantum
1515 2052 95 57 ad
1562 2052 173 57 tertium
1689 2052 126 57 dico
1767 2052 126 57 quod
1830 2052 158 57 christus

1253 2104 94 53 in
1300 2104 220 53 sacramento
1473 2104 173 53 altaris
1599 2104 157 53 potest
1709 2104 236 53 intelligere
1882 2104 94 53 natu

1252 2150 155 50 raliter
1364 2150 84 50 et
1407 2150 183 50 intuitiue
1547 2150 112 50 alia
1618 2150 169 50 obiecta.
1744 2150 84 50 ac
1786 2150 84 50 si
1828 2150 127 50 esset
1899 2150 70 50 ibi

1246 2196 244 49 quantitatiue.
1447 2196 143 49 potest
1547 2196 129 49 etiam
1633 2196 100 49 ibi
1690 2196 187 49 intelligi
1834 2196 86 49 et
1863 2196 100 49 vide-

1247 2241 94 43 ri
1294 2241 234 43 naturaliter
1482 2241 94 43 et
1529 2241 203 43 intuitiue
1685 2241 109 43 non
1747 2241 156 43 tantum
1857 2241 94 43 ab
1888 2241 78 43 in-

1244 2278 187 52 tellectu
1385 2278 203 52 angelico.
1541 2278 109 52 nec
1604 2278 141 52 anima
1697 2278 187 52 separata
1838 2278 109 52 sed
1885 2278 78 52 eti

1257 2326 90 51 am
1302 2326 90 51 ab
1347 2326 135 51 oculo
1437 2326 195 51 corporali
1587 2326 120 51 nisi
1663 2326 135 51 esset
1753 2326 180 51 speciale
1873 2326 90 51 impe

1255 2366 188 58 dimentum.
1399 2366 87 58 de
1443 2366 101 58 quo
1500 2366 130 58 supra
1587 2366 159 58 patuit.
1703 2366 87 58 et
1746 2366 101 58 hoc
1804 2366 101 58 non
1847 2366 116 58 tantum

1254 2417 92 44 est
1306 2417 118 44 verum
1385 2417 145 44 quantum
1491 2417 79 44 ad
1530 2417 237 44 substantialia.
1727 2417 92 44 sed
1780 2417 118 44 etiam
1846 2417 118 44 quantum

1249 2462 79 47 ad
1288 2462 224 47 accidentalia.
1473 2462 92 47 hec
1526 2462 145 47 patent.
1632 2462 106 47 quia
1698 2462 132 47 posito
1790 2462 132 47 actiuo
1869 2462 106 47 suffi-

1251 2495 139 57 ciente
1349 2495 84 57 et
1390 2495 153 57 passiuo
1502 2495 181 57 disposito
1641 2495 84 57 et
1683 2495 209 57 approximato
1836 2495 139 57 sequitur

1248 2549 122 55 actio.
1333 2549 86 55 hoc
1382 2549 86 55 non
1431 2549 86 55 est
1480 2549 134 55 neganda
1578 2549 98 55 nisi
1639 2549 147 55 appereat
1749 2549 110 55 ratio
1822 2549 134 55 euidens
1908 2549 61 55 iun
