2256 3081
406 223 92 72 est
459 223 79 72 in
498 223 145 72 secundo
604 223 92 72 hic
657 223 119 72 autem
736 223 92 72 non
789 223 92 72 est
841 223 145 72 aliquid
947 223 145 72 passum.
1039 223 106 72 igitur

417 288 111 57 etc.
487 288 70 57 ⁋
514 288 153 57 Quantum
626 288 83 57 ad
667 288 167 57 secundam
792 288 236 57 difficultatem
987 288 139 57 istius
1070 288 70 57 ar-

418 327 149 55 ciculi.
527 327 122 55 primo
608 327 163 55 videndum
730 327 95 55 est
785 327 122 55 vtrum
866 327 108 55 illa
934 327 190 55 accidentia
1069 327 68 55 pos

418 369 115 58 sint
490 369 173 58 corrumpi
619 369 86 58 ab
663 369 144 58 aliquo
763 369 144 58 agente
864 369 158 58 creato.
980 369 158 58 Secundo
1080 369 58 58 an

422 415 77 60 de
461 415 116 60 illis
538 415 128 60 potest
628 415 128 60 aliqua
717 415 180 60 substantia
859 415 167 60 generari.
987 415 141 60 Quantum
1090 415 77 60 ad

417 467 121 54 primam
502 467 121 54 parten
586 467 133 54 dicitur
683 467 169 54 communiter
816 467 97 54 quod
876 467 145 54 accidens
985 467 157 54 separatum
1094 467 48 54 ab

409 504 96 51 omni
469 504 144 51 subiecto
577 504 108 51 nulla
649 504 132 51 virtute
745 504 120 51 creata
830 504 120 51 potest
914 504 156 51 corrumpi:
1034 504 96 51 quia
1082 504 48 51 il

418 543 68 61 la
452 543 158 61 accidentia
575 543 79 61 non
620 543 124 61 possunt
710 543 135 61 corrumpi
812 543 90 61 nisi
868 543 79 61 per
913 543 214 61 annihilationem:
1082 543 56 61 sed

406 582 114 63 nulla
483 582 153 63 creatura
597 582 127 63 potest
686 582 178 63 annihilare
826 582 114 63 sicut
902 582 89 63 nec
953 582 140 63 creare.
1042 582 102 63 igitur

405 631 101 56 etc.
468 631 63 56 ⁋
493 631 101 56 Alit
556 631 101 56 dico
619 631 101 56 quod
682 631 151 56 creatura
795 631 126 56 potest
883 631 176 56 annihilare
1021 631 113 56 licet
1084 631 63 56 non

416 674 120 65 creare.
503 674 98 65 cuius
568 674 98 65 ratio
634 674 87 65 est:
688 674 87 65 quia
742 674 109 65 quando
819 674 120 65 aliquod
906 674 98 65 agens
971 674 131 65 naturale
1058 674 87 65 equali

415 717 80 63 ter
460 717 69 63 et
495 717 195 63 indifferentur
656 717 69 63 se
690 717 103 63 habet
759 717 69 63 ad
793 717 103 63 multa
862 717 92 63 siue
920 717 138 63 infinita
1012 717 126 63 equaliter

417 760 75 68 et
454 760 100 68 eque
516 760 112 68 primo
591 760 112 68 facit
666 760 112 68 omnia
741 760 87 68 vel
791 760 137 68 nullum.
891 760 87 68 sed
941 760 112 68 agens
1004 760 137 68 equaliter

407 810 81 52 et
447 810 229 52 indifferentur
636 810 81 52 se
676 810 121 52 habet
757 810 81 52 ad
798 810 121 52 omnes
879 810 162 52 effectus
987 810 148 52 creabiles

419 849 94 66 sub
472 849 134 66 aliqua
566 849 148 66 specie.
674 849 107 66 puta
741 849 161 66 infinita
862 849 175 66 indiuidua
996 849 94 66 sub
1037 849 107 66 specie

408 895 141 58 hominis.
514 895 94 58 quia
573 895 82 58 cum
620 895 118 58 omniam
702 895 153 58 creabilia
820 895 94 58 sint
879 895 106 58 purum
950 895 118 58 nihil.
1032 895 82 58 non
1067 895 71 58 plus

408 938 220 61 appropinquat
587 938 110 61 vnum
656 938 165 61 creabile
780 938 138 61 agenti
876 938 110 61 quam
945 938 138 61 aliud.
1042 938 83 61 et
1069 938 69 61 per

414 981 154 65 consequens
535 981 99 65 omnia
601 981 99 65 talia
666 981 143 65 equaliter
776 981 143 65 respicit.
886 981 110 65 igitur
962 981 66 65 si
995 981 110 65 potest
1061 981 77 65 causa

408 1023 79 58 re
447 1023 92 58 non
500 1023 132 58 potest
593 1023 172 58 assignari
725 1023 119 58 ratio
804 1023 132 58 aliqua
896 1023 119 58 quare
975 1023 106 58 plus
1028 1023 119 58 creabit

416 1069 83 60 vnum
468 1069 83 60 quam
520 1069 135 60 infinita.
623 1069 62 60 et
655 1069 73 60 per
696 1069 156 60 consequens:
821 1069 83 60 quia
873 1069 125 60 creatura
966 1069 73 60 non
1008 1069 104 60 potest
1070 1069 73 60 simul

418 1112 84 56 et
460 1112 126 56 semel
544 1112 140 56 creare
642 1112 168 56 infinita
768 1112 98 56 non
825 1112 140 56 potest
923 1112 154 56 aliquid
1021 1112 126 56 creare.

420 1156 116 53 Agens
497 1156 116 53 autem
574 1156 193 53 voluntarium
729 1156 116 53 cuius
806 1156 141 53 volitio
909 1156 90 53 est
960 1156 116 53 causa
1037 1156 103 53 rei:
1089 1156 64 53 ali

403 1209 84 48 ter
451 1209 72 48 se
487 1209 120 48 habet:
570 1209 96 48 quia
630 1209 72 48 in
666 1209 155 48 voluntate
785 1209 84 48 sua
833 1209 84 48 est
881 1209 155 48 producere
1001 1209 72 48 et
1036 1209 84 48 non
1072 1209 72 48 pro-

423 1244 146 54 ducere.
529 1244 93 54 sed
582 1244 93 54 sic
635 1244 93 54 non
689 1244 93 54 est
742 1244 80 54 de
782 1244 199 54 annihilare:
941 1244 106 54 quia
1008 1244 120 54 agens
1074 1244 80 54 natu

407 1286 113 60 rale
478 1286 156 60 creatum
591 1286 170 60 respicit
718 1286 141 60 aliter
817 1286 113 60 vnum
888 1286 226 60 annihilabile
1057 1286 85 60 quam

415 1331 119 58 aliud:
498 1331 71 58 eo
534 1331 95 58 quod
594 1331 214 58 quodlibeteorum
772 1331 83 58 est
820 1331 71 58 in
855 1331 95 58 actu
915 1331 71 58 et
951 1331 95 58 vnum
1010 1331 119 58 potest
1082 1331 71 58 plus

419 1378 210 53 approximari
587 1378 140 53 agenti
685 1378 168 53 naturali
812 1378 112 53 quam
882 1378 140 53 aliud.
980 1378 112 53 ideo
1036 1378 112 53 conce-

414 1415 77 65 do
453 1415 103 65 quod
517 1415 154 65 creatura
633 1415 129 65 potest
723 1415 180 65 annihilare
864 1415 116 65 licet
941 1415 90 65 non
993 1415 141 65 creare.
1083 1415 77 65 vnde

412 1463 170 63 mirabile
539 1463 127 63 esset
624 1463 85 63 si
667 1463 113 63 haec
737 1463 127 63 esset
822 1463 156 63 modicum
936 1463 142 63 frigus
1021 1463 127 63 separa-

419 1508 110 60 tum:
488 1508 83 60 et
530 1508 248 60 approximaretur
736 1508 110 60 sibi
805 1508 152 60 maximus
916 1508 124 60 ignis
998 1508 110 60 quod
1053 1508 97 60 ignis

415 1559 96 47 non
470 1559 137 47 potest
566 1559 123 47 illud
648 1559 137 47 frigus
743 1559 191 47 destruere.
893 1559 82 47 Si
934 1559 123 47 dicas
1016 1559 109 47 quod
1071 1559 82 47 crea

415 1592 110 58 tura
484 1592 83 58 in
525 1592 110 58 omni
594 1592 152 58 actione
704 1592 96 58 sua
760 1592 138 58 exigit
856 1592 165 58 materiam
980 1592 83 58 et
1007 1592 152 58 subiectum

421 1641 187 55 cunmcurrens.
573 1641 152 55 Respondeo
691 1641 94 55 quod
749 1641 105 55 verum
819 1641 82 55 est
866 1641 70 55 in
901 1641 94 55 omni
960 1641 129 55 actione
1053 1641 82 55 sua
1088 1641 59 55 pro

414 1696 157 46 ductiua:
532 1696 92 46 sed
584 1696 92 46 non
636 1696 144 46 oportet
741 1696 78 46 in
780 1696 105 46 omni
845 1696 144 46 actione
950 1696 92 46 sua
989 1696 170 46 destructiua

421 1731 186 59 cuiusmodi
564 1731 100 59 est
621 1731 229 59 annihilatio.
807 1731 86 59 Si
850 1731 129 59 dicas
936 1731 114 59 quod
1007 1731 129 59 agens
1079 1731 72 59 na-

417 1772 137 58 turale
513 1772 96 58 non
568 1772 96 58 per
623 1772 82 58 se
664 1772 164 58 intendit
787 1772 233 58 destructionem
979 1772 164 58 alicuius
1089 1772 68 58 igi

419 1816 100 54 tur
476 1816 100 54 per
533 1816 86 54 se
576 1816 171 54 intendit
704 1816 129 54 primo
790 1816 171 54 alicuius
919 1816 228 54 productionem
1090 1816 57 54 et

432 1862 167 53 secundario
563 1862 203 53 corruptionem.
730 1862 119 53 igitur
813 1862 71 53 si
849 1862 119 53 potest
933 1862 167 53 annihilare
1052 1862 95 53 potest

423 1904 142 49 creare.
526 1904 103 49 Item
591 1904 77 49 in
630 1904 194 49 eucharistia
785 1904 116 49 patet
862 1904 103 49 quod
927 1904 90 49 non
978 1904 181 49 producitur
1107 1904 52 49 no

421 1960 103 40 uus
480 1960 133 40 color
569 1960 118 40 nisi
643 1960 103 40 per
702 1960 222 40 inductionem
879 1960 163 40 coloris
983 1960 177 40 contrarii.

430 1992 74 55 Ad
467 1992 123 55 primum
552 1992 123 55 potest
638 1992 98 55 dici
700 1992 98 55 quod
761 1992 123 55 falsum
847 1992 86 55 est
896 1992 147 55 loquendo
994 1992 160 55 generaliter

430 2036 73 49 Ad
466 2036 145 49 secundum
575 2036 121 49 potest
660 2036 97 49 dici
721 2036 97 49 quod
781 2036 109 49 color
854 2036 97 49 vnus
915 2036 121 49 potest
999 2036 145 49 corrumpi
1096 2036 61 49 per

422 2088 123 49 agens
504 2088 150 49 creatum
613 2088 82 49 et
654 2088 205 49 annihilatur
818 2088 109 49 modo
886 2088 177 49 predicto:
1023 2088 95 49 sed
1064 2088 95 49 alius

425 2119 94 58 non
478 2119 189 58 producitur
627 2119 94 58 per
681 2119 121 58 agens
762 2119 162 58 creatum:
883 2119 94 58 sed
937 2119 175 58 immediate
1072 2119 67 58 a
1086 2119 67 58 deo

436 2165 178 50 causatur:
573 2165 82 50 et
614 2165 110 50 tunc
683 2165 96 50 ibi
738 2165 110 50 deus
806 2165 151 50 supplet
916 2165 123 50 vicem
998 2165 151 50 agentis
1094 2165 68 50 cre

426 2214 90 54 ati
478 2214 141 54 tanquam
580 2214 116 54 causa
658 2214 141 54 totalis
760 2214 77 54 in
799 2214 193 54 producendo:
953 2214 116 54 licet
1030 2214 77 54 in
1056 2214 103 54 corrum

437 2265 124 48 pendo
520 2265 97 48 sit
575 2265 124 48 tamen
658 2265 124 48 causa
741 2265 180 48 partialis
879 2265 97 48 cum
934 2265 166 48 creatura
1045 2265 124 48 concur-

430 2298 126 52 rens.
514 2298 70 52 ⁋
542 2298 154 52 Quantum
654 2298 84 52 ad
696 2298 168 52 secundum
822 2298 154 52 videtur
934 2298 112 52 mihi
1004 2298 140 52 dicere
1088 2298 84 52 pro-

443 2341 158 48 pabilius
561 2341 105 48 quod
627 2341 145 48 proprie
733 2341 158 48 loquendo
851 2341 79 48 de
891 2341 119 48 illis
970 2341 171 48 speciebus
1088 2341 66 48 non

427 2383 142 67 potest
526 2383 156 67 aliquid
639 2383 184 67 generari.
781 2383 99 67 nec
837 2383 156 67 virtute
951 2383 142 67 creata
1050 2383 99 67 nec
1092 2383 71 67 in-

428 2432 145 57 creata:
534 2432 106 57 quia
600 2432 119 57 illud
679 2432 145 57 dicitur
785 2432 145 57 proprie
890 2432 159 57 generari
1009 2432 106 57 quod
1075 2432 93 57 fit
1115 2432 53 57 ex

429 2473 156 58 agente
539 2473 219 58 necessario
710 2473 187 58 exigente
851 2473 172 58 passum:
976 2473 94 58 et
1023 2473 125 58 quia
1085 2473 78 58 hic

429 2520 108 50 non
490 2520 108 50 est
552 2520 170 50 materia
675 2520 108 50 nec
737 2520 170 50 aliquod
860 2520 170 50 passum.
984 2520 123 50 ideo
1046 2520 123 50 nullum

437 2558 120 59 agens
517 2558 146 59 creatum
623 2558 133 59 potest
716 2558 146 59 aliquam
823 2558 200 59 substantiam
983 2558 80 59 ex
1023 2558 120 59 illis
1089 2558 80 59 spe-

442 2611 148 70 ciebus
546 2611 192 70 generare:
693 2611 103 70 nec
752 2611 162 70 virtute
870 2611 162 70 propria
988 2611 103 70 nec
1032 2611 133 70 svirtu

1244 207 79 80 te
1283 207 105 80 dei.
1349 207 118 80 sicut
1428 207 79 80 in
1467 207 145 80 secundo
1573 207 197 80 aliqualiter
1730 207 158 80 probatum
1849 207 105 80 est.
1901 207 66 80 hoc

1236 287 142 50 probatur
1343 287 142 50 ratione:
1449 287 95 50 quia
1508 287 71 50 si
1543 287 71 50 ex
1579 287 106 50 illis
1650 287 118 50 posset
1733 287 142 50 generari
1839 287 118 50 aliqua
1910 287 59 50 sub

1241 326 171 50 stantia
1366 326 109 50 aut
1428 326 140 50 esset
1521 326 171 50 materia
1646 326 109 50 aut
1708 326 156 50 forma.
1817 326 109 50 non
1864 326 93 50 mate

1242 370 104 45 ria:
1307 370 104 45 quia
1372 370 91 45 est
1424 370 208 45 producibilis
1593 370 65 45 a
1620 370 104 45 solo
1685 370 104 45 deo.
1750 370 91 45 non
1802 370 130 45 forma:
1880 370 78 45 quia

1242 414 117 51 ipsa
1315 414 102 51 non
1374 414 205 51 producitur
1535 414 219 51 naturaliter
1710 414 117 51 sine
1783 414 175 51 materia.
1900 414 73 51 nec

1246 468 210 38 compositum:
1414 468 112 38 quia
1484 468 154 38 materia
1596 468 70 38 a
1624 468 112 38 solo
1694 468 98 38 deo
1750 468 168 38 creatur.
1862 468 98 38 tamen

1237 501 113 46 deus
1308 501 85 46 de
1350 501 170 46 potentia
1478 501 99 46 sua
1535 501 170 46 absoluta
1662 501 142 46 potest
1761 501 99 46 ibi
1818 501 142 46 facere
1903 501 57 46 ma

1230 548 148 45 teriam
1334 548 119 45 sine
1408 548 134 45 forma
1497 548 89 45 et
1542 548 148 45 formam
1646 548 119 45 sine
1720 548 163 45 materia
1838 548 89 45 et
1868 548 104 45 totum

1230 589 195 47 compositum.
1386 589 78 47 et
1425 589 104 47 quod
1490 589 182 47 accidentia
1634 589 104 47 illa
1699 589 169 47 informant
1829 589 117 47 illud
1894 589 78 47 com-

1236 628 167 61 positum
1357 628 106 61 vel
1418 628 182 61 materiam
1554 628 136 61 sicut
1645 628 151 61 placet
1751 628 136 61 sibi.
1827 628 136 61 Quantum

1230 686 72 42 ad
1266 686 167 42 mutationem
1397 686 143 42 secundum
1504 686 167 42 qualitatem
1635 686 95 42 siue
1695 686 83 42 sit
1743 686 143 42 secundum
1838 686 119 42 intensio

1231 719 97 59 nem
1286 719 83 59 et
1328 719 207 59 remissionem
1494 719 111 59 siue
1563 719 166 59 inductio
1687 719 97 59 vel
1743 719 180 59 generatio
1867 719 97 59 vnius

1235 759 188 54 qualitatis
1382 759 80 54 et
1422 759 174 54 corruptio
1556 759 161 54 alterius
1677 759 94 54 est
1731 759 201 54 diuersimode
1878 759 94 54 dicen

1243 806 121 57 dum:
1319 806 136 57 sicut
1409 806 121 57 sunt
1485 806 167 57 diuerse
1606 806 212 57 opiniones.
1773 806 167 57 Secudum
1879 806 91 57 enim

1249 845 91 54 vnam
1306 845 91 54 viam
1363 845 126 54 illarum
1454 845 68 54 et
1488 845 103 54 illam
1557 845 91 54 quae
1614 845 103 54 ponit
1682 845 171 54 quantitatem
1819 845 137 54 realiter
1911 845 68 54 dif-

1233 891 122 63 ferre
1315 891 68 63 a
1342 891 190 63 substantia
1491 891 81 63 et
1532 891 190 63 qualitate.
1681 891 108 63 dico
1749 891 108 63 quod
1816 891 122 63 talia
1884 891 95 63 acci-

1244 935 138 51 dentia
1341 935 152 51 possunt
1452 935 138 51 mutari
1549 935 166 51 secundum
1673 935 208 51 intensionem
1839 935 83 51 et
1867 935 97 51 remis

1236 982 146 56 sionem.
1342 982 80 56 et
1382 982 133 56 potest
1475 982 93 56 vna
1528 982 160 56 qualitas
1648 982 199 56 naturaliter
1807 982 160 56 corrumpi
1914 982 53 56 et

1240 1027 100 49 alia
1303 1027 163 49 generari.
1429 1027 113 49 Cuius
1504 1027 113 49 ratio
1580 1027 100 49 est.
1642 1027 100 49 quia
1705 1027 88 49 ibi
1755 1027 88 49 est
1793 1027 176 49 determinatum

1236 1070 142 59 actiuum
1339 1070 77 59 et
1378 1070 155 59 passiuum
1494 1070 219 59 approximatum.
1675 1070 129 59 igitur
1765 1070 90 59 ibi
1817 1070 129 59 potest
1895 1070 77 59 esse

1245 1110 141 56 actio:
1343 1110 84 56 ac
1386 1110 84 56 si
1428 1110 127 56 esset
1512 1110 98 56 ibi
1568 1110 211 56 substantia.
1737 1110 98 56 Sed
1793 1110 141 56 tenedo
1878 1110 98 56 illam

1248 1162 100 51 viam
1310 1162 100 51 quod
1372 1162 162 51 quantitas
1497 1162 87 51 non
1546 1162 199 51 distinguitur
1708 1162 149 51 realiter
1820 1162 62 51 a
1833 1162 149 51 substantia

1246 1201 83 58 et
1288 1201 193 58 qualitate:
1439 1201 110 58 tunc
1508 1201 96 58 non
1563 1201 138 58 potest
1659 1201 165 58 qualitas
1783 1201 110 58 noua
1838 1201 138 58 generari

1236 1244 87 54 nec
1285 1244 125 54 potest
1373 1244 137 54 intendi
1473 1244 100 54 nisi
1535 1244 87 54 per
1585 1244 150 54 virtutem
1698 1244 175 54 increatam.
1835 1244 112 54 Cuius
1898 1244 87 54 ratio

1235 1289 114 50 est:
1306 1289 114 50 quia
1378 1289 129 50 nihil
1463 1289 100 50 est
1521 1289 200 50 receptiuum
1678 1289 172 50 actionis
1792 1289 186 50 acquisitiue

1243 1340 185 46 creature.
1385 1340 99 46 Non
1442 1340 156 46 tenendo
1555 1340 114 46 quod
1626 1340 170 46 creatura
1754 1340 142 46 potest
1839 1340 142 46 annihila

1247 1377 90 49 re:
1298 1377 102 49 tunc
1362 1377 128 49 potest
1452 1377 102 49 illa
1516 1377 153 49 qualitas
1631 1377 153 49 corrumpi
1746 1377 77 49 et
1784 1377 141 49 remitti
1887 1377 90 49 per
1925 1377 51 49 a-

1249 1427 114 52 gens
1320 1427 171 52 naturale
1448 1427 85 52 et
1491 1427 114 52 alia
1562 1427 142 52 induci
1662 1427 128 52 solum
1747 1427 100 52 per
1790 1427 185 52 creationem:

1243 1476 99 41 nec
1299 1476 155 41 videtur
1412 1476 99 41 hoc
1468 1476 169 41 mirabile
1595 1476 127 41 magis
1679 1476 84 41 de
1722 1476 183 41 qualitate
1862 1476 113 41 quam
1919 1476 56 41 de

1240 1506 205 63 substantia.
1404 1506 82 63 et
1445 1506 123 63 tamen
1527 1506 123 63 multi
1609 1506 137 63 dicunt
1705 1506 109 63 quod
1773 1506 123 63 forma
1841 1506 137 63 substan-

1254 1552 125 52 tialis
1341 1552 87 52 non
1391 1552 125 52 potest
1478 1552 137 52 produci
1577 1552 87 52 sub
1627 1552 112 52 illis
1702 1552 162 52 speciebus
1827 1552 100 52 nisi
1889 1552 62 52 a
1901 1552 75 52 solo

1252 1599 100 56 deo.
1314 1599 75 56 et
1351 1599 87 56 hoc
1401 1599 100 56 quia
1464 1599 87 56 ibi
1514 1599 87 56 non
1564 1599 87 56 est
1614 1599 137 56 aliquod
1714 1599 162 56 subiectum
1839 1599 75 56 in
1876 1599 100 56 quod
1926 1599 50 56 a-

1248 1641 117 57 gens
1322 1641 161 57 creatum
1439 1641 147 57 possit
1542 1641 147 57 agere.
1645 1641 73 57 ⁋
1674 1641 147 57 Contra
1777 1641 117 57 ista
1850 1641 117 57 sunt
1909 1641 73 57 ali

1249 1687 91 53 qua
1301 1687 130 53 dubia.
1392 1687 117 53 primo
1469 1687 78 53 de
1508 1687 91 53 hoc
1560 1687 104 53 quod
1625 1687 143 53 dicitur
1729 1687 156 53 secundum
1832 1687 143 53 opinionem

1242 1729 124 58 primam
1329 1729 75 58 de
1366 1729 187 58 quantitate:
1515 1729 87 58 vel
1565 1729 149 58 secundam
1677 1729 100 58 quod
1739 1729 174 58 rarefactio
1876 1729 87 58 non
1914 1729 62 58 est

1245 1775 100 53 nisi
1308 1775 150 53 secundum
1421 1775 138 53 maiorem
1521 1775 188 53 extensionem
1672 1775 175 53 substantie
1810 1775 100 53 rare
1872 1775 100 53 siue
1922 1775 63 53 per

1250 1815 151 50 maiorem
1360 1815 219 50 quantitatem.
1538 1815 151 50 Contra.
1648 1815 110 50 tunc
1717 1815 110 50 vnus
1785 1815 165 50 pugillus
1895 1815 96 50 ignis

1245 1859 97 56 non
1300 1859 179 56 diceretur
1438 1859 138 56 rarior
1535 1859 97 56 vno
1590 1859 152 56 pugillo
1700 1859 138 56 terre:
1797 1859 110 56 quia
1852 1859 124 56 vterque

1249 1904 106 60 habet
1320 1904 130 60 equalem
1415 1904 177 60 extensionem
1556 1904 95 60 siue
1616 1904 189 60 quodtitatem:
1769 1904 95 60 quia
1816 1904 154 60 quantitatem

1250 1949 124 57 vnius
1333 1949 165 57 pugilli.
1457 1949 152 57 Secudum
1567 1949 97 57 est
1623 1949 165 57 secundum
1747 1949 138 57 primam
1829 1949 152 57 opinionem

1253 1996 196 47 rarefactio
1407 1996 98 47 non
1463 1996 98 47 est
1519 1996 112 47 nisi
1589 1996 126 47 motus
1674 1996 168 47 localis:
1800 1996 112 47 quia
1870 1996 98 47 non
1912 1996 70 47 est

1252 2036 128 55 maior
1337 2036 170 55 extensio
1464 2036 113 55 nisi
1535 2036 113 55 quia
1606 2036 142 55 partes
1705 2036 198 55 coexistunt
1847 2036 142 55 pluribus

1261 2084 150 46 partibus
1373 2084 100 46 loci
1436 2084 100 46 quam
1498 2084 100 46 ante
1561 2084 88 46 hoc
1611 2084 113 46 autem
1686 2084 88 46 non
1736 2084 88 46 est
1786 2084 100 46 nisi
1848 2084 88 46 per
1886 2084 88 46 motum

1254 2124 158 54 localem.
1372 2124 132 54 igitur
1464 2124 105 54 etc.
1530 2124 66 54 ⁋
1557 2124 145 54 Tertium
1662 2124 92 54 est
1715 2124 118 54 vtrum
1794 2124 184 54 rarefactio
1925 2124 66 54 pos

1262 2168 78 55 sit
1306 2168 89 55 esse
1362 2168 89 55 sine
1417 2168 144 55 qualitate
1528 2168 100 55 noua.
1594 2168 66 55 et
1628 2168 122 55 videtur
1716 2168 89 55 quod
1772 2168 89 55 non:
1827 2168 89 55 quia
1871 2168 111 55 secundum

1262 2214 197 56 philosophum
1420 2214 145 56 raritas
1525 2214 79 56 et
1564 2214 145 56 desitas
1669 2214 105 56 sunt
1735 2214 197 56 qualitates.
1880 2214 105 56 igitur

1254 2265 211 40 rarefactio
1420 2265 106 40 est
1480 2265 166 40 mutatio
1601 2265 91 40 ad
1647 2265 227 40 qualitatem.
1828 2265 121 40 vnde
1888 2265 106 40 comen

1254 2308 132 44 tator.
1346 2308 118 44 iiii.
1425 2308 184 44 phisicorum
1570 2308 132 44 caplso
1662 2308 79 44 de
1701 2308 132 44 vacuo.
1794 2308 118 44 dicit
1873 2308 105 44 quod
1925 2308 66 44 ra-

1256 2337 179 57 refactio
1390 2337 104 57 est
1450 2337 238 57 transmutatio
1643 2337 74 57 a
1673 2337 149 57 minori
1777 2337 193 57 qualitate
1926 2337 89 57 ad

1250 2388 187 61 maiorem.
1390 2388 78 61 ⁋
1421 2388 171 61 Quartum
1546 2388 109 61 quo
1608 2388 218 61 rarefactio
1763 2388 218 61 distinguitur

1253 2434 81 49 ab
1294 2434 244 49 augmentatione:
1497 2434 81 49 et
1538 2434 163 49 econtra.
1660 2434 68 49 ⁋
1687 2434 149 49 Quintum
1795 2434 108 49 est:
1863 2434 108 49 quia
1917 2434 68 49 vi-

1254 2477 134 46 detur
1343 2477 119 46 quod
1418 2477 134 46 talia
1507 2477 209 46 accidentia
1671 2477 104 46 non
1731 2477 164 46 possunt
1835 2477 149 46 annihila

1255 2523 75 49 ri
1292 2523 87 49 nec
1342 2523 150 49 corrumpi
1454 2523 87 49 per
1504 2523 112 49 agens
1579 2523 150 49 creatum:
1691 2523 100 49 quia
1754 2523 150 49 christus
1854 2523 137 49 instituit

1256 2568 108 54 quod
1323 2568 148 54 maneret
1431 2568 135 54 corpus
1525 2568 148 54 christi
1633 2568 94 54 sub
1687 2568 121 54 illis
1768 2568 148 54 quandiu
1863 2568 121 54 maneret

1246 2604 215 72 actualiter.
1418 2604 143 72 igitur
1518 2604 86 72 si
1561 2604 129 72 manet
1647 2604 172 72 accidens
1776 2604 86 72 et
1820 2604 172 72 parietur
1934 2604 72 72 ibi
