2236 3084
434 159 102 59 luna
498 159 153 59 deficit:
613 159 90 59 sed
664 159 102 59 luna
728 159 141 59 deficit
831 159 128 59 quando
920 159 90 59 sic
971 159 166 59 opponitur
1086 159 77 59 soli

445 218 51 55 et
470 218 68 55 ista
512 218 59 55 est
546 218 127 55 neccessaria
648 218 102 55 secundum
724 218 127 55 intentionem
826 218 127 55 philosophi:
927 218 93 55 quamuis
995 218 59 55 non
1029 218 102 55 secundum
1097 218 59 55 veri-

447 258 110 54 tatem
520 258 147 54 loquendo
630 258 73 54 de
667 258 147 54 potentia
777 258 86 54 dei
826 258 159 54 absoluta:
948 258 73 54 et
985 258 98 54 ista
1034 258 122 54 secundum

449 297 78 59 eum
493 297 78 59 est
538 297 144 59 conclusio
648 297 210 59 demonstrabilis.
826 297 66 59 Et
859 297 78 59 hoc
903 297 78 59 est
947 297 89 59 quod
1003 297 100 59 dicit
1069 297 100 59 linco
1125 297 44 59 it

445 346 97 55 post.
510 346 87 55 quod
564 346 87 55 illa
618 346 87 55 quae
672 346 151 55 frequenter
791 346 97 55 fiunt
856 346 130 55 secundum
954 346 87 55 quod
1008 346 119 55 veniunt
1094 346 65 55 in
1116 346 43 55 de

437 388 189 51 monstratione
591 388 178 51 neccessaria
733 388 107 51 sunt:
804 388 83 51 hoc
851 388 83 51 est
899 388 71 51 de
934 388 213 51 contingentibus
1100 388 59 51 for

445 436 107 52 mantur
520 436 182 52 propositiones
670 436 161 52 neccessarie
799 436 150 52 vpothetice
917 436 129 52 scilicet
1002 436 161 52 conditionales

445 479 66 61 vel
482 479 141 61 temporales.
595 479 47 61 ⁋
614 479 66 61 Per
652 479 66 61 hoc
689 479 85 61 patet
746 479 57 61 ad
774 479 113 61 secundum
859 479 75 61 quod
906 479 141 61 philosophus
1019 479 66 61 per
1057 479 85 61 illas
1104 479 47 61 pro

445 522 160 54 positiones
570 522 183 54 contingentes
719 522 160 54 intelligit
844 522 194 54 propositiones
993 522 160 54 neccessarias

447 566 192 50 formatas
591 566 96 50 de
639 566 160 50 eisdem
751 566 208 50 terminis.
912 566 80 50 ⁋
944 566 96 50 Ad
976 566 192 50 argumentum

441 607 163 59 principale
570 607 105 59 patet
640 607 93 59 quod
698 607 82 59 est
745 607 105 59 maior
815 607 105 59 ratio
885 607 93 59 quod
943 607 82 59 vna
990 607 117 59 passio
1071 607 82 59 sit
1106 607 47 59 de

438 660 197 47 monstrabilis
598 660 98 47 quam
659 660 98 47 alia
720 660 98 47 quia
782 660 123 47 aliqua
868 660 123 47 passio
954 660 197 47 praesupponit
1102 660 61 47 sub

446 699 115 45 iectum
526 699 92 45 suum
583 699 115 45 habere
664 699 115 45 partes
744 699 138 45 realiter
847 699 161 45 distinctas
974 699 92 45 sine
1031 699 115 45 quibus
1100 699 69 45 nul-

453 744 73 59 lo
489 744 98 59 modo
551 744 122 59 posset
636 744 98 59 sibi
698 744 171 59 competere:
832 744 73 59 et
869 744 86 59 per
918 744 171 59 distinctam
1041 744 122 59 notitiam

444 786 138 53 illarum
544 786 138 53 partium
644 786 163 53 deuenitur
769 786 75 53 in
806 786 150 53 notitiam
919 786 163 53 passionis
1044 786 75 53 de
1069 786 88 53 subie

445 833 93 53 cto.
504 833 70 53 et
539 833 93 53 ideo
597 833 93 53 illa
655 833 82 53 est
702 833 210 53 demonstrabilis
877 833 82 53 per
924 833 198 53 diffinitionem
1076 833 93 53 expri-

438 880 120 49 mentem
522 880 108 49 illas
594 880 120 49 partes
677 880 132 49 tamquam
773 880 84 49 per
821 880 132 49 medium.
917 880 120 49 Aliqua
1000 880 108 49 autem
1060 880 96 49 passio

444 920 131 59 quantum
539 920 83 59 est
587 920 71 59 ex
623 920 71 59 se
659 920 119 59 nullam
742 920 191 59 praesupponit
897 920 203 59 distinctionem
1052 920 107 59 partium

451 965 88 53 quin
506 965 164 53 simpliciter
637 965 109 53 potest
714 965 88 53 poni
768 965 142 53 quacumque
878 965 120 53 illarum
965 965 120 53 partium
1042 965 120 53 circuscri

440 1019 88 42 pta
491 1019 75 42 Et
528 1019 100 42 ideo
591 1019 113 42 nihil
666 1019 88 42 est
716 1019 163 42 exprimens
842 1019 176 42 quaecumque
980 1019 176 42 intrinseca
1105 1019 63 42 suo

437 1055 161 53 subiecno
557 1055 94 53 cui
611 1055 121 53 prius
691 1055 94 53 vel
745 1055 134 53 notius
838 1055 174 53 conueniat
972 1055 107 53 quam
1026 1055 134 53 subiecto

455 1084 64 81 et
487 1084 86 81 ideo
541 1084 96 81 talis
605 1084 75 81 non
648 1084 75 81 est
691 1084 203 81 demonstrabilis.
862 1084 86 81 Alia
915 1084 118 81 quaetio
1001 1084 107 81 annexa
1065 1084 107 81 secunde.

446 1145 420 97 Preterea
761 1145 315 97 quero
936 1145 245 97 utrum

449 1227 84 50 in
491 1227 112 50 omni
561 1227 251 50 demonstratione
770 1227 195 50 diffinitio
923 1227 98 50 sit
979 1227 139 50 medium
1062 1227 98 50 demon

452 1274 122 58 strandi.
543 1274 81 58 Quod
594 1274 81 58 sic.
645 1274 71 58 ii.
686 1274 163 58 posteriorum:
818 1274 92 58 omnis
879 1274 122 58 quaestio
971 1274 71 58 est
1012 1274 122 58 quaestio
1093 1274 61 58 medi

440 1313 102 57 medium
511 1313 92 57 autem
573 1313 61 57 et
603 1313 92 57 causa
664 1313 82 57 idem
715 1313 82 57 sunt
767 1313 112 57 ibidem:
848 1313 82 57 ergo
899 1313 102 57 omnis.
971 1313 71 57 qu.
1012 1313 82 57 est.
1063 1313 61 57 q.
1093 1313 61 57 de
1114 1313 61 57 dif-

441 1358 162 48 finitione
565 1358 137 48 tamquam
665 1358 75 48 de
702 1358 125 48 medio:
789 1358 87 48 sed
839 1358 112 48 omnis
914 1358 162 48 conclusio
1026 1358 137 48 demonstra

441 1405 99 48 bilis
507 1405 77 48 est
551 1405 176 48 quaeribilis:
694 1405 88 48 ergo
749 1405 99 48 habet
814 1405 143 48 terminari
924 1405 77 48 per
968 1405 187 48 diffinitionem
1111 1405 55 48 tam

450 1447 93 59 quam
508 1447 81 59 per
555 1447 128 59 medium.
648 1447 58 59 ⁋
671 1447 70 59 Ad
706 1447 151 59 oppositum
822 1447 116 59 dictum
903 1447 81 59 est
950 1447 105 59 prius
1020 1447 93 59 quod
1066 1447 93 59 alicua

441 1496 122 52 passio
526 1496 195 52 demonstratur
684 1496 73 52 de
721 1496 97 52 deo:
782 1496 73 52 et
818 1496 110 52 tamen
891 1496 85 52 non
940 1496 85 52 per
976 1496 183 52 diffinitionem

451 1528 144 66 Similiter
562 1528 122 66 aliquid
650 1528 177 66 demonstratur
794 1528 66 66 de
828 1528 100 66 ente:
894 1528 66 66 et
927 1528 100 66 tamen
994 1528 78 66 non
1038 1528 78 66 per
1071 1528 89 66 diffi-

445 1587 141 48 nitionem:
554 1587 98 48 ergo.
619 1587 54 48 ⁋
640 1587 65 48 Ad
673 1587 108 48 istam.
749 1587 65 48 q.
781 1587 76 48 est
825 1587 108 48 opinio
901 1587 130 48 communis
998 1587 87 48 quod
1053 1587 65 48 in
1085 1587 87 48 omni
1129 1587 43 48 de

442 1626 223 50 monstratione
623 1626 139 50 medium
721 1626 97 50 est
776 1626 209 50 diffinitio.
943 1626 97 50 Sed
999 1626 84 50 de
1041 1626 125 50 medio
1110 1626 56 50 de

447 1670 255 44 monstrationis
657 1670 195 44 potissime
807 1670 120 44 sunt
881 1670 165 44 diuerse
986 1670 180 44 opiniones.

445 1713 93 56 Una
498 1713 133 56 opinio
591 1713 93 56 est
644 1713 106 56 quod
711 1713 133 56 medium
804 1713 80 56 in
844 1713 106 56 tali
910 1713 239 56 demonstratione
1096 1713 67 56 est

443 1757 186 51 diffinitio
589 1757 173 51 passionis
722 1757 93 51 non
775 1757 173 51 subiecti.
908 1757 80 51 Et
947 1757 120 51 circa
1027 1757 120 51 istam
1094 1757 66 51 opi

453 1799 128 47 nionem
543 1799 115 47 primo
620 1799 179 47 declaratur
760 1799 102 47 quae
824 1799 192 47 demonstrato
978 1799 90 47 est
1016 1799 141 47 potissima

443 1842 126 54 secundo
534 1842 92 54 quod
592 1842 115 54 medium
672 1842 69 54 in
707 1842 69 54 ea
741 1842 80 54 non
787 1842 80 54 est
833 1842 161 54 diffinitio
959 1842 138 54 subiecti
1063 1842 80 54 sed
1097 1842 69 54 pas-

461 1884 111 56 sionis
539 1884 55 56 ⁋
561 1884 111 56 Primum
638 1884 155 56 declaratur
761 1884 89 56 quia
816 1884 133 56 secundum
916 1884 166 56 philosophum
1049 1884 100 56 primo
1105 1884 55 56 po-

449 1928 182 48 steriorum.
592 1928 130 48 quique
683 1928 104 48 sunt
748 1928 195 48 conditiones
905 1928 247 48 demonstrationis
1100 1928 65 48 po-

451 1974 110 56 tissime.
534 1974 110 56 scilicet
616 1974 74 56 quod
662 1974 64 56 sit
699 1974 101 56 propter
773 1974 83 56 quid.
828 1974 55 56 in
855 1974 83 56 prima
911 1974 101 56 figura.
984 1974 147 56 vniversalis.
1095 1974 64 56 affi-

444 2018 139 58 mativa.
545 2018 76 58 et
583 2018 176 58 ostensiva.
722 2018 88 58 Sed
772 2018 76 58 in
810 2018 139 58 secundo
910 2018 113 58 libro
986 2018 113 58 ponit
1062 2018 101 58 alsa
1112 2018 63 58 con

443 2069 169 45 ditionem:
573 2069 104 45 quod
638 2069 130 45 medium
729 2069 78 45 in
768 2069 78 45 ea
807 2069 91 45 sit
859 2069 182 45 diffinitio
1002 2069 169 45 formalis.
1119 2069 52 45 Et

451 2107 87 46 est
500 2107 99 46 illa
562 2107 173 46 diffinitio
698 2107 99 46 quae
760 2107 136 46 sumitur
859 2107 62 46 a
884 2107 111 46 forma
958 2107 99 46 rei:
1020 2107 87 46 vel
1070 2107 62 46 a
1082 2107 87 46 fine.

450 2149 107 51 Alie
517 2149 120 51 autem
597 2149 227 51 diffinitiones
784 2149 161 51 sumuntur
904 2149 67 51 a
931 2149 147 51 materia
1038 2149 94 51 vel
1092 2149 80 51 ab
1118 2149 54 51 ef

450 2191 159 51 ficiente.
572 2191 147 51 Secundum
682 2191 159 51 probatur:
805 2191 110 51 primo
878 2191 98 51 quod
939 2191 86 51 non
988 2191 171 51 diffinitio
1111 2191 61 51 sub

448 2241 113 54 iecti.
527 2241 102 54 primo
595 2241 91 54 sic.
652 2241 113 54 quando
731 2241 215 54 demonstrationes
913 2241 113 54 dantur
992 2241 79 54 per
1037 2241 113 54 aliqua
1105 2241 57 54 goe

447 2279 124 57 nera
525 2279 202 57 causarum:
681 2279 249 57 semperbantur
883 2279 109 57 per
945 2279 156 57 causas
1039 2279 124 57 inhere

450 2332 86 46 tie
499 2332 98 46 puta
560 2332 86 46 per
609 2332 122 46 causam
695 2332 184 46 efficientem
842 2332 171 46 inherentie
976 2332 86 46 vel
1025 2332 86 46 per
1062 2332 98 46 causan

467 2371 124 48 materiale
563 2371 67 48 vel
601 2371 105 48 finalem
677 2371 143 48 inherentie:
791 2371 76 48 ergo
839 2371 124 48 similiter
934 2371 95 48 quando
1001 2371 95 48 dantur
1068 2371 67 48 per
1096 2371 67 48 causa

464 2412 147 51 formalem:
577 2412 113 51 dantur
656 2412 79 51 per
701 2412 113 51 causam
781 2412 159 51 inherentie
905 2412 159 51 passionis:
1030 2412 79 51 sed
1064 2412 113 51 diffini-

447 2460 85 46 tio
495 2460 145 46 formalis
604 2460 145 46 subiecti
713 2460 85 46 non
761 2460 85 46 est
809 2460 109 46 causa
882 2460 145 46 formalis
991 2460 169 46 inherentie
1112 2460 60 46 pas

454 2501 131 56 sionis:
550 2501 84 56 sed
597 2501 107 56 magis
669 2501 155 56 efficiens
788 2501 84 56 vel
836 2501 179 56 materialis:
979 2501 95 56 ergo
1039 2501 95 56 etc.
1098 2501 60 56 ⁋
1110 2501 72 56 Item

457 2542 115 83 medium
537 2542 184 83 demonstrandi
686 2542 149 83 potissime
801 2542 103 83 debet
870 2542 92 83 esse
928 2542 103 83 causa
997 2542 126 83 propria
1089 2542 69 83 et
1112 2542 57 83 pro

1253 163 107 63 xima
1320 163 188 63 inherentie
1467 163 188 63 passionis:
1615 163 94 63 sed
1668 163 188 63 diffinitio
1816 163 161 63 sormalis
1923 163 67 63 sub

1269 213 95 53 iecti
1332 213 74 53 non
1374 213 74 53 est
1416 213 147 53 huiusmodi:
1531 213 84 53 quia
1584 213 63 53 si
1615 213 74 53 sic
1657 213 74 53 non
1699 213 95 53 esset
1762 213 95 53 causa
1825 213 84 53 nisi
1878 213 95 53 eius:
1930 213 63 53 nunc

1259 259 99 59 autem
1325 259 77 59 est
1369 259 99 59 causa
1435 259 121 59 propria
1523 259 154 59 exemplaris
1644 259 66 59 et
1677 259 121 59 proxima
1765 259 143 59 subiecti:
1875 259 88 59 ergo
1919 259 66 59 etc.

1269 302 74 58 ⁋
1299 302 104 58 Ite
1358 302 148 58 medium
1462 302 237 58 demonstrandi
1655 302 193 58 potissime
1803 302 104 58 non
1862 302 104 58 est
1907 302 74 58 me-

1271 345 90 55 dium
1327 345 147 55 positione
1440 345 124 55 tantum:
1531 345 102 55 sicut
1598 345 68 55 in
1632 345 136 55 quolibet
1734 345 158 55 sillogismo
1858 345 79 55 sed
1892 345 102 55 oportet

1274 389 78 56 quod
1323 389 69 56 sit
1362 389 98 56 medium
1431 389 118 56 secundum
1519 389 118 56 naturam.
1608 389 78 56 quia
1657 389 59 56 si
1686 389 88 56 esset
1745 389 88 56 equae
1804 389 88 56 primo
1863 389 118 56 secundum
1941 389 49 56 na-

1266 432 112 48 turam
1340 432 87 48 aut
1390 432 161 48 posterior
1514 432 149 48 passione
1625 432 87 48 non
1675 432 112 48 esset
1749 432 124 48 causa.
1836 432 74 48 Et
1873 432 74 48 si
1898 432 87 48 esset

1266 476 106 57 prior
1337 476 154 57 subietto.
1455 476 83 57 non
1503 476 106 57 esset
1573 476 106 57 causa
1644 476 142 57 proxima:
1751 476 83 57 sed
1798 476 165 57 diffinitio
1916 476 71 57 for-

1259 531 101 43 malis
1326 531 135 43 subiecti
1428 531 79 43 est
1473 531 101 43 prior
1540 531 135 43 subiecto
1642 531 101 43 datur
1709 531 90 43 enim
1766 531 79 43 per
1811 531 113 43 priora
1878 531 113 43 secundum

1261 571 131 49 naturam.
1359 571 66 49 et
1392 571 76 49 per
1436 571 153 49 consequens
1556 571 76 49 non
1600 571 109 49 mediat
1676 571 131 49 secundum
1774 571 120 49 naturam
1862 571 98 49 inter
1916 571 66 49 sub-

1260 606 125 50 iectum
1348 606 75 50 et
1386 606 201 50 praedicatum.
1549 606 100 50 Quod
1612 606 113 50 autem
1687 606 176 50 diffinitio
1825 606 151 50 formalis
1925 606 63 50 sum

1260 656 103 56 pta
1319 656 74 56 a
1349 656 133 56 forma
1437 656 103 56 sit
1496 656 147 56 medium
1599 656 88 56 in
1643 656 265 56 demonstratione
1849 656 133 56 potissi

1258 705 80 46 ma:
1303 705 160 46 declaratur
1429 705 80 46 per
1475 705 172 46 philosophum
1613 705 80 46 ii.
1659 705 183 46 posteriorum.
1808 705 92 46 quia
1853 705 138 46 demonstra-

1256 742 93 50 tio
1309 742 199 50 demonstrans
1468 742 133 50 tantum
1561 742 93 50 est
1614 742 133 50 potior
1707 742 239 50 demonstratione
1892 742 93 50 demo-

1260 783 132 50 strata.
1356 783 192 50 Demonstratio
1512 783 96 50 enim
1572 783 84 50 est
1620 783 180 50 sillogismus
1763 783 144 50 secundum
1871 783 96 50 quem
1919 783 60 50 sci

1264 833 95 52 mus
1319 833 81 52 in
1359 833 149 52 habendo
1467 833 135 52 ipsum:
1562 833 135 52 absque
1657 833 95 52 hoc
1711 833 108 52 quod
1778 833 189 52 indigeamus
1913 833 68 52 ali

1255 874 99 55 quo
1311 874 127 55 alio.
1396 874 99 55 Sed
1453 874 113 55 sola
1523 874 226 55 demonstratio
1707 874 99 55 per
1764 874 141 55 causam
1849 874 141 55 formalem

1264 919 77 51 est
1308 919 153 51 huiusmodi:
1428 919 88 51 ergo
1483 919 88 51 etc.
1538 919 120 51 minorem
1626 919 88 51 ari.
1680 919 131 51 ostendit
1779 919 77 51 per
1823 919 99 51 multa
1877 919 99 51 exempla

1258 962 87 59 quae
1312 962 97 59 omnia
1377 962 108 59 sumunt
1453 962 97 59 robur
1518 962 130 59 secundum
1615 962 87 59 lin.
1669 962 65 59 ex
1702 962 76 59 hoc
1745 962 87 59 quod
1799 962 97 59 finis
1864 962 108 59 causat
1929 962 65 59 effi

1262 1008 146 52 cientem
1368 1008 80 52 et
1408 1008 120 52 forma
1488 1008 173 52 materiam.
1621 1008 80 52 Si
1661 1008 146 52 dicatur
1767 1008 106 52 quod
1833 1008 133 52 causae
1913 1008 80 52 inui

1259 1048 73 60 cem
1300 1048 83 60 sunt
1352 1048 104 60 causae
1424 1048 114 60 secundo
1507 1048 155 60 phisicorum.
1632 1048 62 60 et
1663 1048 124 60 secundum
1756 1048 93 60 comen
1818 1048 62 60 id
1849 1048 73 60 est
1880 1048 104 60 phisico-

1268 1100 84 47 rum.
1321 1100 126 47 Dicendum
1416 1100 74 47 sed
1458 1100 95 47 istam
1521 1100 147 47 opinionem:
1637 1100 84 47 quod
1689 1100 95 47 licet
1752 1100 105 47 causae
1826 1100 84 47 sint
1878 1100 105 47 causae
1941 1100 53 47 in-

1266 1141 115 56 uicem:
1347 1141 104 56 tamen
1416 1141 92 56 haec
1474 1141 81 56 est
1520 1141 92 56 modo
1578 1141 185 56 ignobiliori.
1728 1141 104 56 Uerbi
1797 1141 115 56 gratia
1878 1141 104 56 finis
1936 1141 46 56 in

1263 1182 177 61 intentione
1403 1182 127 61 causat
1491 1182 190 61 efficientem
1643 1182 76 61 et
1681 1182 101 61 tunc
1744 1182 114 61 primo
1820 1182 165 61 efficiens
1934 1182 51 61 in

1270 1223 103 57 ducit
1338 1223 114 57 finem.
1418 1223 91 57 Unde
1475 1223 103 57 patet
1544 1223 91 57 quod
1601 1223 149 57 efficiens
1715 1223 80 57 non
1761 1223 114 57 causat
1841 1223 91 57 nisi
1887 1223 91 57 inquam

1255 1271 97 50 tum
1311 1271 167 50 causatus
1436 1271 70 50 a
1464 1271 125 50 fine.
1547 1271 97 50 Sed
1603 1271 125 50 finis
1687 1271 139 50 causat
1784 1271 84 50 et
1826 1271 97 50 non
1868 1271 111 50 causat

1262 1322 79 49 ab
1301 1322 79 49 eo
1341 1322 171 49 Efficiens
1473 1322 119 49 etiam
1552 1322 92 49 non
1605 1322 132 49 causat
1697 1322 132 49 formam
1789 1322 171 49 inquantum
1908 1322 79 49 ipsa

1266 1358 135 47 causat
1360 1358 189 47 formaliter
1508 1358 135 47 causat
1603 1358 121 47 etiam
1684 1358 189 47 formaliter
1832 1358 162 47 cessante
1940 1358 54 47 ef

1271 1401 146 52 ficiente.
1383 1401 90 52 Unde
1439 1401 146 52 efficiens
1551 1401 79 52 non
1596 1401 79 52 est
1641 1401 101 52 causa
1709 1401 90 52 nisi
1765 1401 101 52 fieri
1832 1401 101 52 eius.
1888 1401 90 52 Effici

1256 1446 90 48 ens
1308 1446 116 48 etiam
1385 1446 90 48 non
1437 1446 90 48 dat
1488 1446 142 48 materie
1591 1446 103 48 esse
1656 1446 90 48 sed
1707 1446 116 48 fieri
1785 1446 142 48 tantum.
1875 1446 116 48 Ibatria

1271 1491 104 48 vero
1336 1491 91 48 non
1388 1491 130 48 causat
1480 1491 183 48 compositum
1623 1491 104 48 nisi
1688 1491 117 48 prius
1766 1491 156 48 secundum
1871 1491 117 48 naturam

1261 1528 149 58 causata
1370 1528 81 58 et
1410 1528 189 58 constituta
1559 1528 95 58 per
1613 1528 135 58 formam
1708 1528 95 58 nec
1762 1528 108 58 tunc
1829 1528 135 58 causat
1910 1528 68 58 nis

1256 1576 113 52 sicut
1332 1576 138 52 occasio
1432 1576 138 52 tantum.
1532 1576 88 52 Sed
1583 1576 113 52 forma
1658 1576 88 52 sic
1708 1576 125 52 causat
1796 1576 88 52 rem
1833 1576 151 52 formaliter

1272 1619 75 63 quod
1318 1619 75 63 ipsa
1365 1619 65 63 est
1402 1619 131 63 formaliter
1505 1619 112 63 quicquid
1589 1619 65 63 res
1626 1619 65 63 est
1664 1619 103 63 proprie
1738 1619 65 63 per
1776 1619 65 63 se:
1813 1619 56 63 in
1841 1619 93 63 tantum
1906 1619 75 63 quod
1944 1619 37 63 il

1263 1665 70 52 la
1298 1665 116 52 posita
1380 1665 70 52 et
1415 1665 93 52 omni
1473 1665 93 52 alia
1531 1665 105 52 causa
1601 1665 105 52 amota
1671 1665 81 52 per
1717 1665 186 52 impossibile:
1869 1665 81 52 res
1904 1665 81 52 esset

1261 1708 81 54 in
1302 1708 136 54 specie
1397 1708 81 54 et
1438 1708 136 54 genere
1533 1708 81 54 et
1573 1708 81 54 in
1614 1708 176 54 effectum.
1750 1708 109 54 Unde
1818 1708 109 54 ipsa
1885 1708 95 54 est
1926 1708 68 54 po-

1258 1752 158 62 tissima
1372 1752 129 62 causa
1458 1752 115 62 rei.
1530 1752 86 62 Et
1573 1752 115 62 ideo
1644 1752 200 62 diffinitio
1802 1752 143 62 sumpta
1902 1752 86 62 ex
1931 1752 57 62 ea

1268 1797 91 49 est
1320 1797 183 49 potissimum
1464 1797 130 49 medium
1555 1797 222 49 demonstrandi.
1737 1797 65 49 ⁋
1763 1797 143 49 Secundo
1868 1797 104 49 quod
1920 1797 65 49 dif

1254 1841 165 48 finitio
1374 1841 194 48 passionis
1523 1841 239 48 demonstrande
1718 1841 105 48 sit
1778 1841 150 48 medium
1867 1841 120 48 decla-

1270 1888 108 54 ratur:
1346 1888 87 54 quia
1400 1888 87 54 ipsa
1454 1888 76 54 est
1498 1888 97 54 causa
1563 1888 130 54 formalis
1660 1888 152 54 exemplaris
1779 1888 87 54 eius
1833 1888 65 54 et
1866 1888 119 54 propria
1942 1888 43 54 et

1260 1927 162 54 proxima
1378 1927 88 54 in
1422 1927 133 54 nullo
1511 1927 147 54 genere
1614 1927 147 54 cause.
1717 1927 103 54 Est
1776 1927 133 54 etiam
1850 1927 147 54 posteri-

1262 1973 76 56 or
1300 1973 152 56 subiecto
1414 1973 152 56 secundum
1529 1973 139 56 naturam
1630 1973 76 56 et
1668 1973 114 56 prior
1744 1973 152 56 passione
1858 1973 114 56 sicut
1922 1973 63 56 men

1263 2017 94 50 sura
1322 2017 165 50 mensurato:
1452 2017 71 50 et
1487 2017 82 50 per
1534 2017 165 50 consequens
1663 2017 118 50 mediat
1746 2017 141 50 secundum
1852 2017 129 50 naturam
1934 2017 47 50 in

1271 2061 164 60 subiectum
1398 2061 76 60 et
1436 2061 202 60 praedicatum.
1600 2061 63 60 ⁋
1625 2061 126 60 Contra
1714 2061 114 60 istam
1789 2061 164 60 opinionem
1903 2061 76 60 prio

1277 2103 82 54 mo
1318 2103 150 54 ostendo
1428 2103 109 54 quod
1496 2103 191 54 diffinitio
1646 2103 178 54 passionis
1783 2103 96 54 non
1838 2103 96 54 est
1879 2103 109 54 medium

1269 2151 83 49 qui
1316 2151 71 49 si
1352 2151 95 49 sic:
1411 2151 83 49 aut
1458 2151 165 49 diffinitio
1588 2151 130 49 proprie
1683 2151 106 49 dicta
1754 2151 83 49 per
1801 2151 154 49 principia
1907 2151 83 49 intri

1269 2195 121 55 seca:
1349 2195 94 55 aut
1403 2195 107 55 data
1470 2195 94 55 per
1524 2195 228 55 additamentum.
1712 2195 94 55 Non
1766 2195 121 55 primo
1846 2195 121 55 modo:
1913 2195 81 55 quia

1274 2245 119 45 multe
1353 2245 106 45 sunt
1420 2245 172 45 passiones
1552 2245 106 45 quae
1619 2245 119 45 talem
1698 2245 225 45 diffinitionem
1884 2245 93 45 non
1924 2245 66 45 ha-

1270 2282 125 47 bent:
1354 2282 125 47 sicut
1437 2282 125 47 omnes
1521 2282 181 47 passiones
1660 2282 209 47 importantes
1827 2282 97 47 res
1869 2282 125 47 absolu-

1272 2326 94 47 tas
1325 2326 187 47 simplices:
1472 2326 120 47 sicut
1553 2326 120 47 alias
1633 2326 147 47 patebit
1740 2326 67 47 ⁋
1767 2326 94 47 Nec
1820 2326 147 47 secundo
1914 2326 80 47 modo

1271 2373 88 53 qui
1322 2373 101 53 illa
1385 2373 177 53 diffinitio
1524 2373 151 53 includit
1637 2373 113 53 ipsum
1713 2373 164 53 subiectum
1839 2373 88 53 vel
1877 2373 113 53 aliquam

1263 2419 109 50 aliam
1336 2419 121 50 causam
1421 2419 194 50 extrinsecam.
1578 2419 73 50 Si
1615 2419 109 50 primo
1688 2419 97 50 modo
1748 2419 85 50 non
1797 2419 121 50 potest
1882 2419 97 50 esse
1930 2419 61 50 me-

1266 2456 109 53 dium:
1338 2456 97 53 quia
1399 2456 121 53 medium
1483 2456 133 53 numquam
1580 2456 109 53 debet
1653 2456 157 53 continere
1773 2456 133 53 alterum
1858 2456 133 53 terminum:

1259 2509 164 47 scilicet
1382 2509 95 47 nec
1437 2509 150 47 maiorem
1546 2509 218 47 extremitatem
1723 2509 95 47 nec
1777 2509 164 47 minorem.
1900 2509 82 47 Si
1927 2509 55 47 se

1275 2547 94 76 cundo
1337 2547 94 76 modo:
1400 2547 83 76 ergo
1452 2547 73 76 non
1494 2547 83 76 erit
1546 2547 167 76 demonstratio
1681 2547 156 76 simpliciter
1806 2547 167 76 vniversalis:
1931 2547 63 76 quia
