2281 3089
294 194 101 66 est:
358 194 101 66 quia
421 194 139 66 videtur
523 194 101 66 quod
586 194 152 66 peccatum
700 194 139 66 mortale
801 194 89 66 sit
852 194 152 66 priuatio
954 194 63 66 ali

303 261 106 46 cuius
374 261 154 46 positiui.
492 261 83 46 Tum
540 261 95 46 quia
599 261 142 46 secundum
705 261 130 46 sanctos
800 261 154 46 loquentes
918 261 71 46 de
942 261 71 46 ista

295 302 153 47 materia
406 302 167 47 peccatum
532 302 97 47 est
587 302 167 47 priuatio
713 302 125 47 boni.
796 302 97 47 tum
852 302 111 47 quia
908 302 111 47 pecca-

292 344 85 45 tum
340 344 85 45 est
389 344 121 45 morbus
474 344 182 45 spiritualis
619 344 121 45 anime.
704 344 85 45 tum
752 344 97 45 quia
813 344 145 45 peccatum
922 344 85 45 est
958 344 61 45 vi-

285 386 96 47 cium
345 386 120 47 anime.
429 386 84 47 tum
477 386 96 47 quia
537 386 84 47 per
585 386 144 47 peceatum
693 386 108 47 anima
765 386 156 47 spoliatur
885 386 108 47 bonis
945 386 72 47 natu

294 431 134 59 ralibus
391 431 73 59 et
428 431 146 59 priuatur
537 431 170 59 gratuitis.
671 431 61 59 ⁋
695 431 134 59 Secudum
792 431 97 59 est.
853 431 97 59 quia
902 431 109 59 videtur

293 474 98 53 quod
354 474 146 53 peccatum
464 474 110 53 dicat
537 474 134 53 aliquem
635 474 159 53 respectum
757 474 159 53 rationis.
879 474 98 53 quia
928 474 85 53 obli-

287 519 118 51 gatio
365 519 78 51 ad
405 519 118 51 penam
483 519 157 51 eternam:
601 519 92 51 aut
653 519 92 51 est
705 519 144 51 aliquid
810 519 92 51 aut
862 519 131 51 nihil:
941 519 65 51 non

285 563 107 53 nihil
356 563 119 53 certum
439 563 95 53 est.
498 563 119 53 igitur
581 563 83 53 est
629 563 142 53 aliquid.
736 563 83 53 aut
783 563 119 53 igitur
866 563 130 53 aliquid
949 563 71 53 rea-

279 604 70 56 le
314 604 81 56 aut
361 604 151 56 rationis:
477 604 81 56 non
523 604 104 56 reale
593 604 116 56 certum
674 604 93 56 est.
732 604 116 56 igitur
813 604 151 56 rationis.
929 604 58 56 ⁋
940 604 70 56 Ter-

281 651 97 54 tium
342 651 85 54 est
390 651 73 54 de
427 651 194 54 diffinitione
585 651 182 54 penitentie.
731 651 97 54 quia
791 651 85 54 non
840 651 134 54 videtur
925 651 73 54 quod

291 692 223 47 sacramentum
469 692 208 47 penitentie
633 692 104 47 sit
692 692 193 47 absolutio
826 692 178 47 sacramenta

285 739 93 47 lis.
343 739 93 47 quia
401 739 139 47 secundum
506 739 151 47 magistrum
622 739 70 47 et
656 739 127 47 sanctos
749 739 93 47 tres
807 739 93 47 sunt
865 739 116 47 partes
934 739 70 47 peni

286 780 137 50 tentie.
385 780 174 50 contritio.
522 780 174 50 confessio.
659 780 75 50 et
696 780 199 50 satiffactio.
858 780 75 50 et
895 780 100 50 ista
945 780 62 50 non

283 828 206 48 continentur
448 828 96 48 sub
503 828 192 48 penitentia
654 828 233 48 sacramentali.
845 828 69 48 ⁋
859 828 151 48 Preterea.

284 868 104 46 sine
349 868 183 46 penitentia
493 868 91 46 non
545 868 131 46 potest
636 868 131 46 deleri
728 868 170 46 peccatum:
858 868 78 46 et
898 868 104 46 sine
950 868 52 46 ab

280 911 171 49 solutione
411 911 144 49 potest.
516 911 131 49 igitir
608 911 105 49 etc.
674 911 66 49 ⁋
700 911 144 49 Quartum
805 911 92 49 est
857 911 79 49 de
884 911 131 49 remissio

279 955 77 50 ne
318 955 115 50 culpe
394 955 90 50 per
446 955 192 50 penitentia:
599 955 102 50 quis
663 955 141 50 illorum
766 955 128 50 actuum
855 955 154 50 scilicet
958 955 51 50 de

280 998 180 56 testandi:
419 998 152 56 dolendi
529 998 111 56 etc.
599 998 83 56 se
640 998 138 56 habeat
737 998 221 56 essentialius
917 998 83 56 ad
945 998 55 56 re

285 1043 163 54 missionem
411 1043 138 54 culpre:
511 1043 75 54 et
549 1043 100 54 quis
612 1043 138 54 illorum
712 1043 125 54 actuum
800 1043 88 54 sit
850 1043 125 54 prior.
925 1043 88 54 vtrum

280 1086 85 54 sit
328 1086 134 54 aliquis
426 1086 109 54 actus
499 1086 97 54 ante
559 1086 109 54 actum
632 1086 182 54 detestandi.
778 1086 97 54 quia
839 1086 134 54 videtur
924 1086 73 54 quod

282 1132 116 52 velle
359 1132 168 52 vindicare
488 1132 90 52 sit
540 1132 116 52 actus
617 1132 129 52 prior:
708 1132 77 52 et
746 1132 103 52 quis
811 1132 90 52 est
862 1132 103 52 iste
914 1132 90 52 actus

280 1175 199 47 detestandi:
439 1175 79 47 et
478 1175 119 47 vtrum
558 1175 119 47 actus
637 1175 185 47 detestandi
783 1175 106 47 omni
849 1175 132 47 altero
929 1175 79 47 cir-

284 1227 197 44 cumscripto
439 1227 85 44 de
481 1227 169 44 potentia
608 1227 99 44 dei
665 1227 169 44 ordinata
792 1227 99 44 sit
834 1227 169 44 sufficiens

268 1268 92 44 ad
314 1268 215 44 remissione
483 1268 138 44 culpe
575 1268 169 44 tanquam
698 1268 169 44 meritum
821 1268 92 44 de
851 1268 154 44 congruo.

275 1308 73 51 ⁋
305 1308 160 51 Quintum
421 1308 117 51 est.
494 1308 131 51 vtrum
581 1308 160 51 peccata
698 1308 160 51 dimissa
815 1308 102 51 per
858 1308 146 51 peniten-

275 1358 119 46 tiam
349 1358 163 46 redeant
468 1358 89 46 in
513 1358 238 46 recidiuante.
706 1358 74 46 ⁋
736 1358 149 46 Sextum
840 1358 134 46 vtrum
914 1358 89 46 bona

279 1396 223 49 mortificata
457 1396 104 49 per
517 1396 163 49 peccata
636 1396 163 49 redeant
754 1396 104 49 per
799 1396 208 49 penitentiam.

305 1444 165 50 Septimum
429 1444 96 50 ant
484 1444 151 50 aliquod
594 1444 165 50 peccatum
718 1444 110 50 post
787 1444 124 50 istam
869 1444 124 50 vitam
938 1444 69 50 di-

284 1487 184 50 mittatur.
426 1487 71 50 ⁋
454 1487 156 50 Sctauum
567 1487 99 50 est
624 1487 85 50 de
667 1487 184 50 infusione
808 1487 156 50 gratie.
908 1487 99 50 vtrum

272 1525 111 61 sit
336 1525 127 61 alia
415 1525 174 61 mutatio
542 1525 95 61 ab
589 1525 222 61 expulsione
763 1525 158 61 culpe.
874 1525 79 61 ⁋
890 1525 111 61 Nonum

284 1576 115 45 est.
356 1576 129 45 vtrum
442 1576 144 45 gratia
543 1576 144 45 infusa
643 1576 101 45 sit
701 1576 129 45 alia.
787 1576 72 45 a
816 1576 144 45 gratia
902 1576 101 45 gratu

281 1619 157 52 faciente
399 1619 65 52 a
425 1619 196 52 virtutibus.
582 1619 78 52 et
621 1619 144 52 videtur
725 1619 105 52 quod
791 1619 105 52 sic.
856 1619 105 52 quia
908 1619 105 52 sacra-

278 1663 143 51 menta
373 1663 127 51 sunt
453 1663 190 51 medicine
595 1663 159 51 contra
707 1663 175 51 morbos.
833 1663 159 51 igitur
929 1663 79 51 non

279 1704 149 49 dantur
384 1704 120 49 nisi
458 1704 90 49 in
503 1704 179 49 remedium
638 1704 179 49 alicuius
772 1704 134 49 morbi
847 1704 164 49 spiritua-

284 1749 102 48 is.
343 1749 102 48 sed
401 1749 175 48 virtutes
532 1749 160 48 possunt
649 1749 117 48 esse
722 1749 117 48 sine
794 1749 117 48 eis.
867 1749 73 48 ⁋
896 1749 87 48 Ad
926 1749 87 48 pri-

268 1798 100 45 mum
325 1798 158 45 istorum
440 1798 115 45 dico
512 1798 115 45 quod
583 1798 172 45 peccatum
713 1798 158 45 mortale
827 1798 100 45 non
885 1798 100 45 est
928 1798 86 45 ali-

273 1840 109 45 quid
341 1840 177 45 positiuum
478 1840 123 45 reale
559 1840 95 45 nec
614 1840 95 45 ens
668 1840 177 45 rationis.
805 1840 123 45 tamen
873 1840 136 45 secundum

273 1884 123 52 suum
349 1884 123 52 quid
426 1884 169 52 nominis
549 1884 184 52 includit
687 1884 138 52 multa
780 1884 200 52 positiua.
918 1884 92 52 quia

282 1932 129 48 actum
368 1932 86 48 et
410 1932 186 48 potentiam
554 1932 86 48 et
596 1932 129 48 penam
682 1932 172 48 futuram:
811 1932 114 48 quia
868 1932 129 48 aliquem

273 1973 161 50 peccare
390 1973 205 50 mortaliter
551 1973 102 50 non
609 1973 102 50 est
668 1973 132 50 aliud
756 1973 117 50 nisi
829 1973 146 50 facere
916 1973 88 50 ali-

282 2007 123 59 quem
359 2007 139 59 actum
451 2007 108 59 vel
513 2007 185 59 omittere
652 2007 170 59 propter
775 2007 123 59 quem
837 2007 170 59 ordinatur

283 2064 91 43 ad
328 2064 137 43 penam
419 2064 182 43 eternam.
556 2064 91 43 et
601 2064 121 43 ideo
677 2064 167 43 dicitur
799 2064 182 43 peccatum
920 2064 91 43 mor-

282 2104 120 53 bus:
357 2104 165 53 vulnus:
476 2104 194 53 egritudo.
626 2104 120 53 quia
701 2104 135 53 sicut
791 2104 90 53 ex
835 2104 135 53 istis
910 2104 90 53 squi

271 2144 104 48 tur
331 2144 134 48 dolor
420 2144 89 48 in
464 2144 178 48 corpore.
598 2144 104 48 sic
657 2144 89 48 ex
701 2144 163 48 peccato
820 2144 178 48 commisso
939 2144 74 48 se-

279 2187 146 56 quitur
382 2187 190 56 tristitia
528 2187 88 56 in
572 2187 146 56 mente:
674 2187 102 56 vel
733 2187 146 56 eterna
835 2187 88 56 si
879 2187 102 56 non
923 2187 88 56 peni

277 2235 134 45 teat:
366 2235 104 45 vel
426 2235 209 45 temporalis
590 2235 89 45 si
635 2235 194 45 peniteat.
784 2235 104 45 Per
843 2235 104 45 hoc
903 2235 89 45 ad
933 2235 74 45 au-

281 2278 215 49 ctoritatem.
453 2278 72 49 ⁋
482 2278 86 49 Ad
525 2278 144 49 primam
625 2278 115 49 dico
697 2278 115 49 quod
769 2278 172 49 peccatum
898 2278 101 49 non
941 2278 72 49 est

283 2322 190 52 priuatio
426 2322 190 52 alicuius
569 2322 127 52 boni
648 2322 222 52 inherentis
807 2322 190 52 actualiter

273 2367 108 47 vel
334 2367 123 47 quod
411 2367 201 47 aliquando
566 2367 170 47 infuit:
689 2367 108 47 sed
751 2367 108 47 est
813 2367 185 47 priuatio
936 2367 62 47 ba

281 2409 86 51 ni
324 2409 143 51 futuri
424 2409 115 51 quod
496 2409 158 51 deberet
610 2409 143 51 inesse
711 2409 86 51 si
754 2409 100 51 non
811 2409 201 51 peccasset:
955 2409 57 51 si

274 2451 112 56 cut
338 2451 144 56 causa
434 2451 239 56 demeritoria
625 2451 96 56 ad
673 2451 144 56 modum
769 2451 112 56 quo
832 2451 176 56 aliquis
944 2451 64 56 in

273 2495 212 52 abilitatur
439 2495 91 52 ad
485 2495 212 52 beneficium
651 2495 272 52 ecclesiasticum
863 2495 136 52 propter

266 2537 172 50 aliquem
391 2537 140 50 actum
485 2537 109 50 quo
547 2537 187 50 priuatur
688 2537 125 50 illo
766 2537 203 50 beneficio
906 2537 94 50 futu

278 2586 98 70 ro.
334 2586 70 70 ⁋
362 2586 84 70 Ad
404 2586 126 70 aliam
488 2586 112 70 dico
558 2586 112 70 quod
628 2586 168 70 loquitur
755 2586 84 70 de
797 2586 154 70 peccato
895 2586 112 70 praemi

1120 195 165 80 parentis
1244 195 151 80 propter
1353 195 110 80 quod
1422 195 110 80 ipse
1491 195 96 80 pro
1545 195 151 80 omnibus
1655 195 110 80 suis
1710 195 137 80 posteris

1121 253 196 55 vulneratus
1275 253 98 55 est
1331 253 84 55 in
1373 253 210 55 naturalibus
1541 253 182 55 spoliatus
1667 253 168 55 gratuitis.

1110 306 89 50 qui
1161 306 102 50 ipse
1225 306 153 50 secundum
1339 306 140 50 aliquos
1441 306 140 50 accepit
1543 306 140 50 gratiam
1645 306 127 50 gratum
1721 306 115 50 facien-

1109 348 99 56 tem
1166 348 85 56 et
1208 348 142 56 multas
1308 348 227 56 perfectiones
1492 348 185 56 naturales
1634 348 85 56 et
1663 348 170 56 corporales

1113 389 108 58 sicut
1185 389 108 58 bonam
1257 389 204 58 complexionem:
1425 389 84 58 sed
1473 389 84 58 per
1521 389 144 58 peccatum
1629 389 96 58 suum
1689 389 132 58 tanquam
1773 389 60 58 per

1105 435 257 59 demeritoriam
1314 435 161 59 causam
1426 435 161 59 meruit
1539 435 193 59 spoliari
1667 435 177 59 gratuitis

1114 480 83 55 et
1156 480 180 55 vulnerari
1294 480 235 55 innaturalibus
1487 480 97 55 per
1543 480 97 55 hoc
1598 480 111 55 quod
1667 480 138 55 corpus
1750 480 83 55 suum

1108 520 184 53 expositum
1249 520 113 53 fuit
1320 520 141 53 causis
1419 520 226 53 naturalibus:
1603 520 85 53 vt
1645 520 85 53 in
1688 520 127 53 illud
1758 520 71 53 age

1104 559 109 62 rent
1173 559 82 62 et
1213 559 123 62 bonam
1295 559 232 62 dispositionem
1486 559 191 62 minuerent.
1636 559 68 62 ⁋
1664 559 82 62 Ad
1705 559 164 62 secundum
1827 559 82 62 Ad
1855 559 136 62 secundim

1108 610 135 59 dubium
1203 610 108 59 dico
1271 610 108 59 quod
1339 610 162 59 peccatum
1460 610 95 59 nec
1515 610 95 59 est
1569 610 95 59 ens
1623 610 122 59 reale
1704 610 95 59 nec
1745 610 81 59 rati

1103 650 110 56 nis:
1172 650 96 56 sed
1227 650 123 56 sicut
1309 650 123 56 alias
1391 650 137 56 dictum
1487 650 96 56 est
1542 650 82 56 de
1583 650 110 56 bono
1652 650 110 56 vero
1721 650 82 56 et
1748 650 96 56 aliis

1110 701 191 45 conceptibus
1263 701 191 45 connotatius
1416 701 102 45 quod
1480 701 128 45 habent
1569 701 140 45 tantum.
1671 701 102 45 quid
1722 701 115 45 nominis

1114 739 68 54 et
1148 739 79 54 non
1193 739 91 54 quid
1250 739 79 54 rei
1295 739 79 54 nec
1341 739 148 54 rationis.
1454 739 91 54 quia
1511 739 102 54 talia
1579 739 79 54 non
1624 739 170 54 significant
1749 739 91 54 tantum

1099 789 106 55 vnam
1165 789 92 55 rem
1218 789 92 55 sed
1270 789 198 55 significant
1429 789 132 55 multa.
1521 789 106 55 vnum
1587 789 79 55 in
1627 789 119 55 recto
1706 789 79 55 et
1746 789 119 55 aliud

1099 825 85 64 in
1141 825 169 64 obliquo.
1268 825 85 64 et
1310 825 113 64 ideo
1381 825 85 64 de
1423 825 155 64 talibus
1536 825 85 64 in
1578 825 183 64 abstracto
1705 825 127 64 sumptis

1103 869 116 55 nihil
1180 869 103 55 vnum
1245 869 116 55 reale
1322 869 206 55 praedicatur.
1489 869 116 55 Eodem
1566 869 90 55 mdo
1617 869 90 55 mdo
1669 869 90 55 est
1720 869 77 55 de
1746 869 90 55 conce

1104 919 149 56 ptibus
1208 919 208 56 negatiuis:
1372 919 134 56 sicut
1461 919 89 56 de
1506 919 208 56 priuatione
1669 919 89 56 et
1699 919 134 56 negatio

1107 964 86 56 ne.
1156 964 98 56 quia
1217 964 86 56 non
1266 964 122 56 dicunt
1352 964 86 56 rem
1400 964 98 56 vnam
1462 964 86 56 nec
1511 964 135 56 aliquas
1608 964 98 56 res:
1670 964 86 56 ita
1719 964 98 56 quod
1768 964 73 56 sint

1099 1002 117 53 simul
1177 1002 104 53 ille
1243 1002 104 53 res.
1308 1002 91 53 sed
1360 1002 157 53 priuatio
1478 1002 157 53 importat
1595 1002 117 53 totum
1673 1002 117 53 istud
1739 1002 91 53 visio

1090 1050 100 64 nem
1147 1050 85 64 in
1189 1050 128 64 oculo
1275 1050 100 64 non
1331 1050 114 64 esse
1403 1050 85 64 et
1445 1050 199 64 necessario
1602 1050 199 64 significat
1744 1050 85 64 plu-

1106 1086 90 63 res
1157 1086 102 63 res:
1221 1086 128 63 quarum
1311 1086 90 63 vna
1362 1086 90 63 non
1413 1086 90 63 est
1465 1086 115 63 alia.
1542 1086 77 63 et
1580 1086 102 63 ideo
1644 1086 115 63 nihil
1721 1086 102 63 vere
1772 1086 64 63 pri

1099 1135 150 52 dicatur
1208 1135 82 52 de
1249 1135 177 52 negatione
1385 1135 95 52 vel
1440 1135 191 52 priuatione
1590 1135 82 52 in
1631 1135 191 52 abstracto:
1767 1135 68 52 sed

1100 1175 125 50 solum
1184 1175 84 50 in
1225 1175 167 50 concreto
1351 1175 84 50 et
1392 1175 111 50 vnum
1462 1175 84 50 in
1504 1175 125 50 recto
1587 1175 84 50 et
1629 1175 125 50 aliud
1713 1175 84 50 in
1741 1175 97 50 obli-

1104 1228 101 54 quo.
1168 1228 89 54 ita
1218 1228 101 54 dico
1282 1228 76 54 de
1320 1228 139 54 peccato
1421 1228 101 54 quod
1484 1228 89 54 non
1535 1228 114 54 dicit
1611 1228 139 54 aliquam
1712 1228 101 54 vnam
1763 1228 63 54 rem

1105 1272 135 54 realem
1199 1272 94 54 vel
1253 1272 175 54 rationis:
1387 1272 94 54 sed
1441 1272 189 54 significat
1590 1272 81 54 et
1630 1272 162 54 importat
1738 1272 94 54 totum

1097 1310 131 50 istud.
1189 1310 118 50 actum
1267 1310 196 50 praeteritum
1424 1310 170 50 commissum
1555 1310 92 50 vel
1607 1310 157 50 omnissum
1725 1310 79 50 ad
1751 1310 79 50 quem

1103 1357 147 46 aliquas
1209 1357 187 46 obligatur:
1356 1357 147 46 propter
1463 1357 107 46 quem
1530 1357 120 46 talis
1610 1357 174 46 ordinatur
1744 1357 80 46 ad
1770 1357 67 46 pe-

1103 1397 85 49 nam
1151 1397 146 49 eternam.
1261 1397 73 49 Et
1297 1397 97 49 ideo
1358 1397 122 49 quando
1443 1397 146 49 queritur
1552 1397 97 49 quid
1613 1397 85 49 est
1662 1397 158 49 peccatum.
1771 1397 61 49 di-

1106 1443 109 56 cendum
1183 1443 76 56 est
1226 1443 87 56 quod
1281 1443 76 56 non
1325 1443 98 56 habet
1390 1443 87 56 quid
1445 1443 87 56 rei:
1499 1443 76 56 sed
1543 1443 109 56 tantum
1619 1443 87 56 quid
1674 1443 131 56 nominis.
1761 1443 66 56 ideo

1090 1487 88 54 non
1141 1487 113 54 debet
1216 1487 138 54 concedi
1316 1487 100 54 quod
1379 1487 88 54 est
1429 1487 88 54 ens
1479 1487 113 54 reale
1555 1487 88 54 nec
1605 1487 163 54 rationis:
1730 1487 88 54 sed
1768 1487 75 54 bene

1090 1536 83 50 in
1132 1536 222 50 diffinitione
1312 1536 111 50 eius
1381 1536 194 50 exprimente
1534 1536 111 50 quid
1603 1536 153 50 nominis
1700 1536 139 50 ponuntur

1098 1572 113 50 multa
1174 1572 138 50 realia.
1274 1572 75 50 et
1311 1572 100 50 ideo
1374 1572 88 50 sic
1424 1572 125 50 potest
1512 1572 138 50 concedi
1612 1572 100 50 quod
1675 1572 88 50 non
1725 1572 88 50 est
1762 1572 63 50 ens

1106 1621 101 47 quia
1170 1621 89 47 non
1220 1621 89 47 est
1271 1621 126 47 aliqua
1359 1621 89 47 res
1410 1621 89 47 vna
1460 1621 152 47 praecise
1574 1621 89 47 nec
1625 1621 114 47 multe
1701 1621 89 47 res
1739 1621 89 47 simul

1100 1659 100 49 sed
1157 1659 100 49 est
1214 1659 114 49 vnum
1285 1659 128 49 nomen
1371 1659 100 49 vel
1428 1659 185 49 conceptus
1570 1659 214 49 significans
1741 1659 100 49 vel
1784 1659 57 49 im

1100 1708 145 56 portans
1206 1708 132 56 plures
1298 1708 106 56 res.
1364 1708 132 56 potest
1457 1708 119 56 etiam
1536 1708 106 56 dici
1602 1708 132 56 nihil.
1695 1708 106 56 quia
1748 1708 79 56 omne

1109 1750 161 47 positiuum
1232 1750 99 47 quod
1294 1750 87 47 est
1344 1750 74 47 in
1381 1750 136 47 peccato
1480 1750 124 47 potest
1567 1750 99 47 poni
1629 1750 87 47 per
1678 1750 111 47 deum:
1740 1750 87 47 sicut

1113 1798 70 49 er
1148 1798 117 49 causam
1230 1798 129 49 totalem
1324 1798 70 49 in
1359 1798 152 49 voluntate
1476 1798 140 49 hominis.
1581 1798 70 49 et
1616 1798 105 49 tamen
1686 1798 82 49 non
1721 1798 105 49 dicitur

1105 1839 159 47 peccatum.
1227 1839 98 47 quia
1288 1839 86 47 nec
1337 1839 73 47 ex
1374 1839 110 47 parte
1447 1839 86 47 dei
1496 1839 86 47 nec
1545 1839 73 47 ex
1582 1839 110 47 parte
1655 1839 147 47 hominis.
1753 1839 73 47 quia

1098 1887 147 51 nunquam
1204 1887 147 51 dicitur
1311 1887 107 51 homo
1378 1887 160 51 peccator
1498 1887 147 51 propter
1605 1887 147 51 aliquem
1712 1887 107 51 actu
1765 1887 67 51 ni-

1090 1926 82 53 si
1131 1926 136 53 habeat
1227 1926 163 53 respectu
1349 1926 136 53 illius
1445 1926 204 53 actiuitate.
1608 1926 95 53 sed
1663 1926 82 53 si
1703 1926 109 53 deus
1758 1926 68 53 sit

1099 1971 127 52 causa
1184 1971 156 52 totalis
1297 1971 141 52 actus:
1396 1971 113 52 tunc
1467 1971 113 52 homo
1537 1971 99 52 non
1594 1971 127 52 habet
1664 1971 156 52 actiuita-

1093 2014 93 54 tem
1146 2014 145 54 aliquam
1251 2014 159 54 respectu
1370 2014 145 54 illius.
1476 2014 132 54 igitur
1569 2014 106 54 etc.
1635 2014 93 54 Nec
1688 2014 106 54 deus
1741 2014 79 54 pec-

1096 2058 99 54 care
1158 2058 137 54 dicitur
1257 2058 137 54 propter
1357 2058 112 54 istum
1431 2058 124 54 actum.
1518 2058 99 54 quia
1580 2058 124 54 nullus
1667 2058 137 54 dicitur
1754 2058 75 54 pec-

1100 2101 107 53 care
1166 2101 107 53 nisi
1233 2101 107 53 quae
1299 2101 120 53 facit
1379 2101 146 53 aliquid
1486 2101 80 53 ad
1526 2101 120 53 cuius
1606 2101 173 53 oppositum
1725 2101 107 53 obliga

1097 2146 102 45 tur.
1161 2146 89 45 vel
1212 2146 102 45 quia
1275 2146 89 45 non
1326 2146 114 45 facit
1403 2146 114 45 illud
1479 2146 76 45 ad
1517 2146 102 45 quod
1581 2146 178 45 obligatur.
1721 2146 102 45 deus
1771 2146 64 45 aut

1097 2189 80 57 ad
1137 2189 120 57 nihil
1216 2189 173 57 faciendum
1349 2189 93 57 vel
1403 2189 93 57 non
1456 2189 173 57 faciendum
1589 2189 186 57 obligatur.
1722 2189 106 57 igitur

1101 2231 93 51 etc.
1159 2231 70 51 Et
1194 2231 93 51 ideo
1252 2231 139 51 peccatum
1357 2231 104 51 nihil
1426 2231 139 51 dicitur.
1530 2231 93 51 quia
1588 2231 93 51 omne
1646 2231 151 51 positiuum
1762 2231 70 51 in
1786 2231 46 51 eo

1111 2273 107 56 potest
1186 2273 118 56 causari
1272 2273 86 56 sine
1326 2273 86 56 omni
1379 2273 129 56 peccato.
1476 2273 64 56 et
1508 2273 139 56 similiter
1615 2273 107 56 potest
1690 2273 118 56 aliquem
1765 2273 64 56 deus

1089 2326 165 46 obligare
1213 2326 83 46 ad
1255 2326 124 46 penam
1337 2326 152 46 eternam
1448 2326 110 46 sine
1517 2326 110 46 omni
1586 2326 165 46 peccoto.
1710 2326 83 46 Ad
1737 2326 83 46 ter-

1086 2364 100 58 tium
1148 2364 125 58 dubium
1236 2364 100 58 dico
1298 2364 100 58 quod
1361 2364 100 58 ille
1423 2364 88 58 non
1473 2364 100 58 sunt
1536 2364 125 58 partes
1623 2364 175 58 penitentie
1748 2364 75 58 quae

1103 2409 90 46 est
1155 2409 205 46 sacramentum:
1321 2409 90 46 sed
1373 2409 103 46 sunt
1437 2409 218 46 dispositiones
1617 2409 180 46 penitentis
1745 2409 77 46 pri-

1096 2452 210 53 supponentes
1264 2452 168 53 effectum
1390 2452 210 53 sacramenti:
1557 2452 84 53 et
1599 2452 98 53 hoc
1655 2452 84 53 in
1697 2452 112 53 actu
1753 2452 70 53 vel

1101 2495 71 53 in
1137 2495 107 53 voto.
1208 2495 71 53 Se
1244 2495 154 53 conclusio
1363 2495 166 53 penitentia
1493 2495 131 53 dicitur
1588 2495 59 53 a
1612 2495 154 53 puniendo:
1731 2495 83 53 sed
1766 2495 48 53 ab

1091 2543 163 48 solutio
1210 2543 253 48 sacramentalis
1418 2543 104 48 non
1477 2543 149 48 punit.
1581 2543 193 48 Preterea.
1715 2543 104 48 peni-

1092 2585 145 72 tentia
1193 2585 101 72 non
1251 2585 101 72 est
1308 2585 116 72 nisi
1381 2585 87 72 ad
1424 2585 202 72 deletionem
1583 2585 145 72 culpe:
1684 2585 101 72 sed
1728 2585 101 72 abso
