2234 3088
595 185 265 103 Iero
760 185 198 103 de
859 185 298 103 statu
1025 185 132 103 a-

578 268 128 62 vnime
663 268 86 62 an
706 268 257 62 resurrectionem
920 268 86 62 et
963 268 128 62 post.
1034 268 114 62 vitrum

603 315 139 57 anima
695 315 186 57 separata
835 315 155 57 habeat
943 315 186 57 memoriam
1067 315 77 57 tam

417 344 156 86 actualem
534 344 104 86 quam
599 344 182 86 habitualem
742 344 117 86 eorum
819 344 104 86 quae
884 344 117 86 nouit
962 344 182 86 coniuncta.
1092 344 52 86 At

416 405 128 52 guitur
506 405 116 52 primo
583 405 103 52 quod
647 405 103 52 non:
711 405 103 52 quia
776 405 193 52 intellectus
930 405 180 52 possibilis
1058 405 90 52 nihil

423 450 190 49 intelligit
573 450 109 49 nisi
641 450 95 49 per
695 450 218 49 conuersionem
872 450 82 49 ad
913 450 204 49 fantasmata:
1076 450 95 49 sed

426 496 113 49 anima
502 496 151 49 separata
616 496 88 49 non
666 496 113 49 habet
742 496 189 49 fantasmata.
893 496 126 49 igitur
981 496 101 49 etc.
1032 496 113 49 Secundo

426 533 90 52 qui
478 533 103 52 tunc
542 533 116 52 anima
619 533 116 52 beata
696 533 141 52 haberet
798 533 154 52 memoriam
914 533 180 52 peccatorum
1042 533 103 52 suorum

424 578 69 56 et
459 578 81 56 per
505 578 162 56 consequens
633 578 185 56 tristaretur.
783 578 127 56 Tertio.
875 578 150 56 destructa
991 578 104 56 causa
1049 578 104 56 destrui

433 623 86 51 tur
482 623 159 51 effectus:
604 623 86 51 sed
653 623 135 51 aliquid
751 623 73 51 in
787 623 110 51 nobis
861 623 86 51 per
910 623 122 51 animam
983 623 159 51 intellecti-

429 668 72 54 uam
470 668 72 54 est
511 668 92 54 causa
572 668 143 54 sufficiens
685 668 184 54 intellectionem
838 668 72 54 per
879 668 92 54 illam
940 668 174 54 propositionem
1073 668 72 54 causa

412 714 96 54 est
467 714 82 54 ad
508 714 123 54 cuius
590 714 109 54 esse
659 714 164 54 sequitur
782 714 137 54 aliud:
877 714 96 54 sed
932 714 123 54 illud
1014 714 96 54 non
1055 714 96 54 rema-

422 751 78 53 net
467 751 67 53 in
500 751 101 53 anima
567 751 145 53 separata.
679 751 112 53 igitir
758 751 90 53 etc.
813 751 179 53 Confirmatur:
959 751 90 53 quia
1015 751 112 53 dictum
1082 751 56 53 est

416 799 113 56 prius
492 799 100 56 quod
555 799 138 56 noticia
655 799 163 56 intuitiua
781 799 75 56 in
818 799 113 56 anima
894 799 126 56 nostra
969 799 176 56 praesupponit

422 846 152 54 noticiam
536 846 177 54 intuitiuam
676 846 190 54 sensitiuam.
827 846 127 54 igitur
916 846 89 54 vbi
967 846 139 54 deficit
1055 846 89 54 noti-

420 894 89 44 cia
471 894 166 44 sensitiua
599 894 77 44 et
637 894 179 44 intuitiva.
778 894 140 44 Secundo
880 894 115 44 probo
956 894 102 44 quod
1020 894 89 44 non
1059 894 89 44 habet

420 932 144 51 noticiam
528 932 181 51 habitualem:
673 932 96 51 quia
733 932 120 51 virtus
817 932 181 51 corrumpitur
961 932 84 51 per
998 932 144 51 obliuionem

415 973 81 55 et
456 973 95 55 per
510 973 217 55 infirmitatem
687 973 136 55 grauem
782 973 95 55 non
836 973 177 55 inducente
972 973 149 55 mortem.
1067 973 68 55 igi

419 1016 120 57 multo
499 1016 147 57 fortius
605 1016 93 57 per
658 1016 133 57 mortem
752 1016 107 57 quae
818 1016 93 57 est
872 1016 133 57 vltima
965 1016 160 57 penarum.
1071 1016 67 57 Pre

421 1067 112 44 terea
495 1067 149 44 secundum
607 1067 186 44 philosophum
756 1067 75 44 in
793 1067 75 44 de
830 1067 137 44 memoria
930 1067 75 44 et
955 1067 186 44 reminiscentia

413 1105 139 51 memoria
514 1105 114 51 solum
590 1105 88 51 est
640 1105 76 51 in
678 1105 114 51 parte
754 1105 177 51 sensitiua.
893 1105 126 51 igitur
981 1105 76 51 si
1019 1105 88 51 ibi
1057 1105 88 51 defi-

421 1151 96 53 cit
476 1151 137 53 sensus
572 1151 96 53 ibi
627 1151 151 53 deficit
737 1151 165 53 memoria.
860 1151 137 53 igitur
956 1151 110 53 etc.
1025 1151 82 53 Ad
1052 1151 96 53 oppo-

416 1192 119 48 situm
495 1192 119 48 Tuce.
575 1192 133 48 xviii.
668 1192 66 48 â‹
694 1192 93 48 ili
747 1192 172 48 recordare
880 1192 106 48 quod
946 1192 172 48 recepisti
1065 1192 80 48 bona

423 1240 66 51 n
449 1240 105 51 vita
515 1240 105 51 tua.
580 1240 171 51 similiter
712 1240 79 51 et
751 1240 144 51 lamarus
856 1240 118 51 mala.
935 1240 66 51 â‹
961 1240 92 51 hic
1014 1240 118 51 primo
1079 1240 66 51 est

418 1283 162 50 videndum
540 1283 108 50 quod
608 1283 149 50 memoria
716 1283 203 50 triplicitur
878 1283 189 50 accipitur.
1026 1283 95 50 vno
1067 1283 81 50 modo

413 1329 91 52 pro
465 1329 129 52 habitu
555 1329 181 52 inclinante
698 1329 78 52 ad
737 1329 142 52 aliquem
840 1329 117 52 actum
918 1329 207 52 intelligendi
1073 1329 65 52 tam

413 1369 98 55 quam
474 1369 110 55 causa
547 1369 158 55 partialis
669 1369 73 55 et
705 1369 158 55 effectiua
827 1369 85 55 cum
876 1369 183 55 intellectu.
1022 1369 98 55 Alio
1071 1369 61 55 mon

420 1419 85 45 pro
468 1419 157 45 principio
589 1419 181 45 sufficienti
734 1419 121 45 rectum
819 1419 218 45 intellectionis
1000 1419 97 45 siue
1060 1419 73 45 se
1085 1419 60 45 ha-

426 1460 106 52 beat
492 1460 67 52 a
519 1460 120 52 parte
599 1460 120 52 anime
678 1460 213 52 intellectiue
851 1460 106 52 siue
918 1460 146 52 obiecti
1024 1460 106 52 siue
1077 1460 67 52 al-

413 1500 141 51 terius
511 1500 211 51 cuiuscunque
680 1500 141 51 Tertio
779 1500 113 51 modo
849 1500 183 51 accipitur
990 1500 99 51 pro
1032 1500 113 51 princi

422 1541 99 57 bio
478 1541 212 57 determinato
648 1541 169 57 respectu
775 1541 127 57 actus
860 1541 198 57 recordandi
1015 1541 113 57 quae
1071 1541 71 57 est

417 1588 139 55 respectu
522 1588 162 55 praeteriti
649 1588 70 55 vt
684 1588 174 55 praeteritum
823 1588 93 55 est:
881 1588 70 55 vt
916 1588 81 55 cum
962 1588 81 55 hoc
1009 1588 128 55 fecifui
1090 1588 58 55 ibi

456 1633 109 52 Circa
529 1633 109 52 istam
601 1633 169 52 quaestione
734 1633 85 52 sic
782 1633 85 52 est
831 1633 193 52 procedendum.
988 1633 109 52 primo
1048 1633 97 52 viden-

420 1678 89 56 dum
471 1678 89 56 est
522 1678 115 56 vtrum
599 1678 77 56 in
637 1678 115 56 anima
714 1678 166 56 remaneant
842 1678 140 56 habitus
944 1678 89 56 hoc
982 1678 166 56 naturaliter

413 1714 145 65 acquisi
518 1714 105 65 post
584 1714 210 65 separationem
755 1714 105 65 suam
820 1714 66 65 a
847 1714 158 65 corpore.
965 1714 145 65 Secundo
1057 1714 92 65 vtrum

419 1765 119 56 anima
498 1765 159 56 separata
618 1765 146 56 virtute
724 1765 133 56 illius
817 1765 146 56 habitus
923 1765 133 56 possit
1016 1765 80 56 in
1042 1765 93 56 omnem

420 1813 134 48 actum
510 1813 239 48 intelligendi
703 1813 89 48 in
748 1813 119 48 quem
823 1813 149 48 potuit
927 1813 179 48 mediante
1047 1813 89 48 illo

414 1857 137 50 habitum
513 1857 200 50 intelligendi
676 1857 125 50 quando
763 1857 100 50 erat
826 1857 175 50 coniuncta.
963 1857 137 50 Tertio.
1051 1857 87 50 vtrum

422 1902 124 43 anima
505 1902 165 43 separata
629 1902 96 43 vel
684 1902 138 43 seipsa
781 1902 96 43 vel
836 1902 165 43 mediante
960 1902 138 43 aliquo
1056 1902 83 43 in
1084 1902 55 43 ea

421 1943 137 58 recepto
520 1943 124 58 possit
607 1943 75 58 in
644 1943 112 58 actum
719 1943 174 58 recordandi
856 1943 137 58 proprie
955 1943 162 58 dictantum
1067 1943 75 58 quae

426 1983 103 57 est
485 1983 177 57 respectu
618 1983 191 57 preteriti
765 1983 88 57 vt
809 1983 206 57 preteritum
971 1983 118 57 est.
1030 1983 118 57 Quarto

424 2033 201 52 mouebuntur
582 2033 129 52 dubia
668 2033 86 52 et
711 2033 201 52 soluentur.
869 2033 72 52 â‹
898 2033 129 52 Circa
984 2033 144 52 primum
1070 2033 72 52 di-

424 2073 108 55 citur
496 2073 96 55 quod
556 2073 132 55 habitus
652 2073 144 55 scientie
760 2073 168 55 acquisitus
893 2073 108 55 manet
965 2073 72 55 in
1001 2073 108 55 anima
1061 2073 84 55 sepa-

421 2115 105 50 rata.
492 2115 94 50 quod
550 2115 152 50 probatur:
667 2115 94 50 quia
726 2115 105 50 nihil
796 2115 117 50 potest
878 2115 140 50 corrumpi
983 2115 94 50 nisi
1042 2115 82 50 per
1077 2115 70 50 suum

418 2162 178 59 contrarium
558 2162 89 59 vel
609 2162 89 59 per
660 2162 204 59 corruptionem
826 2162 89 59 sui
877 2162 166 59 subiecti.
1004 2162 115 59 primo
1068 2162 76 59 modo

420 2204 87 60 non
469 2204 87 60 est
519 2204 149 60 scientia
630 2204 210 60 corruptibilis
803 2204 74 60 in
841 2204 111 60 anima
915 2204 161 60 separata:
1039 2204 99 60 quia
1088 2204 62 60 ibi

426 2254 86 47 non
475 2254 110 47 habet
548 2254 171 47 contrarium
682 2254 86 47 nec
731 2254 134 47 oportet
829 2254 98 47 quod
890 2254 98 47 ante
951 2254 196 47 separationem
1098 2254 49 47 ha

431 2297 119 46 bitus
510 2297 185 46 contrarium
655 2297 185 46 inducatur.
801 2297 132 46 igitir
893 2297 106 46 etc.
959 2297 92 46 nec
999 2297 158 46 corruptibi

427 2340 85 46 lis
476 2340 85 46 est
524 2340 134 46 secundo
622 2340 110 46 modo:
695 2340 97 46 quia
755 2340 158 46 subiectum
877 2340 97 46 suum
938 2340 85 46 est
974 2340 183 46 incorruptibi-

431 2384 76 48 le.
475 2384 130 48 quicquid
572 2384 76 48 sit
616 2384 65 48 de
648 2384 141 48 quastione
757 2384 98 48 ratio
822 2384 87 48 ista
876 2384 76 48 non
919 2384 108 48 valet:
995 2384 87 48 quia
1039 2384 108 48 secundum

429 2426 92 57 eum
481 2426 118 57 esset
560 2426 144 57 tertius
665 2426 118 57 modus
744 2426 210 57 corruptionis
915 2426 171 57 effectus:
1033 2426 118 57 scilice

439 2472 99 54 per
495 2472 253 54 substractionem
706 2472 127 54 cause
791 2472 225 54 conseruantis
974 2472 99 54 vel
1016 2472 141 54 efficien

426 2520 105 50 tis
486 2520 226 50 quemadmodum
667 2520 135 50 lumen
757 2520 90 50 in
802 2520 120 50 luna
877 2520 90 50 et
922 2520 90 50 in
967 2520 135 50 medio
1043 2520 105 50 defi-

422 2560 92 64 cit
474 2560 105 64 esse
540 2560 92 64 non
592 2560 92 64 per
644 2560 209 64 corruptionem
814 2560 157 64 subiecti
932 2560 92 64 nec
984 2560 92 64 per
1023 2560 131 64 inducti

1235 170 118 70 conem
1314 170 184 70 contrarii:
1458 170 92 70 sed
1510 170 118 70 solum
1589 170 92 70 per
1641 170 236 70 substractionem
1838 170 118 70 cause
1903 170 79 70 con-

1245 229 153 50 seruantis
1363 229 94 50 puta
1421 229 117 50 solis.
1503 229 94 50 nunc
1562 229 106 50 autem
1633 229 141 50 secundum
1738 229 82 50 eum
1785 229 129 50 aliquid
1879 229 70 50 in
1903 229 70 50 par-

1245 277 77 42 te
1284 277 167 42 sensitiua
1412 277 90 42 est
1464 277 116 42 causa
1541 277 180 42 conseruans
1683 277 154 42 habitum:
1799 277 103 42 quia
1850 277 116 42 aliquid

1241 322 80 48 in
1281 322 120 48 sensu
1361 322 93 48 est
1414 322 120 48 causa
1494 322 147 48 mediata
1600 322 147 48 habitus
1707 322 160 48 quatenus
1827 322 93 48 est
1867 322 93 48 causa

1234 363 119 53 actuum
1318 363 95 53 quae
1377 363 95 53 sunt
1437 363 107 53 cause
1508 363 131 53 habius:
1604 363 119 53 igitur
1687 363 95 53 illa
1747 363 155 53 destructa
1854 363 107 53 tamquam

1245 404 117 53 causm
1323 404 195 53 conferuante
1479 404 182 53 destruitur
1622 404 156 53 habitus.
1739 404 143 53 Secundo
1843 404 104 53 dico
1895 404 78 53 quod

1239 457 87 46 per
1288 457 150 46 rationem
1401 457 162 46 naturalem
1526 457 137 46 probari
1626 457 87 46 non
1676 457 125 46 potest
1763 457 100 46 quod
1826 457 137 46 habitus
1913 457 50 46 ad

1244 495 149 59 quisiti
1353 495 177 59 remaneant
1489 495 81 59 in
1530 495 122 59 anima
1611 495 177 59 separata.
1747 495 122 59 Cuius
1828 495 122 59 ratio
1896 495 68 59 est

1245 536 95 50 quia
1304 536 118 50 quando
1387 536 130 50 aliquid
1482 536 142 50 causatur
1588 536 142 50 mediante
1695 536 107 50 causa
1766 536 118 50 aliqua
1849 536 71 50 et
1872 536 95 50 conser

1245 583 117 56 uatur
1323 583 156 56 mediante
1440 583 117 56 eadem
1518 583 91 56 non
1570 583 130 56 potest
1662 583 169 56 euidenter
1792 583 143 56 probari
1883 583 91 56 nisi-

1238 629 97 46 per
1294 629 222 46 experientiam
1474 629 111 46 quod
1543 629 111 46 ille
1613 629 166 46 effectus
1737 629 139 46 maneat
1834 629 139 46 altero
1918 629 55 46 il

1245 672 111 49 lorum
1318 672 160 49 corrupto:
1441 672 86 49 sed
1491 672 135 49 habitus
1589 672 160 49 acquisiti
1712 672 74 49 in
1749 672 98 49 toto
1810 672 123 49 homine
1884 672 86 49 habi-

1243 711 106 55 tus
1304 711 122 55 dico
1380 711 274 55 intellectuales
1608 711 198 55 causantur
1760 711 183 55 mediante
1882 711 91 55 dis-

1244 766 169 47 positione
1374 766 169 47 corporali
1504 766 117 47 sicut
1582 766 78 47 et
1622 766 130 47 actus:
1713 766 104 47 quia
1778 766 78 47 ad
1817 766 91 47 hoc
1869 766 104 47 quod
1921 766 52 47 a-

1231 802 140 52 liquis
1329 802 211 52 scientifice
1498 802 183 52 cognoscat
1638 802 154 52 aliquid
1750 802 197 52 requiritur
1891 802 84 52 debi

1233 843 80 50 ta
1273 843 174 50 complexio
1406 843 80 50 et
1446 843 160 50 qualitas
1566 843 80 50 in
1607 843 147 50 corpore
1713 843 80 50 et
1753 843 107 50 ipsa
1807 843 160 50 deficiente

1236 887 88 54 non
1287 887 126 54 potest
1375 887 101 54 homo
1438 887 189 54 intelligere
1589 887 113 54 sicut
1665 887 113 54 patet
1740 887 76 54 in
1778 887 126 54 fatuis
1866 887 76 54 et
1891 887 76 54 furi

1244 932 118 49 osis.
1323 932 118 49 Eodem
1402 932 79 49 mo
1441 932 105 49 modo
1507 932 92 49 tam
1559 932 145 49 habitus
1665 932 105 49 illi
1730 932 105 49 quam
1796 932 118 49 actus
1862 932 105 49 median

1230 981 78 49 te
1269 981 104 49 tali
1334 981 208 49 dispositione
1503 981 221 49 conseruantur:
1686 981 78 49 et
1725 981 143 49 propter
1829 981 104 49 eius
1881 981 78 49 defe

1243 1019 88 53 ctum
1298 1019 187 53 corrumpuntur:
1452 1019 99 53 sicut
1518 1019 99 53 patet
1584 1019 77 53 per
1628 1019 165 53 philosophum
1760 1019 66 53 in
1782 1019 176 53 praedicamentis

1240 1061 88 52 quae
1295 1061 99 52 dicit
1361 1061 88 52 quod
1416 1061 77 52 per
1459 1061 110 52 longam
1536 1061 176 52 infirmitatem
1679 1061 110 52 potest
1756 1061 132 52 scientia
1854 1061 99 52 prius
1909 1061 55 52 ac-

1233 1114 163 46 quisita
1352 1114 163 46 diminui
1470 1114 104 46 vel
1529 1114 192 46 totaliter
1677 1114 192 46 corrumpi.
1825 1114 104 46 hoc
1869 1114 104 46 docet

1234 1151 214 56 experientia
1405 1151 199 56 manifeste.
1561 1151 142 56 igitur
1661 1151 171 56 corrupta
1789 1151 114 56 tali
1846 1151 114 56 dispo-

1228 1200 146 49 sitione
1334 1200 93 49 non
1387 1200 133 49 potest
1480 1200 172 49 euidenter
1612 1200 146 49 probari
1718 1200 106 49 nisi
1784 1200 93 49 per
1824 1200 146 49 experien-

1232 1239 107 53 tiam
1299 1239 107 53 quod
1366 1239 121 53 tales
1446 1239 148 53 habitus
1554 1239 175 53 remaneant
1688 1239 81 53 in
1728 1239 134 53 anima.
1822 1239 94 53 sed
1876 1239 81 53 in
1903 1239 67 53 se-

1229 1284 175 56 paratione
1363 1284 121 56 anime
1444 1284 67 56 a
1471 1284 148 56 corpore
1579 1284 202 56 corrumpitur
1741 1284 108 56 illa
1795 1284 162 56 dispositio

1232 1326 80 49 et
1272 1326 94 49 pro
1325 1326 107 49 isto
1392 1326 120 49 statu
1472 1326 94 49 non
1526 1326 147 49 habemus
1633 1326 214 49 experientiam
1807 1326 80 49 an
1847 1326 80 49 iu
1873 1326 94 49 anima

1230 1374 175 46 separata
1362 1374 161 46 maneant
1478 1374 161 46 habitus
1595 1374 102 46 vel
1654 1374 117 46 non.
1727 1374 146 46 igitur
1829 1374 131 46 nullo
1902 1374 58 46 mo

1241 1419 134 51 potest
1335 1419 107 51 esse
1402 1419 81 51 in
1442 1419 121 51 nobis
1523 1419 134 51 certum
1617 1419 215 51 vtrummaneant
1791 1419 81 51 in
1832 1419 121 51 anima
1899 1419 67 51 se-

1232 1458 127 52 parata
1321 1458 89 52 vel
1372 1458 102 52 non.
1436 1458 127 52 potest
1525 1458 114 52 tamen
1601 1458 102 52 dici
1665 1458 204 52 probabiliter
1830 1458 102 52 quod
1881 1458 89 52 habi-

1227 1510 102 51 tus
1286 1510 204 51 acquisitus
1446 1510 88 51 in
1490 1510 161 51 corpore
1607 1510 131 51 manet
1694 1510 88 51 in
1738 1510 131 51 anima
1811 1510 146 51 separata

1239 1551 81 53 et
1279 1551 81 53 ad
1319 1551 94 53 hoc
1373 1551 94 53 est
1427 1551 216 53 congruentia:
1603 1551 108 53 quia
1670 1551 81 53 ex
1711 1551 135 53 eisdem
1805 1551 135 53 causis
1886 1551 81 53 gene

1236 1590 124 57 rantur
1322 1590 112 57 actus
1397 1590 74 57 et
1434 1590 136 57 habitus
1533 1590 74 57 et
1570 1590 211 57 conseruantur:
1744 1590 99 57 quia
1806 1590 124 57 posita
1880 1590 87 57 causa

1235 1634 201 60 sufficienti
1395 1634 187 60 generatiua
1542 1634 80 60 et
1582 1634 214 60 conseruatiua
1756 1634 147 60 habitus
1850 1634 107 60 potest

1234 1687 114 44 poni
1305 1687 156 44 habitus
1418 1687 241 44 circumscripto
1617 1687 185 44 quocumque
1759 1687 128 44 alio:
1844 1687 99 44 sed
1887 1687 85 44 cir-

1237 1725 187 46 cumscripta
1383 1725 107 46 omni
1450 1725 213 46 dispositione
1624 1725 173 46 corporali
1757 1725 133 46 posito
1850 1725 107 46 solo
1904 1725 53 46 in

1232 1769 167 55 tellectu
1357 1769 97 55 cum
1413 1769 153 55 obiecto
1524 1769 153 55 ponitur
1636 1769 125 55 causa
1719 1769 195 55 generatiua
1859 1769 111 55 suffi-

1239 1808 110 56 ciens
1312 1808 85 56 tam
1361 1808 110 56 actus
1434 1808 97 56 quam
1494 1808 146 56 habitus.
1604 1808 122 56 igitur
1689 1808 195 56 circuscripta
1847 1808 97 56 tali
1896 1808 73 56 dis-

1238 1860 175 46 positione
1372 1860 134 46 potest
1466 1860 148 46 habitus
1573 1860 121 46 prius
1654 1860 188 46 acquisitus
1788 1860 175 46 conseruari.

1246 1897 102 52 hoc
1305 1897 131 52 etiam
1392 1897 160 52 videtur
1509 1897 146 52 dicere
1611 1897 218 52 hieronimus.
1785 1897 175 52 Discamus
1902 1897 58 52 in

1243 1941 136 52 terris
1339 1941 109 52 illa
1407 1941 136 52 quorum
1502 1941 122 52 nobis
1583 1941 163 52 scientia
1706 1941 177 52 remanebit
1842 1941 82 52 in
1869 1941 95 52 celis

1236 1984 145 56 Sancti
1338 1984 131 56 etiam
1425 1984 174 56 videntur
1556 1984 145 56 dicere
1658 1984 116 56 quod
1731 1984 145 56 mortui
1818 1984 145 56 recordam

1243 2032 98 48 tur
1299 2032 126 48 eorum
1383 2032 112 48 quae
1453 2032 182 48 fecerunt.
1593 2032 112 48 Tunc
1662 2032 84 48 ad
1704 2032 168 48 rationem
1830 2032 84 48 in
1858 2032 112 48 contra

1246 2074 99 52 rium
1307 2074 99 52 dico
1369 2074 99 52 quod
1431 2074 74 52 ex
1468 2074 186 52 ordinatione
1617 2074 124 52 diuina
1703 2074 87 52 est
1753 2074 99 52 quod
1815 2074 136 52 habitus
1901 2074 62 52 non

1241 2117 193 53 conseruatur
1395 2117 77 53 in
1434 2117 116 53 anima
1511 2117 90 53 pro
1562 2117 116 53 statu
1639 2117 103 53 isto
1703 2117 103 53 sine
1767 2117 103 53 tali
1819 2117 141 53 qualitate

1235 2162 169 54 corporali
1365 2162 78 54 et
1404 2162 91 54 hoc
1455 2162 117 54 forte
1533 2162 143 54 propter
1637 2162 156 54 peccatum
1754 2162 143 54 primum.
1857 2162 78 54 et
1883 2162 78 54 ideo

1236 2207 211 43 deficiente
1402 2207 121 43 illa
1477 2207 196 43 qualitate
1628 2207 106 43 non
1688 2207 121 43 vult
1764 2207 121 43 deus
1824 2207 136 43 concur-

1238 2252 126 49 rere
1317 2252 94 49 ad
1364 2252 283 49 conseruationem
1600 2252 173 49 habitus
1710 2252 252 49 intellectualis

1244 2295 83 49 et
1286 2295 206 49 voluntatis:
1451 2295 96 49 sed
1506 2295 138 49 tantum
1602 2295 110 49 ipsa
1671 2295 138 49 posita
1767 2295 124 49 licet
1836 2295 138 49 separata

1237 2340 139 52 anima
1329 2340 77 52 a
1360 2340 170 52 corpore
1484 2340 93 52 ex
1531 2340 139 52 eadem
1623 2340 232 52 ordinatione
1794 2340 170 52 concurrit

1248 2384 117 51 deus
1322 2384 103 51 cum
1380 2384 132 51 anima
1468 2384 88 51 ad
1512 2384 234 51 conseruandum
1702 2384 161 51 habitus
1820 2384 117 51 sine
1878 2384 88 51 omni

1243 2426 114 52 tali
1314 2426 186 52 qualitate
1457 2426 186 52 corporali
1600 2426 129 52 quasi
1686 2426 114 52 enim
1757 2426 171 52 supplens
1871 2426 86 52 vici

1238 2474 140 49 illius
1336 2474 196 49 qualitatis
1490 2474 196 49 corporalis
1645 2474 98 49 sic
1701 2474 112 49 quod
1771 2474 112 49 deus
1841 2474 98 49 non
1883 2474 84 49 plus

1235 2516 111 55 agat
1305 2516 111 55 quam
1374 2516 139 55 prius:
1472 2516 97 55 sed
1527 2516 111 55 quia
1597 2516 111 55 ipse
1667 2516 181 55 ordinauit
1806 2516 84 55 se
1848 2516 97 55 non
1889 2516 84 55 con-

1234 2565 234 61 seruaturum
1418 2565 150 61 illum
1518 2565 184 61 habitum
1652 2565 100 61 in
1702 2565 150 61 anima
1785 2565 184 61 coniuncta
