2261 3093
303 192 106 67 nec
363 192 196 67 creaturas
514 192 91 67 in
560 192 106 67 deo
620 192 106 67 nec
681 192 136 67 sicut
771 192 91 67 in
817 192 136 67 causa
907 192 106 67 nec
952 192 76 67 si-

299 249 89 53 cut
350 249 76 53 in
388 249 139 53 speculo
490 249 203 53 praesentante
654 249 89 53 nec
705 249 114 53 sicut
781 249 76 53 in
819 249 190 53 efficiente.
959 249 63 53 sed

299 294 86 53 si
342 294 215 53 naturaliter
514 294 258 53 representaret:
729 294 115 53 tunc
801 294 100 53 non
858 294 158 53 videtur
959 294 57 53 ra

298 335 101 52 tio
355 335 130 52 quare
442 335 101 52 vna
500 335 173 52 creatura
629 335 130 52 esset
716 335 130 52 magis
803 335 115 52 visa
875 335 115 52 quam
932 335 87 52 alia

303 378 80 57 et
343 378 93 57 sic
396 378 119 57 omnes
475 378 93 57 vel
528 378 119 57 nulle
608 378 186 57 videretur:
754 378 93 57 sed
807 378 119 57 solum
886 378 119 57 illas
953 378 66 57 ere

295 424 159 53 aturas:
410 424 144 53 quarum
511 424 173 53 visionem
641 424 116 53 deus
713 424 144 53 causat
814 424 87 53 in
858 424 116 53 tali
915 424 116 53 intel-

305 474 127 48 lectu.
394 474 76 48 et
433 474 102 48 quia
496 474 76 48 de
535 474 140 48 communi
637 474 102 48 lege
700 474 102 48 deus
764 474 115 48 tales
841 474 153 48 visiones
943 474 76 48 crea

296 512 150 54 turarum
405 512 95 54 non
460 512 136 54 causat
555 512 109 54 nisi
624 512 164 54 videatur
746 512 109 54 ipsa
814 512 177 54 essentia.
937 512 82 54 ideo

306 563 115 50 talia
383 563 153 50 dicuntur
498 563 128 50 videri
587 563 77 50 in
626 563 102 50 tali
690 563 153 50 essentia
805 563 141 50 diuina.
907 563 102 50 quia
958 563 64 50 in-

307 603 185 50 tellectus
449 603 156 50 recipit
562 603 170 50 visionem
690 603 85 50 ab
733 603 170 50 essentia
861 603 156 50 diuina:
960 603 71 50 si-

303 649 90 48 cut
355 649 64 48 a
380 649 116 48 causa
458 649 193 48 efficiente.
612 649 90 48 non
664 649 116 48 autem
741 649 116 48 videt
819 649 77 48 in
857 649 155 48 essentia
961 649 64 48 di-

302 690 108 56 uina
370 690 122 56 sicut
451 690 81 56 in
492 690 122 56 libro
573 690 95 56 vel
627 690 81 56 in
668 690 149 56 speculo
776 690 162 56 secundum
884 690 135 56 imagina-

301 742 139 41 tionem
398 742 195 41 aliquorum.
551 742 139 41 Quarto
649 742 111 41 dico
718 742 111 41 quod
788 742 125 41 actus
857 742 167 41 beatificus

302 781 138 54 potest
399 781 111 54 esse
468 781 111 54 idem
537 781 166 54 respectu
662 781 166 54 essentie
787 781 138 54 diuine
884 781 83 54 et
911 781 111 54 respe-

301 824 99 46 ctu
357 824 226 46 creaturarum:
541 824 85 46 et
583 824 99 46 non
640 824 127 46 primo
724 824 169 46 respectu
852 824 99 46 dei
908 824 85 46 et
936 824 85 46 post

308 862 164 51 respectu
431 862 164 51 creature
554 862 164 51 secundum
677 862 232 51 imaginationem
867 862 136 51 Iohis.
949 862 82 51 quia

294 909 209 53 impossibile
461 909 97 53 est
517 909 111 53 quod
586 909 97 53 sit
642 909 111 53 idem
711 909 125 53 actus
795 909 153 53 propter
892 909 139 53 rationem

300 955 92 53 iam
352 955 144 53 dictam:
457 955 79 53 et
497 955 79 53 si
536 955 118 53 semel
615 955 171 53 videantur
746 955 105 53 illo
812 955 105 53 actu
878 955 131 53 semper
956 955 66 53 vi-

301 995 181 57 debuntur
437 995 121 57 actu
512 995 121 57 ipso
588 995 166 57 stante.
708 995 136 57 Cuius
799 995 196 57 oppositum
934 995 91 57 vido

302 1039 98 51 tur
358 1039 125 51 Iohes
441 1039 153 51 dicere.
553 1039 84 51 et
595 1039 84 51 si
637 1039 112 51 ille
706 1039 125 51 actus
790 1039 139 51 semper
874 1039 153 51 continua-

307 1082 112 57 retur
381 1082 100 57 ille
444 1082 112 57 actus
519 1082 87 57 non
568 1082 112 57 esset
643 1082 187 57 beatificus:
793 1082 100 57 quia
855 1082 112 57 esset
918 1082 112 57 praeci-

302 1136 87 45 se
345 1136 174 45 respectu
475 1136 217 45 creaturarum
649 1136 116 45 nisi
721 1136 130 45 solum
793 1136 232 45 accidentaliter

297 1179 106 44 vel
358 1179 152 44 plures
464 1179 137 44 actus
555 1179 152 44 essent
661 1179 197 44 beatifici
813 1179 152 44 simul.
904 1179 121 44 Quinto

312 1220 100 49 dico
375 1220 100 49 quod
438 1220 125 49 potest
526 1220 100 49 poni
588 1220 100 49 quod
651 1220 100 49 iste
714 1220 113 49 actus
789 1220 88 49 sit
839 1220 188 49 interruptus
977 1220 50 49 et

304 1263 170 44 causetur
431 1263 127 44 nouus
516 1263 127 44 actus
601 1263 170 44 respectu
728 1263 141 44 omnium
827 1263 156 44 istorum
926 1263 99 44 prius

316 1303 147 51 visorum
422 1303 80 51 et
462 1303 160 51 respectu
582 1303 147 51 aliorum
689 1303 187 51 obiectorum
836 1303 80 51 et
863 1303 173 51 creaturarum

303 1351 79 52 et
342 1351 105 52 tunc
408 1351 158 52 secundum
527 1351 118 52 istos
606 1351 105 52 duos
671 1351 118 52 modos
750 1351 145 52 ponendi
856 1351 145 52 oportet
948 1351 92 52 pone-

302 1391 78 50 re
341 1391 104 50 quod
406 1391 78 50 in
444 1391 117 50 eodem
522 1391 181 50 intellectu
665 1391 181 50 successiue
807 1391 142 50 possunt
911 1391 104 50 esse
962 1391 78 50 plu-

307 1439 95 45 res
362 1439 122 45 actus
443 1439 190 45 beatifici:
593 1439 95 45 vel
647 1439 109 45 quod
715 1439 122 45 simul
796 1439 109 45 sunt
864 1439 122 45 tales
932 1439 95 45 actus

307 1481 84 49 et
349 1481 99 49 hoc
405 1481 155 49 videtur
518 1481 225 49 rationabile:
701 1481 113 49 quia
772 1481 127 49 nulla
856 1481 155 49 videtur
955 1481 84 49 repu

315 1523 166 58 gnantia.
439 1523 124 58 Circa
522 1523 152 58 quartum
633 1523 179 58 articulum
771 1523 110 58 dico
840 1523 110 58 quod
895 1523 138 58 praesup-

317 1569 144 52 posita
417 1569 202 52 precedenti
576 1569 231 52 distinctione
763 1569 86 52 de
792 1569 245 52 comprehensione.

312 1608 109 55 quia
380 1608 95 55 vna
435 1608 163 55 creatura
557 1608 136 55 potest
653 1608 231 55 comprehendere
843 1608 123 55 aliam
911 1608 123 55 creatis

315 1654 96 54 ram.
375 1654 108 54 primo
447 1654 84 54 sic
495 1654 96 54 quod
555 1654 108 54 nihil
627 1654 96 54 eius
686 1654 120 54 lateat
770 1654 120 54 eidem.
854 1654 72 54 et
890 1654 84 54 sic
926 1654 108 54 secundo

309 1701 103 46 modo
374 1701 129 46 maxime
464 1701 129 46 quando
554 1701 142 46 videtur
657 1701 142 46 aliquod
760 1701 116 46 totum
838 1701 155 46 secundum
941 1701 90 46 omnes

323 1742 138 57 partes
420 1742 125 57 suas.
503 1742 138 57 tertio
600 1742 111 57 modo
669 1742 138 57 potest
766 1742 249 57 comprehendere:
960 1742 83 57 quia

314 1787 87 49 res
363 1787 124 49 potest
450 1787 149 49 cognosci
562 1787 186 49 perfectiori
711 1787 186 49 cognitione:
860 1787 99 49 quam
922 1787 87 49 sit
959 1787 75 49 cre-

318 1833 118 51 ature
396 1833 170 51 cognitio:
527 1833 105 51 quia
592 1833 183 51 cognitione
736 1833 131 51 diuina
828 1833 78 51 et
867 1833 118 51 etiam
932 1833 105 51 potest

313 1873 114 52 deus
384 1873 157 52 causare
498 1873 228 52 perfectiorem
684 1873 214 52 cognitionem
855 1873 157 52 creatam
954 1873 86 52 omnt

307 1920 121 46 nunc
382 1920 166 46 creata.
503 1920 151 46 quarto
609 1920 121 46 modo
684 1920 106 46 non
744 1920 151 46 potest
835 1920 211 46 apprehendere

322 1961 196 51 creaturam:
476 1961 112 51 quia
546 1961 126 51 multa
630 1961 196 51 praedicata
784 1961 154 51 possunt
882 1961 154 51 conuenire

317 2009 97 48 rei
373 2009 139 48 create
470 2009 97 48 que
525 2009 153 48 nunquam
636 2009 125 48 omnia
720 2009 167 48 scientur
845 2009 83 48 ab
872 2009 167 48 intellectu

326 2053 154 46 creato.
438 2053 140 46 quinto
537 2053 112 46 modo
607 2053 140 46 potest
705 2053 239 46 comprehendere
888 2053 154 46 creaturam

327 2098 104 47 quia
392 2098 129 47 potest
482 2098 104 47 esse
547 2098 168 47 proportio
677 2098 117 47 recta
754 2098 91 47 ita
806 2098 155 47 perfecta
923 2098 117 47 inter
987 2098 52 47 in

332 2140 222 47 tellectiones
513 2140 125 47 sicut
596 2140 125 47 inter
679 2140 111 47 res.
749 2140 83 47 et
790 2140 97 47 ita
846 2140 111 47 erit
915 2140 139 47 aliqua
998 2140 56 47 in

334 2178 184 56 tellectio
475 2178 99 56 ita
532 2178 170 56 perfecta
659 2178 240 56 intellectione
857 2178 127 56 inter
928 2178 127 56 intelle

332 2227 155 55 ctiones:
448 2227 116 55 sicut
526 2227 90 55 est
578 2227 90 55 res
629 2227 155 55 perfecta
746 2227 116 55 inter
823 2227 116 55 alias
901 2227 103 55 res.
978 2227 65 55 Sed

324 2264 150 65 contra
429 2264 195 65 praedicta
579 2264 120 65 sunt
654 2264 150 65 aliqua
760 2264 150 65 dubia.
895 2264 150 65 Primum
985 2264 60 65 de

334 2319 153 49 visione
445 2319 139 49 diuine
543 2319 181 49 essentie.
682 2319 125 49 vtrum
765 2319 97 49 sit
821 2319 125 49 actus
890 2319 153 49 complexus

332 2354 92 57 vel
385 2354 211 57 incomplexus.
556 2354 79 57 et
596 2354 119 57 ratio
675 2354 211 57 dubitationis
847 2354 106 57 est:
913 2354 106 57 quia
966 2354 92 57 actus

338 2406 183 44 complexus
478 2406 154 44 videtur
591 2406 197 44 perfectior
745 2406 211 44 incomplexo:
914 2406 98 44 sed
956 2406 98 44 actus

340 2445 192 54 beatificus
491 2445 96 54 est
546 2445 260 54 perfectissimus.
792 2445 151 54 Secudum
901 2445 109 54 est.
956 2445 96 54 vtrum

342 2489 121 59 actus
422 2489 188 59 beatificus
570 2489 94 59 sit
624 2489 121 59 actus
705 2489 135 59 rectus
799 2489 94 59 vel
853 2489 175 59 reflexus.
974 2489 81 59 quod

333 2530 158 51 reflexus
451 2530 171 51 probatur.
583 2530 105 51 quia
649 2530 132 51 nullus
742 2530 92 51 est
794 2530 158 51 perfecte
913 2530 132 51 beatus
992 2530 66 51 ni-

338 2575 79 67 si
377 2575 119 67 sciat
457 2575 79 67 se
497 2575 106 67 esse
563 2575 146 67 beatum.
669 2575 79 67 et
709 2575 93 67 per
761 2575 185 67 consequens
907 2575 132 67 habeat
987 2575 79 67 secu

1111 183 159 78 ritatem
1226 183 87 78 de
1270 183 116 78 hoc.
1371 183 159 78 Tertium
1486 183 116 78 est.
1559 183 130 78 vtrum
1645 183 130 78 actus
1717 183 145 78 reflexus

1115 240 109 66 sit
1178 240 125 66 idem
1256 240 140 66 actus
1349 240 156 66 numero
1458 240 109 66 cum
1520 240 125 66 actu
1598 240 156 66 recto.
1723 240 140 66 Quartum

1110 291 131 53 vtrum
1198 291 218 53 intellectus
1372 291 146 53 beatus
1474 291 146 53 potest
1576 291 131 53 simul
1663 291 146 53 videre
1751 291 87 53 infi

1110 337 117 53 nita
1213 337 161 53 Quintum
1330 337 117 53 est.
1404 337 88 53 an
1448 337 176 53 cognitio
1580 337 132 53 rerum
1668 337 88 53 in
1712 337 132 53 verbo
1785 337 59 53 et

1122 382 179 55 cognitio
1256 382 179 55 earundem
1390 382 89 55 in
1435 382 149 55 genere
1539 382 164 55 proprio
1658 382 119 55 sint
1718 382 119 55 cogni-

1122 425 133 52 tiones
1215 425 172 52 distincte
1347 425 159 52 secundum
1467 425 159 52 speciem.
1613 425 133 52 Sextum
1705 425 66 52 a
1732 425 93 52 quo
1772 425 66 52 cau

1125 471 135 56 santur
1219 471 121 56 actus
1300 471 162 56 videndi.
1448 471 81 56 Ad
1489 471 135 56 primum
1583 471 148 56 istorum
1691 471 108 56 dico
1745 471 81 56 quod

1114 520 107 48 est
1175 520 138 48 actus
1267 520 245 48 incomplexus:
1465 520 122 48 quia
1542 520 229 48 intuitiuus.
1725 520 92 48 Ad
1756 520 76 48 pre

1122 558 159 60 bationem
1241 558 106 60 dico
1307 558 106 60 quod
1373 558 146 60 notitia
1479 558 159 60 complexa
1599 558 93 60 est
1652 558 185 60 perfectior
1784 558 53 60 in

1120 607 184 49 complexa
1258 607 153 49 quando
1365 607 123 49 sunt
1442 607 169 49 eiusdem
1564 607 184 49 generis.
1687 607 153 49 Preterea

1134 642 141 51 vtraque
1237 642 167 51 existente
1365 642 205 51 abstractiua:
1532 642 77 51 si
1570 642 115 51 tamen
1647 642 90 51 vna
1698 642 141 51 notitia
1788 642 64 51 in-

1115 688 185 52 complexa
1254 688 108 52 sit
1315 688 201 52 intuitiua
1470 688 93 52 et
1516 688 185 52 complexa
1640 688 201 52 abstractiua

1112 728 101 65 tunc
1176 728 89 65 non
1226 728 139 65 oportet
1328 728 114 65 sicut
1404 728 89 65 est
1454 728 76 65 in
1492 728 177 65 proposito.
1657 728 76 65 Ad
1695 728 152 65 secundum
1796 728 38 65 d

1123 773 65 56 co
1156 773 87 56 quod
1210 773 76 56 est
1254 773 98 56 actus
1319 773 120 56 rectus:
1406 773 87 56 quia
1460 773 87 56 sine
1515 773 87 56 omni
1569 773 87 56 actu
1623 773 120 56 reflexo
1710 773 109 56 potest
1776 773 65 56 ali-

1129 821 81 50 quis
1180 821 132 50 equaliter
1281 821 81 50 esse
1332 821 112 50 beatus.
1413 821 61 50 et
1443 821 101 50 quando
1514 821 112 50 dicitur
1595 821 81 50 quod
1646 821 101 50 nullus
1717 821 71 50 est
1748 821 101 50 perfecte

1129 865 108 50 beatus
1205 865 87 50 etc.
1259 865 87 50 dico
1313 865 87 50 quod
1367 865 119 50 aliquis
1454 865 108 50 potest
1529 865 87 50 esse
1583 865 130 50 perfecte
1681 865 108 50 beatus
1746 865 97 50 beatitu

1126 908 93 45 dine
1184 908 174 45 essentiali:
1323 908 104 45 licet
1393 908 127 45 nesciat
1485 908 69 45 se
1520 908 93 45 esse
1578 908 127 45 beatum.
1670 908 69 45 et
1705 908 81 45 hoc
1751 908 93 45 actu
1798 908 46 45 el

1126 946 103 55 cito.
1194 946 80 55 sed
1240 946 138 55 sufficit
1344 946 92 55 quod
1401 946 115 55 habeat
1482 946 161 55 principium
1608 946 172 55 sufficiens.
1746 946 92 55 vnde
1792 946 57 55 sta

1113 996 94 49 tim
1166 996 135 49 potest
1261 996 121 49 scire
1341 996 81 49 se
1382 996 108 49 esse
1449 996 135 49 beatum
1543 996 108 49 nifi
1611 996 108 49 deus
1678 996 175 49 impediat.
1799 996 54 49 Ad

1118 1037 105 51 aliud
1188 1037 70 51 de
1223 1037 163 51 securitate
1352 1037 105 51 patet
1422 1037 93 51 quod
1480 1037 93 51 homo
1538 1037 117 51 potest
1620 1037 93 51 esse
1678 1037 152 51 equaliter
1783 1037 70 51 bea-

1134 1087 85 44 tus
1183 1087 97 44 sine
1243 1087 97 44 illa
1304 1087 183 44 securitate.
1450 1087 73 44 et
1487 1087 85 44 hoc
1536 1087 73 44 si
1572 1087 85 44 sit
1621 1087 134 44 aliquod
1706 1087 146 44 distinctum

1128 1123 64 54 a
1154 1123 178 54 fruitione:
1294 1123 102 54 quia
1357 1123 165 54 securitas
1484 1123 114 54 nihil
1561 1123 114 54 aliud
1637 1123 89 54 est
1688 1123 102 54 quam
1739 1123 114 54 euidens

1130 1168 98 53 vel
1186 1168 127 53 certa
1271 1168 169 53 cognitio
1397 1168 84 53 de
1439 1168 141 53 diuina
1538 1168 225 53 ordinatione:
1720 1168 112 53 quia
1777 1168 84 53 ordi

1126 1213 109 52 nauit
1199 1213 109 52 actum
1271 1213 169 52 beatificum
1404 1213 121 52 semper
1489 1213 97 52 esse
1549 1213 206 52 continuandum:
1719 1213 85 52 sed
1767 1213 73 52 si
1791 1213 73 52 ille

1131 1260 112 52 actus
1205 1260 100 52 idem
1267 1260 112 52 esset
1342 1260 87 52 cum
1392 1260 137 52 visione
1491 1260 100 52 dei:
1553 1260 100 52 tunc
1616 1260 87 52 non
1665 1260 124 52 posset
1752 1260 100 52 esse
1802 1260 50 52 be

1129 1300 108 52 atus
1196 1300 108 52 sine
1263 1300 188 52 securitate
1411 1300 81 52 si
1451 1300 148 52 ponatur
1559 1300 188 52 distinctus
1707 1300 121 52 actus
1774 1300 81 52 tota

1133 1341 98 56 liter
1199 1341 131 56 causatus
1297 1341 55 56 a
1319 1341 87 56 deo.
1373 1341 87 56 quod
1428 1341 120 56 videtur
1515 1341 87 56 esse
1569 1341 109 56 verum:
1646 1341 87 56 quia
1700 1341 98 56 visio
1766 1341 76 56 dei
1798 1341 55 56 est

1132 1392 151 52 noticia
1242 1392 206 52 inconplexa.
1407 1392 96 52 hec
1462 1392 124 52 autem
1545 1392 151 52 noticia
1655 1392 179 52 complexa:
1779 1392 83 52 quia

1122 1435 199 53 terminatur
1278 1435 85 53 ad
1321 1435 128 53 istud
1406 1435 199 53 complexum.
1562 1435 114 53 deus
1634 1435 185 53 ordinauit
1761 1435 100 53 istum

1138 1474 99 52 actum
1204 1474 154 52 beatificum
1325 1474 110 52 semper
1402 1474 187 52 continuandum:
1556 1474 88 52 tunc
1611 1474 121 52 differt
1699 1474 132 52 realiter
1798 1474 55 52 a
1809 1474 55 52 vi-

1130 1522 114 48 sione.
1210 1522 69 48 et
1244 1522 114 48 potest
1324 1522 91 48 esse
1381 1522 69 48 ta
1415 1522 103 48 visio
1484 1522 91 48 quam
1541 1522 126 48 fruitio
1632 1522 91 48 eius
1690 1522 91 48 sine
1747 1522 91 48 tali
1792 1522 69 48 actu

1133 1565 123 53 creato:
1222 1565 89 53 nisi
1278 1565 123 53 ponatur
1367 1565 89 53 quod
1423 1565 89 53 idem
1479 1565 101 53 actus
1546 1565 112 53 potest
1624 1565 89 53 esse
1680 1565 145 53 complexus
1792 1565 67 53 et
1814 1565 56 53 in-

1132 1599 152 64 complexus
1249 1599 117 64 rectum
1331 1599 164 64 diuersorum
1460 1599 176 64 obiectorum.
1600 1599 105 64 sicut
1671 1599 105 64 actus
1741 1599 94 64 ille
1788 1599 70 64 quae

1141 1648 131 58 formatur
1239 1648 153 58 propositio
1359 1648 109 58 potest
1435 1648 87 58 dici
1490 1648 163 58 incomplexus
1620 1648 131 58 quatenus
1718 1648 87 58 ipso
1762 1648 109 58 apprehe-

1133 1694 91 51 ditur
1193 1694 121 51 terminus
1284 1694 182 51 propositionis.
1435 1694 61 51 et
1466 1694 101 51 potest
1536 1694 81 51 esse
1587 1694 131 51 complexus
1688 1694 121 51 quatenus
1778 1694 81 51 ipso
1819 1694 40 51 ap

1134 1734 164 66 praeheditur
1265 1734 88 66 tota
1320 1734 153 66 propositio
1463 1734 66 66 Ad
1496 1734 120 66 tertium
1583 1734 99 66 patet
1649 1734 88 66 quod
1704 1734 88 66 non.
1758 1734 77 66 sic
1791 1734 66 66 alib

1145 1783 122 62 diffuse
1233 1783 110 62 patet.
1311 1783 88 62 ideo
1366 1783 88 62 nunc
1421 1783 166 62 pertranseo.
1576 1783 66 62 Ad
1609 1783 122 62 quartum
1697 1783 88 62 dico
1753 1783 88 62 quod
1797 1783 55 62 non

1150 1834 85 49 qui
1199 1834 73 49 si
1235 1834 98 49 sic:
1296 1834 85 49 aut
1345 1834 85 49 per
1394 1834 98 49 vnum
1455 1834 110 49 actum
1528 1834 85 49 aut
1577 1834 85 49 per
1626 1834 159 49 infinitos
1736 1834 134 49 terinatos

1142 1868 80 53 ad
1182 1868 147 53 diuersa
1288 1868 160 53 obiecta.
1408 1868 107 53 siue
1475 1868 93 53 sic
1529 1868 107 53 siue
1595 1868 93 53 sic
1649 1868 133 53 semper
1729 1868 133 53 argueret

1138 1911 168 52 infinitam
1268 1911 207 52 perfectionem
1436 1911 78 52 in
1475 1911 104 52 actu
1539 1911 155 52 terinato
1656 1911 78 52 ad
1695 1911 155 52 infinita
1798 1911 78 52 obie

1143 1959 83 51 cta
1191 1959 83 51 vel
1238 1959 71 51 in
1273 1959 142 51 actibus:
1380 1959 95 51 quia
1439 1959 201 51 quantumcumque
1605 1959 107 51 multa
1676 1959 130 51 possunt
1759 1959 118 51 intelli-

1149 2005 74 56 gi
1186 2005 86 56 per
1235 2005 99 56 vnum
1297 2005 111 56 actum
1371 2005 136 56 finitum
1470 2005 74 56 et
1507 2005 161 56 aliquando
1630 2005 111 56 actus
1704 2005 161 56 terinatus
1816 2005 49 56 ad

1146 2049 105 47 multa
1216 2049 116 47 potest
1297 2049 93 47 esse
1356 2049 186 47 imperfectior
1507 2049 70 47 et
1542 2049 151 47 remissior
1658 2049 93 47 quam
1716 2049 105 47 actus
1774 2049 93 47 terina

1147 2092 97 51 tus
1202 2092 83 51 ad
1244 2092 110 51 vnum
1313 2092 124 51 solum
1396 2092 124 51 tamen
1478 2092 124 51 actum
1561 2092 179 51 terminari
1699 2092 83 51 ad
1727 2092 138 51 infinita

1146 2132 145 53 semper
1247 2132 145 53 arguit
1348 2132 174 53 excessum
1479 2132 130 53 vltra
1566 2132 188 53 finitatem
1711 2132 101 53 vel
1754 2132 116 53 infini

1147 2181 130 47 tate.
1262 2181 86 47 Ad
1305 2181 158 47 quintum
1420 2181 115 47 dico
1492 2181 115 47 quod
1564 2181 86 47 si
1608 2181 173 47 cognitio
1723 2181 144 47 creature

1141 2219 85 52 in
1183 2219 127 52 verbo
1268 2219 99 52 sit
1324 2219 184 52 intuitiua
1466 2219 85 52 et
1508 2219 85 52 in
1550 2219 141 52 genere
1649 2219 155 52 proprio
1762 2219 99 52 sit
1805 2219 56 52 ab

1148 2263 186 53 stractiua.
1294 2263 107 53 tunc
1361 2263 213 53 distinguitur
1534 2263 133 53 specie
1627 2263 120 53 sicut
1707 2263 120 53 alibi
1773 2263 107 53 patet.

1147 2308 83 52 si
1189 2308 125 52 autem
1272 2308 152 52 vtraque
1383 2308 97 52 sit
1438 2308 180 52 intuitiua
1576 2308 111 52 puta
1646 2308 83 52 si
1687 2308 111 52 deus
1743 2308 138 52 causaret

1146 2349 229 53 cognitionem
1329 2349 214 53 intuitiuam
1498 2349 184 53 alicuius
1635 2349 199 53 albedinis
1788 2349 92 53 in
1819 2349 61 53 in

1150 2396 156 50 tellectu
1267 2396 182 50 beatifico:
1410 2396 78 50 et
1449 2396 104 50 ipse
1514 2396 130 50 beatus
1604 2396 208 50 corporaliter
1760 2396 117 50 videret

1146 2437 143 59 eandem
1246 2437 201 59 albedinem:
1404 2437 115 59 tunc
1475 2437 172 59 cognitio
1605 2437 186 59 albedinis
1748 2437 86 59 in
1777 2437 100 59 verbo

1149 2477 71 57 et
1185 2477 71 57 in
1220 2477 118 57 genere
1303 2477 130 57 proprio
1397 2477 83 57 non
1445 2477 95 57 sunt
1504 2477 154 57 distincte
1622 2477 177 57 cognitiones
1752 2477 118 57 secundum

1158 2532 161 54 speciem:
1278 2532 94 54 nec
1332 2532 120 54 etiam
1412 2532 161 54 secundum
1532 2532 147 54 numerum
1639 2532 161 54 loquendo
1760 2532 80 54 de
1786 2532 94 54 intui

1144 2569 93 58 tiua
1203 2569 198 58 intellectiua.
1366 2569 93 58 quod
1424 2569 82 58 non
1471 2569 140 58 secundum
1576 2569 140 58 speciem:
1681 2569 93 58 quia
1739 2569 117 58 habent
1809 2569 70 58 idem
