2258 3095
299 180 110 70 est
362 180 173 70 mobilis
488 180 94 70 ad
535 180 157 70 formam
645 180 126 70 motu
723 180 188 70 naturali
864 180 94 70 et
896 180 141 70 natura-

303 246 134 50 liter.
396 246 80 50 Si
436 246 120 50 dicas
516 246 120 50 adhuc
596 246 107 50 quod
663 246 120 50 omnia
743 246 107 50 ista
810 246 93 50 non
863 246 147 50 probant
957 246 80 50 quin

298 288 105 54 sit
358 288 165 54 mobilis
478 288 90 54 ad
522 288 150 54 formam
627 288 150 54 libere
732 288 120 54 puta
807 288 90 54 ad
837 288 194 54 volitionem.

313 335 163 55 Respondeo.
442 335 105 55 verum
512 335 93 55 est:
570 335 82 55 sed
617 335 82 55 hec
663 335 152 55 conclusio
780 335 140 55 probatur
885 335 82 55 per
920 335 105 55 tertium

294 381 185 53 argumentum.
442 381 111 53 viii.
516 381 185 53 phisicorum:
664 381 86 53 et.
713 381 99 53 xii.
774 381 197 53 metaphisice.
935 381 74 53 et
959 381 62 53 est

297 427 131 49 tale.
385 427 131 49 omnis
473 427 146 49 natura
575 427 146 49 libere
677 427 117 49 mota
750 427 88 49 ad
794 427 204 49 volitionem
939 427 88 49 ali-

295 472 111 50 quam
364 472 139 50 potest
462 472 111 50 esse
531 472 139 50 misera
628 472 83 50 si
670 472 111 50 eius
739 472 180 50 felicitas
877 472 97 50 non
919 472 111 50 depen-

298 512 102 51 deat
362 512 77 51 ab
400 512 128 51 aliquo
490 512 102 51 alio
553 512 115 51 sicut
630 512 64 51 a
655 512 115 51 causa
732 512 140 51 totali:
834 512 102 51 quod
898 512 102 51 dico
949 512 77 51 pro-

303 551 117 54 pter
376 551 161 54 angelos
493 551 88 54 et
537 551 161 54 homines
654 551 117 54 quae
727 551 161 54 possunt
843 551 146 54 libere
931 551 102 54 multa

295 596 118 57 velle
373 596 78 57 in
413 596 144 57 patria:
517 596 78 57 et
556 596 118 57 tamen
635 596 92 57 non
687 596 144 57 possunt
792 596 105 57 esse
857 596 144 57 miseri:
949 596 78 57 quia

296 642 125 52 eorum
379 642 180 52 felicitas
518 642 166 52 dependet
643 642 69 52 a
671 642 97 52 deo
726 642 125 52 sicut
809 642 69 52 a
837 642 125 52 causa
906 642 125 52 totali.

307 690 88 51 quod
362 690 99 51 patet
428 690 143 51 similiter
539 690 66 51 de
572 690 132 51 visione:
671 690 88 51 quia
726 690 66 51 si
759 690 165 51 intellectus
892 690 99 51 esset
947 690 77 51 acti-

297 726 105 53 uus
357 726 180 53 respectu
492 726 180 53 visionis
627 726 150 53 possit
733 726 180 53 voluntas
868 726 90 53 vt
898 726 135 53 videtur

297 779 152 50 auertere
412 779 191 50 intellectum
564 779 76 50 ab
602 779 102 50 illa
666 779 140 50 visione
767 779 114 50 sicut
843 779 76 50 et
882 779 102 50 nunc
932 779 102 50 potest

300 817 105 52 nolle
370 817 105 52 illam
440 817 140 52 visionem
546 817 93 52 esse
604 817 70 52 et
639 817 117 52 potest
721 817 105 52 liben
791 817 105 52 velle
861 817 105 52 aliam
919 817 117 52 visionem

304 870 111 50 esse.
378 870 74 50 et
415 870 87 50 sic
465 870 74 50 vt
502 870 136 50 videtur
601 870 111 50 actus
675 870 186 50 intellectus
824 870 111 50 esset
898 870 74 50 in
923 870 99 50 ptante

307 905 165 54 voluntatis.
439 905 143 54 similiter
549 905 99 54 patet
615 905 66 54 de
648 905 143 54 fruitione
757 905 88 54 quod
812 905 132 54 causatur
900 905 121 54 totaliter

296 957 64 44 a
322 957 103 44 deo:
386 957 103 44 quia
450 957 77 44 si
489 957 154 44 voluntas
605 957 116 44 esset
682 957 129 44 actiua
772 957 154 44 respectu
887 957 129 44 illius
965 957 51 44 a-

296 997 108 49 ctus
363 997 121 49 esset
444 997 81 49 in
484 997 135 49 ptante
579 997 202 49 voluntatis.
741 997 81 49 et
781 997 108 49 tunc
849 997 135 49 posset
930 997 94 49 fieri

286 1040 145 55 misera
388 1040 87 55 in
432 1040 145 55 patria
534 1040 131 55 sicut
621 1040 116 55 sibi
694 1040 189 55 placeret.
839 1040 116 55 quod
897 1040 131 55 videtur

297 1082 162 60 absurdum.
421 1082 87 60 sed
471 1082 124 60 primus
558 1082 112 60 motor
632 1082 75 60 ex
670 1082 87 60 quo
719 1082 187 60 simpliciter
869 1082 124 60 primus
943 1082 75 60 est:

296 1132 97 48 non
352 1132 97 48 sic
407 1132 152 48 depedet
518 1132 83 48 ab
559 1132 138 48 aliquo
656 1132 125 48 alio.
739 1132 138 48 igitur
836 1132 83 48 si
878 1132 97 48 sic
919 1132 111 48 mouere

289 1170 101 48 tur
346 1170 86 48 ad
389 1170 201 48 volitionem
547 1170 144 48 posset
648 1170 129 48 fieri
734 1170 144 48 miser.
835 1170 115 48 quod
893 1170 129 48 reputat

293 1212 189 58 philosophus
445 1212 164 58 absurdum.
571 1212 76 58 Si
608 1212 113 58 dicas
684 1212 101 58 quod
747 1212 76 58 ad
785 1212 176 58 fruitionem
911 1212 113 58 mouetur

296 1262 188 52 naturaliter
447 1262 75 52 et
484 1262 75 52 ad
522 1262 113 52 alias
597 1262 175 52 volitiones
734 1262 138 52 libere.
834 1262 75 52 et
872 1262 88 52 sic
909 1262 113 52 conclu-

300 1302 89 57 dit
351 1302 190 57 argumentum.
503 1302 165 57 Respondeo
630 1302 101 57 quod
693 1302 89 57 hoc
743 1302 89 57 est
794 1302 152 57 secundum
895 1302 127 57 argumen-

293 1350 89 50 tum
344 1350 139 50 factum:
445 1350 101 50 quia
509 1350 101 50 tunc
572 1350 139 50 tanquam
674 1350 152 50 naturale
788 1350 139 50 mouetur
889 1350 76 50 de
915 1350 101 50 poten-

287 1396 97 50 tia
343 1396 208 50 essentiali:
509 1396 111 50 quia
578 1396 125 50 eoipo
661 1396 97 50 quo
716 1396 152 50 aliquid
827 1396 152 50 mouetur
938 1396 83 50 de
966 1396 55 50 po

297 1439 131 47 tentia
389 1439 184 47 essentiali
533 1439 79 47 ad
573 1439 131 47 formam
665 1439 92 47 est
717 1439 79 47 in
756 1439 158 47 potentia
875 1439 79 47 ad
914 1439 105 47 eam.
966 1439 53 47 et

290 1481 105 52 tunc
356 1481 184 52 necessario
500 1481 171 52 moueretur
631 1481 79 52 ab
671 1481 118 52 alio.
749 1481 79 52 et
789 1481 92 52 sic
841 1481 92 52 non
894 1481 118 52 esset
959 1481 66 52 pri

303 1526 83 47 mus
351 1526 119 47 motor.
434 1526 83 47 sic
482 1526 119 47 igitur
565 1526 107 47 patet
637 1526 95 47 quod
696 1526 83 47 per
744 1526 95 47 tres
804 1526 143 47 rationes
899 1526 119 47 probatur

299 1570 104 53 quod
364 1570 130 53 primus
455 1570 117 53 motor
533 1570 91 53 est
585 1570 195 53 simpliciter
741 1570 169 53 immobilis
871 1570 91 53 tam
923 1570 104 53 motu
975 1570 52 53 lo

288 1610 107 44 cali
355 1610 107 44 quam
422 1610 121 44 motum
502 1610 80 44 ad
542 1610 147 44 formam.
650 1610 80 44 Si
690 1610 121 44 dicas
770 1610 107 44 quod
837 1610 107 44 ista
904 1610 94 44 non
945 1610 80 44 pro-

293 1652 101 56 bant
356 1652 101 56 quin
420 1652 88 56 sit
470 1652 139 56 mobilis
571 1652 88 56 per
621 1652 164 56 accidens.
747 1652 177 56 Respondeo.
886 1652 101 56 omne
949 1652 101 56 quod

299 1700 138 55 mouetur
400 1700 88 55 per
450 1700 150 55 accidens
562 1700 125 55 potest
650 1700 125 55 moueri
737 1700 88 55 per
787 1700 88 55 se.
837 1700 113 55 patet
912 1700 75 55 de
937 1700 88 55 acci-

299 1742 156 52 dentibus
416 1742 78 52 de
455 1742 130 52 quabus
546 1742 117 52 minus
624 1742 143 52 videtur
729 1742 104 52 quod
794 1742 78 52 si
833 1742 130 52 essent
911 1742 104 52 separa

290 1788 76 51 ta
328 1788 177 51 mouerentur
468 1788 127 51 saltem
556 1788 165 51 localiter
683 1788 89 51 per
734 1788 76 51 se
772 1788 89 51 sed
822 1788 89 51 non
873 1788 114 51 aliis
936 1788 89 51 moti-

290 1831 116 50 bus.
362 1831 87 50 Ad
405 1831 174 50 rationes
536 1831 203 50 opinionis.
724 1831 87 50 Ad
767 1831 145 50 primam
868 1831 116 50 dico
926 1831 87 50 quod

294 1880 116 52 ille
367 1880 131 52 actus
454 1880 160 52 mutatur
571 1880 87 52 ad
614 1880 203 52 mutationem
774 1880 160 52 obiecti
890 1880 116 52 siue
948 1880 73 52 sit

304 1918 147 54 primarium
417 1918 91 54 siue
474 1918 170 54 secundarium
610 1918 102 54 nihil
678 1918 125 54 refert.
769 1918 68 54 et
803 1918 91 54 ideo
859 1918 91 54 dico
916 1918 91 54 quod
961 1918 57 54 il-

296 1969 77 50 la
335 1969 90 50 est
386 1969 205 50 insufficiens
553 1969 103 50 nisi
617 1969 90 50 per
668 1969 154 50 rationem
783 1969 192 50 cognoscendi
924 1969 103 50 intel-

287 2004 115 51 ligat
364 2004 154 51 obiectum
479 2004 115 51 sicut
556 2004 115 51 autem
633 2004 90 51 est
685 2004 77 51 in
723 2004 167 51 proposito
851 2004 128 51 quando
928 2004 90 51 primo

298 2047 214 53 cognoscitur
469 2047 171 53 essentia
598 2047 86 53 et
641 2047 114 53 post
712 2047 186 53 creatura.
883 2047 86 53 Ad
912 2047 100 53 aliud

292 2095 111 49 dico
361 2095 111 49 quod
430 2095 180 49 creaturas
569 2095 180 49 contineri
707 2095 83 49 in
748 2095 97 49 deo
804 2095 97 49 non
859 2095 97 49 est
914 2095 111 49 nisi
970 2095 55 49 il

300 2143 104 43 las
360 2143 134 43 posse
449 2143 163 43 causari
568 2143 74 43 a
597 2143 119 43 deo.
672 2143 89 43 et
716 2143 119 43 ideo
790 2143 223 43 simpliciori
954 2143 74 43 mo-

295 2180 81 51 do
336 2180 217 51 continentur:
513 2180 109 51 quia
581 2180 149 51 possunt
689 2180 149 51 causari
798 2180 68 51 a
811 2180 204 51 simplicissimo

292 2226 138 57 igitur
389 2226 166 57 cognitio
513 2226 111 57 illa
583 2226 97 57 qua
638 2226 207 57 cognoscitur
804 2226 124 57 ipsum
873 2226 152 57 continens

296 2268 97 62 est
352 2268 195 62 simplicior
505 2268 84 62 et
547 2268 139 62 tantum
644 2268 111 62 vnus
714 2268 139 62 actus.
811 2268 97 62 sed
867 2268 111 62 illa
923 2268 111 62 conten

293 2312 91 57 ta
338 2312 106 57 sub
399 2312 212 57 continente
566 2312 106 57 non
627 2312 167 57 possunt
748 2312 182 57 cognosci
869 2312 152 57 simplici

301 2359 103 52 ori
360 2359 118 52 modo
434 2359 103 52 per
493 2359 192 52 pauciores
641 2359 133 52 actus
729 2359 118 52 quam
803 2359 162 52 possunt
906 2359 118 52 cogno-

297 2404 104 51 sci
357 2404 90 51 in
402 2404 90 51 se
446 2404 164 51 ceteris
566 2404 179 51 paribus.
700 2404 149 51 potest
804 2404 134 51 tamen
894 2404 104 51 tam
939 2404 90 51 deus

305 2449 103 60 quam
369 2449 154 60 creatura
485 2449 154 60 cognosci
600 2449 90 60 per
652 2449 103 60 vnum
716 2449 116 60 actum
793 2449 77 60 si
831 2449 116 60 simul
908 2449 77 60 et
934 2449 90 60 equae

300 2486 136 59 prima
391 2486 227 59 cognoscatur
573 2486 182 59 vterque.
709 2486 106 59 ita
769 2486 167 59 possunt
891 2486 106 59 due
936 2486 91 59 cau-

293 2537 90 49 se
338 2537 180 49 cognosci
473 2537 105 49 per
533 2537 120 49 vnum
608 2537 150 49 actum.
712 2537 105 49 sed
772 2537 90 49 si
817 2537 120 49 vnum
892 2537 135 49 prius
967 2537 60 49 co

299 2586 173 62 gnoscatur
432 2586 80 62 et
472 2586 173 62 posterius
605 2586 133 62 aliud:
698 2586 106 62 tunc
764 2586 93 62 non
817 2586 133 62 potest
910 2586 106 62 esse
964 2586 66 62 tam

1120 176 105 87 tum
1180 176 120 87 vnus
1255 176 149 87 actus.
1389 176 90 87 Ad
1434 176 134 87 aliud
1523 176 120 87 dico
1598 176 120 87 quod
1673 176 164 87 vtraque
1777 176 90 87 pars

1119 249 133 49 potest
1212 249 147 49 concedi
1319 249 133 49 prima:
1412 249 107 49 quia
1479 249 80 49 si
1519 249 133 49 habeat
1612 249 107 49 vnum
1679 249 120 49 actum
1745 249 107 49 terni-

1121 293 125 50 natum
1204 293 125 50 solum
1288 293 83 50 ad
1329 293 180 50 essentiam
1468 293 153 50 diuinam
1579 293 83 50 et
1620 293 125 50 alium
1690 293 166 50 terminatum

1122 336 77 49 ad
1161 336 167 49 essentiam
1290 336 77 49 et
1328 336 167 49 creaturam
1457 336 142 49 vterque
1560 336 116 49 esset
1637 336 193 49 beatificus:
1779 336 77 49 quia

1122 376 142 49 haberet
1225 376 103 49 deum
1290 376 116 49 clare
1367 376 116 49 visum
1444 376 90 49 pro
1496 376 155 49 obiecto.
1612 376 168 49 Similiter
1728 376 116 49 secunda

1123 424 126 50 pars:
1207 424 112 50 quia
1277 424 84 50 si
1320 424 154 50 haberet
1432 424 126 50 actum
1516 424 112 50 vnum
1586 424 197 50 terminatum
1741 424 84 50 ad
1769 424 84 50 deum

1115 468 147 53 precise
1222 468 80 53 et
1262 468 120 53 alium
1342 468 80 53 ad
1382 468 174 53 creaturam
1516 468 187 53 terminatum
1663 468 174 53 praecise:
1783 468 67 53 pri

1124 513 97 43 mus
1180 513 125 43 esset
1263 513 208 43 beatificus:
1430 513 111 43 quia
1499 513 153 43 haberet
1610 513 111 43 deum
1679 513 97 43 pro
1721 513 125 43 obiecto

1116 558 152 54 secundus
1230 558 88 54 non
1281 558 139 54 propter
1382 558 126 54 causam
1470 558 152 54 positam.
1609 558 76 54 Ad
1647 558 114 54 aliud
1723 558 101 54 dico
1773 558 76 54 quod

1123 596 149 51 implicat
1234 596 136 51 falsum:
1333 596 149 51 scilicet
1444 596 99 51 quod
1506 596 124 51 aliqua
1593 596 149 51 relucent
1704 596 74 51 in
1729 596 124 51 essentia

1115 643 135 45 diuina
1209 643 148 45 tanquam
1317 643 81 45 in
1357 643 162 45 speculo.
1479 643 108 45 quod
1546 643 135 45 falsum
1640 643 108 45 est:
1708 643 108 45 quia
1762 643 94 45 crea-

1119 684 93 49 tura
1178 684 70 49 in
1213 684 82 49 deo
1259 684 82 49 non
1306 684 105 49 habet
1376 684 93 49 nisi
1434 684 116 49 duplex
1515 684 93 49 esse
1574 684 140 49 secundum
1678 684 105 49 istum
1737 684 116 49 communem

1122 732 116 54 modum
1199 732 154 54 loquendi
1315 732 116 54 vnum:
1392 732 116 54 sicut
1469 732 77 54 in
1507 732 116 54 causa
1584 732 193 54 virtualiter
1738 732 90 54 hoc
1777 732 64 54 est

1112 776 81 57 in
1152 776 121 57 causa
1232 776 148 57 potente
1340 776 121 57 talia
1420 776 161 57 causare.
1541 776 81 57 et
1581 776 121 57 aliud
1662 776 81 57 in
1689 776 161 57 cognitione

1125 820 139 49 diuina:
1226 820 76 49 et
1264 820 76 49 in
1302 820 164 49 volitione
1428 820 101 49 quae
1491 820 126 49 omnino
1579 820 101 49 sunt
1642 820 113 49 idem:
1718 820 88 49 nec
1756 820 88 49 habet

1108 861 132 48 aliud
1196 861 117 48 esse
1270 861 191 48 relucens:
1416 861 103 48 nec
1475 861 279 48 representatiuum
1709 861 88 48 in
1739 861 117 48 essen-

1115 905 96 50 tia
1170 905 123 50 sicut
1252 905 82 50 in
1293 905 164 50 speculo:
1416 905 123 50 sicut
1498 905 137 50 aliqui
1593 905 205 50 ymaginantur
1744 905 109 50 false.

1114 950 75 49 Et
1151 950 125 49 quando
1238 950 137 49 dicitur
1338 950 125 49 videns
1426 950 100 49 deum
1488 950 112 49 videt
1563 950 162 49 infinitam
1675 950 175 49 perfectionem

1112 994 165 48 concedo.
1236 994 83 48 Et
1277 994 96 48 cum
1332 994 151 48 dicitur
1442 994 124 48 talis
1525 994 124 48 videt
1607 994 124 48 omnia
1676 994 165 48 relucentia

1112 1039 103 47 dico
1177 1039 103 47 quod
1241 1039 116 47 nihil
1318 1039 103 47 tale
1383 1039 90 47 est
1434 1039 90 47 ibi
1512 1039 77 47 Ad
1550 1039 116 47 aliud
1628 1039 103 47 dico
1692 1039 103 47 quod
1744 1039 90 47 etiam

1117 1082 141 51 implicat
1223 1082 94 51 deum
1281 1082 199 51 repraesentare
1445 1082 152 51 creaturam
1563 1082 117 51 aliter
1645 1082 94 51 quam
1703 1082 105 51 causa
1762 1082 82 51 quae-

1117 1126 144 50 cunque
1218 1126 217 50 representat
1391 1126 116 50 suum
1463 1126 188 50 effectum.
1608 1126 116 50 quod
1680 1126 144 50 falsum
1766 1126 87 50 est.

1155 1168 89 60 Ad
1199 1168 133 60 aliud
1288 1168 163 60 concedo
1406 1168 237 60 conclusionem
1599 1168 118 60 quod
1673 1168 148 60 videns
1761 1168 89 60 crea

1109 1212 131 47 turam
1197 1212 87 47 in
1240 1212 131 47 verbo
1327 1212 102 47 non
1385 1212 102 47 est
1443 1212 145 47 beatus
1545 1212 87 47 in
1589 1212 116 47 illo
1661 1212 116 47 actu
1734 1212 87 47 si
1763 1212 87 47 ter-

1108 1257 156 54 minetur
1221 1257 85 54 ad
1264 1257 185 54 creaturam
1406 1257 114 54 nisi
1477 1257 128 54 forte
1562 1257 213 54 beatitudine
1718 1257 128 54 acciden

1111 1297 116 63 tali
1183 1297 116 63 quae
1256 1297 131 63 nihil
1343 1297 102 63 est
1401 1297 87 63 ad
1444 1297 218 63 propositum.
1618 1297 174 63 Questio.
1734 1297 116 63 xiiii.

1309 1351 168 96 I
1377 1351 336 96 eritur
1578 1351 269 96 dltimo

1332 1436 144 52 Utrum
1428 1436 192 52 voluntas
1572 1436 144 52 beata
1651 1436 192 52 necessario

1305 1477 140 60 fruatur
1407 1477 102 60 deo.
1471 1477 153 60 Probatur
1585 1477 102 60 quod
1649 1477 102 60 non:
1712 1477 102 60 quia
1763 1477 89 60 eadem

1321 1520 200 59 potentia
1471 1520 150 59 habet
1571 1520 167 59 eundem
1688 1520 150 59 modum
1772 1520 83 59 fa-

1107 1566 152 53 sciendi
1218 1566 124 53 circa
1301 1566 124 53 omnia
1384 1566 97 53 sua
1439 1566 166 53 obiecta:
1563 1566 97 53 sed
1619 1566 166 53 voluntas
1743 1566 97 53 est
1785 1566 55 53 ea

1109 1612 97 49 dem
1164 1612 166 49 potentia
1289 1612 83 49 in
1330 1612 97 49 via
1385 1612 83 49 et
1426 1612 83 49 in
1468 1612 152 49 patria:
1578 1612 83 49 et
1620 1612 83 49 in
1661 1612 97 49 via
1716 1612 97 49 non
1757 1612 97 49 neces

1102 1656 132 61 sario
1191 1656 162 61 fruitur
1308 1656 118 61 deo:
1382 1656 118 61 ergo
1456 1656 103 61 nec
1514 1656 88 61 in
1559 1656 162 61 patria.
1706 1656 177 61 Preterea

1117 1708 174 44 potentia
1247 1708 203 44 rationalis
1406 1708 130 44 valet
1493 1708 87 44 ad
1536 1708 188 44 opposita:
1681 1708 174 44 voluntas
1797 1708 43 44 s

1122 1739 159 53 huiusmodi:
1247 1739 114 53 igitur
1326 1739 114 53 potest
1406 1739 68 53 in
1440 1739 148 53 fruitione
1554 1739 68 53 et
1588 1739 68 53 in
1622 1739 91 53 eius
1679 1739 159 53 oppositum.
1793 1739 57 53 er-

1113 1783 92 62 go
1159 1783 107 62 non
1220 1783 215 62 necessario
1389 1783 184 62 fruitur.
1527 1783 92 62 Ad
1573 1783 215 62 oppositum.
1742 1783 92 62 Si
1772 1783 77 62 no:

1111 1830 110 60 tunc
1180 1830 164 60 voluntas
1303 1830 123 60 beata
1385 1830 137 60 posset
1481 1830 164 60 peccare:
1604 1830 110 60 quia
1673 1830 137 60 potest
1755 1830 82 60 frui

1110 1873 80 52 deo
1155 1873 57 52 a
1178 1873 80 52 non
1224 1873 92 52 frui
1281 1873 80 52 deo
1327 1873 115 52 quando
1408 1873 138 52 tenetur.
1511 1873 115 52 igitir
1591 1873 92 52 etc.
1671 1873 103 52 Circa
1728 1873 115 52 quaesti-

1110 1918 116 53 onem
1183 1918 102 53 sic
1241 1918 218 53 procedendum
1416 1918 116 53 est.
1489 1918 131 53 Primo
1576 1918 175 53 videndum
1707 1918 102 53 est
1751 1918 87 53 quid

1107 1966 95 51 sit
1162 1966 149 51 fruitio
1270 1966 81 51 et
1310 1966 122 51 cuius
1391 1966 108 51 est.
1459 1966 149 51 Secundo
1567 1966 122 51 vtrum
1648 1966 135 51 posset
1729 1966 108 51 probar

1107 2006 95 63 per
1162 2006 176 63 naturalem
1297 2006 163 63 rationem
1419 2006 108 63 quod
1487 2006 95 63 est
1541 2006 176 63 possibile
1677 2006 136 63 nostre
1758 2006 95 63 natu-

1112 2050 102 51 re.
1171 2050 146 51 Tertio
1273 2050 131 51 vtrum
1360 2050 204 51 necessario
1520 2050 189 51 eliciatur
1665 2050 73 51 a
1680 2050 160 51 voluntate

1119 2094 85 53 vel
1168 2094 195 53 contigenter:
1326 2094 85 53 sic
1375 2094 98 53 quod
1436 2094 85 53 sit
1485 2094 73 53 in
1521 2094 146 53 pertante
1631 2094 183 53 voluntatis.
1765 2094 73 53 Quat

1104 2138 91 50 to
1149 2138 211 50 mouebuntur
1315 2138 151 50 dubia.
1451 2138 136 50 Circa
1541 2138 151 50 primum
1647 2138 106 50 est
1692 2138 151 50 difficul

1108 2194 96 37 tas
1163 2194 151 37 propter
1273 2194 234 37 conuenientiam
1466 2194 110 37 quae
1535 2194 151 37 apparet
1645 2194 124 37 inter
1713 2194 124 37 dilecto

1111 2228 95 51 nem
1166 2228 82 51 et
1207 2228 245 51 delectationem:
1411 2228 123 51 vtrum
1493 2228 109 51 sint
1561 2228 123 51 eadem
1643 2228 95 51 vel
1684 2228 150 51 distincta

1108 2268 176 53 realiter.
1271 2268 81 53 Et
1312 2268 135 53 dicunt
1406 2268 95 53 hic
1461 2268 135 53 aliqui
1556 2268 108 53 quod
1623 2268 149 53 fruitio
1732 2268 95 53 non
1772 2268 68 53 est

1114 2312 107 60 nisi
1180 2312 134 60 quedam
1274 2312 201 60 delectatio:
1435 2312 94 60 ita
1488 2312 107 60 quod
1555 2312 147 60 ponuntr
1662 2312 107 60 quod
1729 2312 107 60 sunt
1782 2312 67 60 ea-

1113 2351 104 63 dem
1173 2351 179 63 realiter
1307 2351 90 63 et
1352 2351 104 63 non
1411 2351 254 63 distinguntur.
1650 2351 104 63 hec
1695 2351 149 63 probatur

1117 2400 141 62 primo
1211 2400 125 62 sic.
1290 2400 125 62 Quia
1368 2400 157 62 habito
1478 2400 125 62 fine
1556 2400 219 62 apprehenso
1728 2400 110 62 per
1775 2400 63 62 a-

1108 2447 119 49 ctum
1183 2447 223 49 intellectus
1361 2447 179 49 voluntas
1495 2447 104 49 non
1555 2447 134 49 habet
1644 2447 164 49 aliquem
1749 2447 104 49 actum

1123 2486 92 57 nisi
1181 2486 115 57 tantum
1262 2486 207 57 delectationem.
1434 2486 92 57 ergo
1492 2486 92 57 etc.
1572 2486 150 57 Preterea.
1687 2486 150 57 similiter
1791 2486 46 57 de

1123 2531 97 55 bet
1179 2531 111 55 esse
1248 2531 83 55 de
1289 2531 180 55 appetitum
1428 2531 180 55 sensitiuo
1567 2531 83 55 et
1608 2531 83 55 de
1636 2531 208 55 intellectiuor

1109 2577 113 71 sed
1173 2577 209 71 appetitus
1334 2577 225 71 sensitiuus
1511 2577 129 71 post
1592 2577 145 71 actum
1672 2577 177 71 desiderii
