2243 3072
250 167 92 60 nec
303 167 158 60 faciendi
421 167 92 60 sed
474 167 172 60 patiendi.
606 167 158 60 Dicendum
725 167 106 60 quod
791 167 106 60 post
844 167 132 60 sequitur

255 213 103 63 Aut
314 213 118 63 enim
388 213 147 63 agente
491 213 88 63 et
535 213 177 63 faciente
667 213 118 63 leui
741 213 103 63 aut
800 213 88 63 ab
829 213 147 63 impedien

262 253 74 69 tia
305 253 63 69 et
336 253 147 69 prohibetia
452 253 137 69 soluente.
557 253 74 69 ita
599 253 74 69 est
641 253 158 69 generaliter
767 253 84 69 quia
819 253 105 69 quando
882 253 95 69 aliquid

257 300 93 61 est
310 300 80 61 in
350 300 159 61 potentia
469 300 80 61 in
509 300 199 61 naturalibus
668 300 186 61 requiritur
814 300 119 61 aliud
880 300 93 61 moues

255 346 85 70 vel
303 346 85 70 per
352 346 73 70 se
388 346 85 70 vel
436 346 85 70 per
485 346 157 70 accidens.
605 346 73 70 vt
642 346 109 70 supra
714 346 121 70 dictum
799 346 97 70 est.
859 346 85 70 hoc
895 346 85 70 patet

253 390 93 66 per
306 390 226 66 commentatorem
492 390 146 66 ibidem.
598 390 159 66 Proprium
717 390 133 66 inquat
810 390 93 66 est
850 390 133 66 essentia

263 432 82 69 li
304 432 163 69 potentie
427 432 82 69 vt
468 432 95 69 non
522 432 109 69 fiat
590 432 82 69 in
631 432 109 69 actu
699 432 109 69 nisi
767 432 150 69 propter
862 432 123 69 motorem

269 476 191 63 essentialem.
424 476 72 63 Et
460 476 95 63 quod
520 476 84 63 non
567 476 107 63 venit
639 476 72 63 ad
675 476 107 63 actum
746 476 95 63 nisi
806 476 119 63 quando
889 476 84 63 duo
925 476 48 63 co

263 522 162 66 gregantur
387 522 149 66 scilicet
499 522 162 66 recipiens
623 522 75 66 et
660 522 124 66 agens.
747 522 174 66 Econtrario
872 522 99 66 poten-

264 564 87 61 tie
313 564 186 61 accidentali
462 564 99 61 quae
524 564 87 61 non
574 564 137 61 indiget
673 564 75 61 ad
711 564 87 61 hoc
760 564 75 61 vt
798 564 112 61 exeat
872 564 75 61 in
897 564 87 61 actum

254 615 132 61 motore
346 615 185 61 extrinseco
492 615 106 61 nisi
558 615 93 61 per
611 615 159 61 accidens
730 615 79 61 et
770 615 93 61 est
823 615 159 61 recessus
929 615 53 61 im

256 653 220 66 pedimenti.
429 653 126 66 Item
508 653 142 66 post.
602 653 110 66 Non
665 653 173 66 indiget
791 653 94 66 vt
838 653 142 66 exeat
917 653 63 66 in

267 698 126 59 actum
351 698 112 59 alio
421 698 140 59 motore
520 698 197 59 extrinseco
674 698 98 59 cum
730 698 98 59 sit
786 698 168 59 potentia
899 698 84 59 acci

260 742 153 57 dentalis.
378 742 59 57 ⁋
401 742 70 57 Ad
436 742 106 57 aliud
507 742 117 57 dubium
589 742 129 57 dicitur
683 742 94 57 quod
741 742 106 57 omnis
812 742 106 57 malus
870 742 106 57 dicitur

256 789 173 54 ignorans:
389 789 93 54 non
442 789 107 54 quin
509 789 160 54 scienter
629 789 133 54 posset
722 789 107 54 homo
789 789 133 54 facere
868 789 107 54 contra

262 828 156 68 iudicium
379 828 169 68 rationis:
510 828 91 68 sed
562 828 104 68 quia
627 828 117 68 malus
705 828 130 68 multas
796 828 196 68 ignorantias
940 828 52 68 in

265 877 131 59 currit:
360 877 95 59 quas
420 877 83 59 non
467 877 167 59 incurreret
598 877 71 59 si
634 877 107 59 esset
705 877 119 59 bonus.
789 877 95 59 quia
848 877 83 59 per
884 877 95 59 exerci

263 915 105 64 tium
329 915 79 64 et
368 915 92 64 per
421 915 211 64 experientiam
592 915 79 64 in
632 915 119 64 bonis
711 915 145 64 actibus
817 915 132 64 posset
896 915 92 64 acqui

260 966 107 56 rere
326 966 160 56 notitiam
446 966 160 56 multorum
566 966 107 56 quae
633 966 147 56 ignorat
740 966 147 56 propter
833 966 147 56 malitiam.

261 1001 62 72 ⁋
285 1001 74 72 Ad
323 1001 112 72 aliud
397 1001 99 72 dico
459 1001 99 72 quod
521 1001 149 72 voluntas
633 1001 136 72 proprie
732 1001 87 72 est
782 1001 149 72 potentia
881 1001 99 72 ratio-

269 1044 108 64 nalis
341 1044 96 64 quia
400 1044 108 64 valet
472 1044 72 64 ad
508 1044 143 64 opposita
616 1044 143 64 secundum
723 1044 167 64 inentionem
843 1044 143 64 philosophi

257 1095 116 66 Quia
330 1095 116 66 ipsa
403 1095 160 66 propter
519 1095 203 66 libertatem
678 1095 116 66 suam
751 1095 145 66 posset
838 1095 145 66 indrnter

262 1135 118 64 agere
341 1135 79 64 in
380 1135 105 64 vnum
446 1135 197 64 oppositorum
604 1135 92 64 vel
656 1135 79 64 in
696 1135 171 64 reliquum.
827 1135 92 64 ita
880 1135 105 64 quod
932 1135 53 64 si

252 1175 125 64 esset
335 1175 166 64 potentia
460 1175 152 64 passiua
571 1175 83 64 et
612 1175 125 64 nullo
695 1175 111 64 modo
764 1175 138 64 actiua
861 1175 97 64 non
903 1175 83 64 vide

256 1218 103 69 tur
315 1218 103 69 quo
374 1218 148 69 possit
478 1218 162 69 saluari
596 1218 118 69 eius
670 1218 192 69 libertas.
818 1218 74 69 ⁋
847 1218 89 69 Si
877 1218 103 69 dicis

255 1274 131 54 secundum
353 1274 163 54 philosophum
484 1274 109 54 ibidem
560 1274 65 54 ad
593 1274 76 54 hoc
636 1274 87 54 quod
691 1274 131 54 potentia
789 1274 153 54 rationalis
909 1274 65 54 de
931 1274 54 54 qua

257 1306 140 69 loquitur
362 1306 175 69 philosophus
502 1306 93 69 agat
560 1306 70 69 in
595 1306 93 69 vnum
653 1306 175 69 oppositorum
793 1306 70 69 et
828 1306 82 69 non
875 1306 70 69 in
898 1306 93 69 aliud:

262 1353 125 69 oportet
353 1353 91 69 quod
410 1353 182 69 determinetur
558 1353 80 69 per
604 1353 114 69 aliud.
683 1353 91 69 ergo
740 1353 137 69 voluntas
843 1353 80 69 non
877 1353 114 69 determi-

253 1398 94 65 nat
306 1398 148 65 seipsam
414 1398 161 65 respectu
535 1398 148 65 talium.
642 1398 175 65 Respondeo
777 1398 108 65 quod
844 1398 134 65 duplex
925 1398 67 65 est

259 1441 123 65 actio
342 1441 178 65 coueniens
479 1441 123 65 homi:
561 1441 165 65 exterior
684 1441 82 65 et
725 1441 178 65 interior.
863 1441 110 65 Tunc
931 1441 82 65 ad

255 1486 100 68 hoc
312 1486 114 68 quod
383 1486 171 68 voluntas
511 1486 114 68 agat
582 1486 128 68 actum
667 1486 199 68 exteriorem
823 1486 156 68 mediate
923 1486 71 68 vel

263 1536 200 58 immediate
416 1536 138 58 magis
509 1536 123 58 vnum
585 1536 123 58 quam
662 1536 123 58 eius
739 1536 215 58 oppositum.
893 1536 92 58 puta

262 1573 145 72 abulare
367 1573 105 72 quam
433 1573 92 72 non
486 1573 171 72 ambulare.
617 1573 145 72 coedere
723 1573 105 72 quam
789 1573 92 72 non
828 1573 158 72 comederem:

279 1618 123 70 oportet
368 1618 90 70 quod
425 1618 179 70 determinetur
570 1618 67 70 ad
604 1618 90 70 vnum
660 1618 123 70 illorum
750 1618 78 70 per
794 1618 101 70 aliud
862 1618 56 70 a
884 1618 78 70 se.
918 1618 67 70 puta

259 1659 91 73 per
311 1659 182 73 electionem
454 1659 104 73 siue
519 1659 182 73 volitionem
663 1659 182 73 efficacem:
806 1659 104 73 quae
871 1659 104 73 vult
923 1659 78 73 vnum

273 1705 85 62 esse
327 1705 64 62 et
358 1705 74 62 non
401 1705 106 62 aliud.
475 1705 64 62 Et
507 1705 74 62 sic
550 1705 149 62 intelligit
667 1705 160 62 philosophus
795 1705 106 62 quando
869 1705 96 62 dicit
922 1705 64 62 quod

259 1761 228 46 determinetur
444 1761 85 46 ad
487 1761 199 46 proheresim
643 1761 85 46 et
686 1761 214 46 electionem.
843 1761 142 46 Qperatio

260 1794 162 66 interior
381 1794 135 66 duplex
475 1794 108 66 est.
543 1794 94 66 vna
597 1794 108 66 quae
664 1794 175 66 immediate
799 1794 94 66 est
853 1794 81 66 in
880 1794 108 66 ptante

274 1840 186 64 voluntatis
420 1840 120 64 sicut
500 1840 160 64 volitio.
620 1840 107 64 alia
687 1840 107 64 quae
753 1840 93 64 non
807 1840 93 64 est
860 1840 80 64 in
886 1840 107 64 ptante

268 1882 180 62 voluntatis
410 1882 103 62 nisi
474 1882 154 62 mediante
590 1882 116 62 primo
667 1882 116 62 actu:
744 1882 77 62 et
782 1882 103 62 ideo
847 1882 116 62 primo
911 1882 77 62 actu

266 1927 158 63 destructo
388 1927 97 63 ille
449 1927 110 63 actus
522 1927 85 63 non
570 1927 85 63 est
619 1927 73 63 in
656 1927 122 63 ptante
741 1927 110 63 anime
814 1927 110 63 sicut
875 1927 122 63 intelli-

275 1977 112 63 gere.
349 1977 75 63 Et
387 1977 100 63 ideo
449 1977 100 63 vnum
511 1977 112 63 actum
586 1977 125 63 elicit
673 1977 199 63 contingenter
835 1977 75 63 et
872 1977 125 63 libere
947 1977 50 63 et

274 2013 121 65 alium
354 2013 216 65 naturaliter.
530 2013 162 65 Toquendo
651 2013 81 65 de
691 2013 121 65 primo
772 2013 121 65 actu:
853 2013 135 65 posito
934 2013 54 65 on

276 2056 185 68 sufficienti
424 2056 74 68 et
461 2056 185 68 neccessario
609 2056 161 68 requisito
733 2056 74 68 ad
770 2056 111 68 talem
844 2056 124 68 actum.
918 2056 74 68 puta

277 2112 83 58 ad
319 2112 124 58 actum
401 2112 207 58 voluntatis:
567 2112 83 58 si
608 2112 166 58 obiectum
733 2112 207 58 cognoscatur
898 2112 83 58 et
926 2112 55 58 de

281 2144 118 66 velit
359 2144 183 66 concurrere
503 2144 91 66 cum
555 2144 170 66 voluntate
686 2144 78 66 ad
725 2144 131 66 candum
816 2144 131 66 quando
895 2144 104 66 placet

275 2190 187 65 voluntati:
421 2190 133 65 potest
515 2190 160 65 voluntas
635 2190 80 65 ex
675 2190 93 65 sua
728 2190 173 65 libertate
862 2190 107 65 sine
915 2190 80 65 omni

274 2231 106 68 alia
340 2231 239 68 determinatione
539 2231 146 68 actuali
646 2231 93 68 vel
699 2231 173 68 habituali
832 2231 120 68 actum
898 2231 93 68 illum

286 2279 75 63 et
324 2279 100 63 eius
387 2279 150 63 obiectum
499 2279 138 63 elicere
600 2279 88 63 vel
650 2279 88 63 non
700 2279 150 63 elicere.
813 2279 75 63 Et
850 2279 100 63 ideo
900 2279 88 63 respe

278 2327 84 57 ctu
326 2327 119 57 illius
409 2327 107 57 actus
481 2327 84 57 non
529 2327 131 57 oportet
624 2327 72 57 in
660 2327 119 57 aliquo
743 2327 95 57 quod
803 2327 191 57 determinetur
946 2327 48 57 vo

280 2362 139 70 luntas
378 2362 112 70 nisi
447 2362 70 70 a
475 2362 153 70 seipsa.
587 2362 98 70 Sed
643 2362 167 70 loquendo
768 2362 84 70 de
810 2362 153 70 secundo
907 2362 84 70 actu

280 2408 106 68 puta
346 2408 79 68 de
386 2408 225 68 intellectione
571 2408 119 68 vnius
651 2408 146 68 obiecti
757 2408 119 68 magis
836 2408 106 68 quam
889 2408 106 68 alteri

285 2455 79 57 us.
330 2455 79 57 sic
375 2455 90 57 quod
431 2455 135 57 vtrumque
533 2455 79 57 sit
578 2455 147 57 equaliter
691 2455 135 57 praesens
793 2455 181 57 intellectui.
928 2455 68 57 Tunc

281 2496 95 66 dico
341 2496 95 66 quod
400 2496 72 66 ad
436 2496 84 66 hoc
484 2496 95 66 quod
544 2496 107 66 anima
615 2496 167 66 intelligat
746 2496 95 66 vnum
806 2496 95 66 plus
866 2496 95 66 quam
925 2496 107 66 aliud

284 2547 125 68 oportet
374 2547 102 68 ipsum
443 2547 170 68 determinari
579 2547 79 68 per
624 2547 102 68 alium
692 2547 102 68 actum
760 2547 91 68 quae
817 2547 148 68 immediate
931 2547 79 68 est
965 2547 45 68 in

1062 133 112 82 eius
1132 133 154 82 ptante.
1244 133 112 82 puta
1315 133 98 82 per
1371 133 197 82 volitionem
1525 133 98 82 qua
1581 133 112 82 vult
1638 133 154 82 intellige

1072 194 69 63 re
1106 194 92 63 vnum
1164 194 69 63 et
1198 194 81 63 non
1244 194 150 63 reliquum.
1359 194 69 63 Et
1394 194 81 63 hec
1440 194 81 63 est
1486 194 138 63 intentio
1589 194 161 63 philosophi
1716 194 69 63 in
1739 194 58 63 pri

1063 237 126 68 dicto
1147 237 112 68 loco
1217 237 70 68 ⁋
1245 237 84 68 Ad
1287 237 168 68 rationes
1413 237 168 68 alterius
1540 237 196 68 opinionis.
1694 237 84 68 Ad
1722 237 70 68 per

1063 281 90 63 mam
1115 281 103 63 dico
1179 281 77 63 et
1218 281 168 63 similiter
1347 281 77 63 ad
1385 281 155 63 secundam
1501 281 103 63 quod
1566 281 90 63 non
1618 281 90 63 est
1669 281 129 63 simile
1746 281 52 63 de

1065 323 174 66 appetitum
1199 323 174 66 sensitiuo
1333 323 80 66 et
1373 323 188 66 rationali.
1520 323 107 66 quia
1587 323 174 66 appetitus
1708 323 94 66 sensi

1063 372 129 60 tiuus
1149 372 101 60 non
1206 372 129 60 habet
1292 372 158 60 aliquem
1407 372 129 60 actum
1493 372 187 60 positiuum
1637 372 115 60 nisi
1694 372 101 60 actum

1065 407 225 78 desiderandi:
1247 407 84 78 et
1290 407 112 78 eius
1360 407 197 78 oppositum.
1514 407 112 78 puta
1584 407 126 78 actum
1655 407 140 78 fugiendi

1078 458 76 69 et
1116 458 191 69 vindicandi.
1269 458 89 69 sed
1320 458 166 69 appetitus
1448 458 178 69 rationalis
1588 458 115 69 habet
1652 458 140 69 duplicem-

1074 506 133 60 actum
1163 506 148 60 amoris
1266 506 177 60 respectu
1399 506 162 60 obiecti
1517 506 192 60 absentur.
1665 506 118 60 vnum
1724 506 74 60 quo

1064 545 144 69 diligit
1169 545 105 69 tale
1234 545 157 69 obiectum
1352 545 79 69 in
1392 545 79 69 se
1431 545 79 69 et
1470 545 144 69 propter
1575 545 79 69 se
1614 545 105 69 quae
1680 545 92 69 est
1719 545 79 69 amor

1062 589 192 65 amicitie:
1210 589 133 65 alium
1299 589 103 65 quo
1358 589 222 65 concupiscit
1535 589 89 65 et
1579 589 192 65 desiderat
1712 589 89 65 tale

1063 630 184 65 obiectum
1201 630 92 65 vt
1247 630 138 65 bonum
1338 630 123 65 sibi
1415 630 107 65 vel
1476 630 169 65 alteri.
1599 630 77 65 ⁋
1629 630 123 65 Nunc
1691 630 107 65 autem

1075 677 91 57 in
1120 677 196 57 appetitum
1271 677 196 57 sensitiuo
1422 677 181 57 presente
1558 677 166 57 obiecto
1663 677 136 57 delecta

1079 718 100 72 bili
1141 718 125 72 cessat
1228 718 112 72 actus
1303 718 174 72 desiderii:
1440 718 100 72 quia
1502 718 100 72 ille
1564 718 87 72 non
1614 718 87 72 est
1664 718 100 72 nisi
1714 718 87 72 respe

1077 766 99 59 ctu
1133 766 169 59 absentis
1260 766 85 59 vt
1303 766 141 59 absens
1401 766 113 59 est.
1472 766 85 59 et
1514 766 113 59 ideo
1585 766 113 59 tunc
1641 766 155 59 appetitus

1078 809 187 62 sensitiuus
1224 809 133 62 nullum
1318 809 120 62 actum
1398 809 120 62 habet
1478 809 120 62 circa
1558 809 107 62 tale
1624 809 173 62 obiectum:
1744 809 67 62 sed

1077 859 124 57 solum
1160 859 235 57 delectationem
1353 859 110 57 quae
1422 859 166 57 causatur
1547 859 83 57 ab
1588 859 152 57 obiecto
1685 859 124 57 mediam-

1068 898 81 55 te
1109 898 190 55 cognitione
1258 898 176 55 sensitiua
1394 898 109 55 sine
1462 898 109 55 omni
1530 898 122 55 actus
1611 898 176 55 appetitus
1733 898 68 55 me-

1080 939 99 59 dio.
1142 939 149 59 Uoluntas
1253 939 111 59 autem
1327 939 124 59 quando
1414 939 149 59 obiectum
1526 939 111 59 prius
1600 939 186 59 desideratum
1736 939 62 59 est

1078 989 152 66 praesens
1192 989 101 66 sibi
1256 989 89 66 vel
1307 989 127 66 alteri
1395 989 89 66 cui
1446 989 203 66 desiderauit:
1611 989 89 66 non
1662 989 114 66 habet
1725 989 76 66 tunc

1076 1038 118 56 actum
1155 1038 171 56 desiderii
1286 1038 144 56 propter
1391 1038 131 56 eandem
1483 1038 171 56 rationem:
1614 1038 92 56 sed
1667 1038 118 56 habet
1732 1038 79 56 tunc

1075 1068 125 71 actum
1159 1068 167 71 amicitie
1284 1068 97 71 quo
1340 1068 153 71 diligit
1451 1068 111 71 tale
1521 1068 167 71 obiectum
1646 1068 84 71 in
1688 1068 97 71 se:
1729 1068 84 71 quia

1083 1115 101 61 ille
1147 1115 114 61 actus
1222 1115 126 61 potest
1311 1115 215 61 indifferenter
1488 1115 152 61 respectu
1601 1115 177 61 praesentis
1740 1115 76 61 et
1765 1115 51 61 ab

1076 1166 163 57 sentis.
1195 1166 89 57 Et
1239 1166 119 57 tunc
1313 1166 178 57 mediante
1447 1166 119 57 actu
1521 1166 119 57 illo
1595 1166 178 57 causatur
1713 1166 104 57 dele-

1077 1203 144 72 ctatio
1178 1203 87 72 in
1221 1203 202 72 voluntate.
1380 1203 87 72 et
1423 1203 130 72 forte
1510 1203 116 72 illa
1582 1203 202 72 delectatio
1726 1203 87 72 auge

1075 1248 100 57 tur
1132 1248 100 57 per
1189 1248 256 57 apprehensionem
1402 1248 199 57 praesentie
1559 1248 128 57 talis
1644 1248 171 57 obiecti:
1758 1248 57 57 et

1080 1299 109 56 post
1148 1299 123 56 actum
1230 1299 177 56 desiderum
1366 1299 136 56 potest
1462 1299 109 56 illa
1530 1299 163 56 cognitio
1653 1299 150 56 causare
1748 1299 68 56 de-

1083 1332 229 66 lectationem
1266 1332 92 66 in
1312 1332 199 66 voluntate
1465 1332 199 66 immediate
1618 1332 138 66 sicut
1710 1332 92 66 in
1741 1332 76 66 ape

1074 1377 127 77 titum
1158 1377 183 77 sensitiuo
1299 1377 70 77 ⁋
1328 1377 85 77 Et
1370 1377 113 77 ideo
1440 1377 99 77 vel
1497 1377 99 77 est
1553 1377 141 77 duplex
1638 1377 169 77 delectatio

1077 1419 91 65 vna
1129 1419 142 65 sequens
1232 1419 117 65 actum
1310 1419 168 65 desiderii
1440 1419 129 65 quando
1530 1419 155 65 obiectum
1647 1419 91 65 est
1686 1419 129 65 praesens

1084 1461 81 67 et
1125 1461 109 67 ista
1193 1461 109 67 tunc
1261 1461 163 67 causatur
1383 1461 81 67 ab
1424 1461 149 67 obiecto
1532 1461 81 67 et
1573 1461 190 67 cognitione
1708 1461 109 67 appre-

1092 1508 169 69 hensiua:
1219 1508 127 69 sicut
1303 1508 99 69 est
1359 1508 84 69 in
1402 1508 183 69 appetitum
1542 1508 197 69 sensitiuo.
1697 1508 84 69 Et
1726 1508 84 69 alia

1093 1556 159 56 causata
1208 1556 87 56 ab
1251 1556 116 56 actu
1324 1556 188 56 amicitie:
1468 1556 116 56 quod
1540 1556 159 56 videtur
1642 1556 173 56 superfluum

1093 1588 90 71 Uel
1144 1588 102 71 erit
1208 1588 90 71 vna
1260 1588 179 71 delectatio
1400 1588 166 71 intensior
1528 1588 102 71 quam
1592 1588 77 71 si
1631 1588 115 71 solum
1695 1588 115 71 haberer

1093 1638 115 65 actum
1170 1638 192 65 desiderandi
1323 1638 89 65 vel
1374 1638 140 65 amandi.
1476 1638 77 65 et
1515 1638 89 65 hoc
1566 1638 140 65 videtur
1668 1638 128 65 verum.
1744 1638 77 65 Unde

1078 1691 83 50 si
1120 1691 167 50 voluntas
1245 1691 139 50 nullum
1342 1691 125 50 actum
1425 1691 153 50 haberet
1536 1691 167 50 respectu
1661 1691 153 50 obiecti
1758 1691 56 50 ab

1090 1725 132 72 sentis
1182 1725 105 72 nisi
1248 1725 119 72 actum
1327 1725 211 72 desiderandi:
1499 1725 92 72 nec
1551 1725 132 72 habere
1644 1725 145 72 posset:
1736 1725 79 72 tunc

1096 1775 99 60 esset
1162 1775 176 60 consequenter
1305 1775 143 60 dicendum:
1415 1775 88 60 quod
1470 1775 132 60 voluntas
1569 1775 143 60 praesente
1679 1775 88 60 tali
1723 1775 99 60 obiecto

1095 1814 104 63 solum
1165 1814 127 63 haberet
1258 1814 209 63 delectationem:
1432 1814 70 63 et
1466 1814 116 63 nullum
1547 1814 104 63 alium
1617 1814 116 63 actum.
1698 1814 104 63 licet
1756 1814 58 63 re-

1087 1855 133 67 spectu
1180 1855 146 67 obiecti
1286 1855 159 67 absentur
1405 1855 93 67 non
1458 1855 133 67 habeat
1551 1855 80 67 de
1591 1855 119 67 facto
1670 1855 106 67 nisi
1723 1855 93 67 actum

1090 1907 149 55 desiderii:
1207 1907 106 55 posset
1282 1907 96 55 tamen
1345 1907 96 55 alium
1409 1907 117 55 habere:
1494 1907 64 55 et
1526 1907 96 55 illum
1590 1907 96 55 habet
1654 1907 138 55 praesente
1749 1907 64 55 obie

1098 1951 91 57 cto:
1154 1951 91 57 tunc
1211 1951 102 57 patet
1279 1951 159 57 distinctio
1404 1951 102 57 inter
1472 1951 102 57 actum
1540 1951 102 57 talem
1608 1951 68 57 et
1631 1951 181 57 delectationem.

1099 2003 57 53 ⁋
1121 2003 69 53 Ad
1156 2003 103 53 aliud
1225 2003 69 53 de
1259 2003 103 53 graui
1328 2003 103 53 patet
1397 2003 92 53 quod
1454 2003 80 53 non
1500 2003 80 53 est
1546 2003 126 53 simile:
1638 2003 92 53 quia
1695 2003 103 53 graue
1753 2003 57 53 nul

1089 2038 78 58 lum
1133 2038 100 58 actum
1200 2038 100 58 habet
1267 2038 167 58 naturaliter
1401 2038 89 58 nisi
1457 2038 100 58 motum
1523 2038 67 58 ad
1557 2038 123 58 centrum
1646 2038 111 58 quando
1724 2038 78 58 est
1757 2038 56 58 exr

1090 2075 108 72 ipsum.
1166 2075 86 72 ideo
1220 2075 108 72 quando
1296 2075 76 72 est
1339 2075 65 72 in
1371 2075 108 72 centro
1447 2075 97 72 solum
1512 2075 97 72 habet
1576 2075 119 72 quaetem
1663 2075 140 72 oppositam
1760 2075 65 72 illi

1091 2120 119 62 motui:
1174 2120 83 62 sic
1222 2120 83 62 non
1269 2120 83 62 est
1317 2120 71 62 in
1353 2120 154 62 proposito
1471 2120 131 62 propter
1566 2120 119 62 causam
1650 2120 131 62 dictam.
1745 2120 71 62 Et
1768 2120 48 62 si

1096 2163 134 67 quaeratur
1198 2163 72 67 per
1240 2163 82 67 quid
1291 2163 113 67 mouetur
1373 2163 92 67 graue
1435 2163 134 67 effective
1538 2163 103 67 quondo
1609 2163 72 67 est
1651 2163 72 67 exr
1692 2163 92 67 locum
1743 2163 72 67 suum:

1101 2204 53 64 ⁋
1123 2204 150 64 Respondeam
1240 2204 85 64 quod
1294 2204 118 64 mouetur
1379 2204 75 64 per
1422 2204 150 64 grauitatem
1539 2204 85 64 suam
1593 2204 85 64 quae
1646 2204 75 64 est
1689 2204 128 64 qualitas
1775 2204 53 64 di-

1105 2253 106 71 stincta
1183 2253 58 71 ab
1212 2253 77 71 eius
1260 2253 145 71 substantia:
1376 2253 58 71 et
1405 2253 77 71 ideo
1453 2253 58 71 si
1482 2253 145 71 separaretur
1598 2253 68 71 per
1636 2253 125 71 potentiam
1733 2253 68 71 dei
1771 2253 58 71 ad

1099 2298 90 60 huc
1151 2298 142 60 mouebit
1254 2298 78 60 se
1293 2298 78 60 ad
1332 2298 155 60 centrum.
1448 2298 65 60 ⁋
1474 2298 78 60 Ad
1513 2298 116 60 aliud
1590 2298 103 60 dico
1655 2298 103 60 quod
1707 2298 116 60 possunt

1101 2335 113 69 seprari
1183 2335 134 69 miraclose
1286 2335 113 69 tantum:
1369 2335 93 69 sicut
1431 2335 93 69 patet
1492 2335 62 69 in
1523 2335 93 69 angel
1585 2335 93 69 bonis
1647 2335 62 69 et
1678 2335 103 69 malis:
1740 2335 72 69 sicut

1095 2384 112 65 supra
1169 2384 124 65 dictum
1256 2384 87 65 est
1305 2384 62 65 ⁋
1330 2384 74 65 Ad
1367 2384 136 65 vltimum
1467 2384 112 65 patet
1541 2384 74 65 ex
1578 2384 112 65 primo
1653 2384 99 65 quod
1702 2384 112 65 delecta

1099 2429 77 64 tio
1143 2429 77 64 est
1187 2429 66 64 in
1221 2429 100 64 anima
1287 2429 166 64 subiective.
1420 2429 77 64 vbi
1464 2429 100 64 huius
1530 2429 111 64 facile
1608 2429 177 64 responsionem
1741 2429 77 64 pote-

1081 2472 97 69 ris
1137 2472 166 69 inuenire
1261 2472 69 69 ⁋
1289 2472 83 69 Ad
1331 2472 180 69 argumenta
1469 2472 125 69 autem
1553 2472 208 69 principalia
1705 2472 111 69 patent

1087 2513 189 73 solutiones
1235 2513 81 73 ex
1275 2513 148 73 dictur.
1383 2513 81 73 Et
1423 2513 94 73 hec
1477 2513 81 73 de
1518 2513 148 73 quoibus
1625 2513 121 73 huius
1693 2513 121 73 operis.
