2273 3079
243 159 84 78 ideo
296 159 74 78 non
338 159 74 78 est
380 159 105 78 simile
454 159 74 78 hoc
496 159 63 78 et
528 159 74 78 ibi
570 159 53 78 â‹
591 159 63 78 Ad
623 159 74 78 hoc
665 159 105 78 posset
738 159 84 78 dici
791 159 84 78 quod
844 159 126 78 secundum
928 159 42 78 po

251 215 141 60 tentiam
353 215 89 60 dei
405 215 166 60 ordinatam
532 215 89 60 non
584 215 128 60 posset
673 215 102 60 ille
737 215 115 60 actus
814 215 89 60 per
852 215 115 60 aliquod

244 263 129 56 tempus
334 263 181 56 conseruari
476 263 103 56 sine
541 263 168 56 caritate:
670 263 103 56 quia
734 263 103 56 deus
799 263 90 56 sic
837 263 142 56 ordinauit

244 302 82 65 quod
295 302 144 65 quaecumque
409 302 62 65 et
439 302 165 65 quandocumque
573 302 113 65 haberet
656 302 93 65 talem
718 302 93 65 actum
780 302 103 65 statim
841 302 124 65 infunderei

253 346 105 68 sibi
318 346 183 68 caritatem:
462 346 92 68 nec
515 346 92 68 per
567 346 170 68 potentiam
698 346 92 68 dei
750 346 170 68 ordinatam
868 346 105 68 posset

250 398 155 53 caritas
363 398 184 53 substrahi
504 398 155 53 manente
617 398 113 53 tali
688 398 127 53 actu.
772 398 85 53 et
815 398 113 53 ideo
871 398 99 53 assum

249 445 85 58 ptum
302 445 74 58 est
345 445 106 58 falsum
419 445 127 58 scilicet
514 445 85 58 quod
567 445 106 58 potest
641 445 159 58 naturaliter
768 445 148 58 conseruari
884 445 85 58 sine
926 445 53 58 ca-

249 479 134 60 ritate.
346 479 73 60 et
383 479 85 60 per
432 479 171 60 consequens
566 479 134 60 exempla
663 479 134 60 adducta
761 479 85 60 non
809 479 97 60 sunt
870 479 73 60 ad
895 479 85 60 propo

248 534 136 48 situm.
343 534 95 48 Sed
398 534 163 48 quicquid
520 534 95 48 est
574 534 81 48 de
615 534 163 48 potentia
737 534 95 48 dei
792 534 163 48 ordinata
900 534 68 48 cer

239 572 90 49 tum
290 572 90 49 est
342 572 103 49 quod
406 572 77 49 de
444 572 154 49 potentia
560 572 90 49 dei
611 572 154 49 absoluta
726 572 128 49 potest
816 572 115 49 talis
880 572 90 49 actus

254 620 199 50 naturaliter
413 620 146 50 produci
519 620 79 50 et
558 620 79 50 in
598 620 172 50 perpetuum
730 620 185 50 conseruari
863 620 119 50 natura-

250 655 114 64 liter
326 655 102 64 sine
390 655 165 64 caritate.
517 655 76 64 et
555 655 114 64 etiam
631 655 127 64 infusa
720 655 165 64 caritate.
847 655 76 64 et
872 655 102 64 potest

250 709 100 57 per
307 709 185 57 potentiam
449 709 157 57 diuinam
563 709 185 57 absolutam
705 709 157 57 caritas
805 709 171 57 annihilari

246 742 201 62 manifeste
400 742 139 62 eodem
493 742 124 62 actu
571 742 108 62 quo
632 742 139 62 prius
725 742 232 62 naturaliter
896 742 77 62 con

248 785 154 67 seruato.
364 785 103 67 Ideo
428 785 129 67 potest
518 785 129 67 aliter
608 785 180 67 responderi
750 785 77 67 ad
788 785 154 67 rationem
891 785 90 67 posi-

255 832 79 57 to
294 832 105 57 casu
360 832 171 57 praedicto
491 832 105 57 quod
557 832 144 57 caritas
662 832 92 57 cum
714 832 171 57 voluntate
833 832 144 57 diligente

245 879 120 57 deum
320 879 120 57 tali
395 879 120 57 actu
470 879 180 57 naturali
605 879 150 57 causat
710 879 165 57 aliquem
830 879 135 57 gradu
905 879 75 57 in-

260 926 156 52 tensiorem
380 926 72 52 et
416 926 132 52 eiusdem
512 926 144 52 rationis
621 926 96 52 quem
681 926 120 52 gradum
765 926 84 52 non
813 926 120 52 potest
885 926 84 52 volu-

246 966 103 55 tas
305 966 103 55 cum
364 966 132 55 aliis
451 966 147 55 causis
554 966 220 55 naturaliter
730 966 176 55 causare.
862 966 88 55 Et
891 966 88 55 quan

265 1019 77 46 do
304 1019 141 46 dicitur
407 1019 103 46 quod
471 1019 116 46 talem
548 1019 116 46 actum
625 1019 90 46 non
676 1019 167 46 experimur
805 1019 77 46 in
844 1019 129 46 nobis.
921 1019 64 46 di-

260 1057 81 56 eo
301 1057 108 56 quod
369 1057 149 56 caritas
477 1057 135 56 infusa
571 1057 149 56 ponenda
680 1057 95 56 est
734 1057 81 56 in
774 1057 122 56 nobis
855 1057 95 56 non
896 1057 81 56 pro-

258 1098 110 66 pter
327 1098 220 66 experientiam
506 1098 165 66 aliquam:
629 1098 110 66 quia
698 1098 82 66 ad
739 1098 96 66 hoc
794 1098 137 66 nullam
877 1098 96 66 habem

250 1145 231 54 experientiam:
440 1145 95 54 sed
495 1145 122 54 solum
576 1145 95 54 est
630 1145 149 54 ponenda
739 1145 149 54 propter
834 1145 149 54 auctorita

256 1185 102 53 tem
315 1185 160 53 eccusie
431 1185 102 53 hoc
490 1185 248 53 determinantis
694 1185 131 53 sicut
781 1185 131 53 supra
854 1185 131 53 patuit.

258 1228 92 62 Ex
304 1228 138 62 eadem
395 1228 229 62 auctoritate
579 1228 168 62 habemus
701 1228 275 62 rationabiliter
916 1228 76 62 po-

266 1279 112 51 nere
336 1279 112 51 quod
406 1279 154 51 caritas
518 1279 182 51 concurrit
659 1279 98 51 cum
715 1279 182 51 voluntate
855 1279 84 51 ad
883 1279 112 51 causan

263 1316 92 64 dum
315 1316 145 64 aliquem
421 1316 131 64 gradum
513 1316 158 64 intensum
631 1316 197 64 dilectionis
789 1316 145 64 eiusdem
881 1316 105 64 ratio-

265 1360 98 58 nis
321 1360 155 58 quamuis
434 1360 84 58 ad
476 1360 98 58 hoc
532 1360 141 58 nullam
631 1360 155 58 habemus
743 1360 239 58 experientiam.
926 1360 56 58 Ex

261 1410 119 52 istis
340 1410 119 52 patet
419 1410 105 52 quod
485 1410 119 52 actus
564 1410 171 52 naturalis
696 1410 79 52 et
735 1410 185 52 meritorius
867 1410 119 52 possunt

259 1450 105 64 esse
324 1450 144 64 eiusdem
429 1450 157 64 speciei:
547 1450 105 64 quia
612 1450 105 64 ille
678 1450 131 64 gradus
770 1450 157 64 intensus
874 1450 105 64 causat

260 1503 167 49 mediante
386 1503 167 49 caritate
511 1503 98 49 est
567 1503 153 49 eiusdem
678 1503 153 49 speciei
790 1503 98 49 cum
846 1503 112 49 actu
901 1503 84 49 natu

266 1539 96 56 rali
326 1539 192 56 praecedente:
482 1539 96 56 quia
542 1539 168 56 distinctio
673 1539 156 56 specifica
793 1539 72 56 in
829 1539 108 56 causa
901 1539 84 56 non
937 1539 48 56 ap

266 1586 105 59 guit
332 1586 224 59 distinctionem
516 1586 184 59 specificam
660 1586 79 59 in
700 1586 158 59 effectu.
818 1586 118 59 patet
897 1586 79 59 de
923 1586 66 59 mul

272 1628 90 59 tis
324 1628 129 59 causis
414 1628 193 59 partialibus
568 1628 180 59 distinctis
709 1628 129 59 specie
786 1628 206 59 concurrentibus

270 1679 80 50 ad
310 1679 160 50 effectum
429 1679 146 50 eundem.
536 1679 80 50 et
576 1679 106 50 ideo
642 1679 146 50 quamuis
749 1679 146 50 caritas
842 1679 146 50 distingua

264 1724 93 52 tur
317 1724 133 52 specie
410 1724 80 52 ab
450 1724 120 52 aliis
530 1724 133 52 causis
623 1724 226 52 producentibus
810 1724 120 52 actum
876 1724 107 52 merito

261 1757 98 68 rium
322 1757 86 68 non
371 1757 135 68 oportet
470 1757 111 68 tamen
543 1757 135 68 propter
642 1757 86 68 hoc
691 1757 98 68 quod
752 1757 98 68 ille
814 1757 123 68 gradus
888 1757 98 68 causat

261 1809 168 49 mediante
387 1809 168 49 caritate
513 1809 224 49 distinguatur
695 1809 140 49 specie
793 1809 84 49 ab
835 1809 112 49 alio
891 1809 112 49 gradu:

259 1852 107 59 immo
326 1852 161 59 secundum
447 1852 121 59 istam
527 1852 107 59 viam
594 1852 121 59 actus
675 1852 107 59 pure
742 1852 175 59 naturalis
876 1852 81 59 et
903 1852 94 59 actus

267 1900 199 49 meritorius
423 1900 156 49 faciunt
537 1900 114 49 vnum
608 1900 128 49 actum
693 1900 142 49 numero
792 1900 128 49 sicut
877 1900 99 49 duo
920 1900 71 49 gra

271 1942 116 53 dus
338 1942 215 53 albedinis
503 1942 182 53 faciunt
635 1942 132 53 vnam
717 1942 215 53 albedinem
866 1942 132 53 numero

278 1977 107 54 vnde
344 1977 133 54 quando
438 1977 120 54 actus
517 1977 173 54 naturales
651 1977 160 54 perfecte
771 1977 173 54 meritorii
890 1977 107 54 habent

274 2021 105 62 idem
339 2021 157 62 obiectum
457 2021 144 62 specie:
562 2021 105 62 tunc
627 2021 144 62 possunt
732 2021 105 62 esse
798 2021 105 62 vnus
863 2021 118 62 actus
929 2021 65 62 spe

277 2076 82 51 et
318 2076 136 51 numero
414 2076 109 51 modo
482 2076 164 51 predicto
605 2076 136 51 quando
700 2076 123 51 autem
782 2076 95 51 non
836 2076 136 51 habent
918 2076 82 51 idem

270 2113 167 55 obiectum
396 2113 153 55 specie:
507 2113 112 55 tunc
577 2113 195 55 necessario
730 2113 125 55 actus
814 2113 181 55 naturalis
939 2113 56 55 et

277 2161 171 51 meritorius
411 2161 196 51 distinguntur
570 2161 134 51 specie:
668 2161 110 51 sicut
741 2161 73 51 si
778 2161 134 51 aliquis
864 2161 134 51 diligeret

293 2201 89 53 deum
348 2201 100 53 super
415 2201 100 53 omnia
482 2201 78 53 non
526 2201 133 53 secundum
626 2201 122 53 aliquam
715 2201 200 53 circumstantiam
870 2201 133 53 requisitam

284 2240 70 59 et
319 2240 94 59 iste
378 2240 94 59 idem
437 2240 117 59 primus
519 2240 153 59 diligeret
636 2240 94 59 deum
695 2240 106 59 super
765 2240 106 59 omnia
836 2240 141 59 secundum
930 2240 70 59 omns

282 2285 227 56 circumstantias:
474 2285 96 56 puta
533 2285 144 56 secundum
641 2285 120 56 rectam
725 2285 144 56 rationem
833 2285 96 56 quae
892 2285 84 56 est
928 2285 84 56 finis

274 2334 143 57 vltimus
378 2334 78 57 et
417 2334 91 57 sic
468 2334 78 57 de
507 2334 130 57 aliis.
598 2334 91 57 hoc
650 2334 117 57 actus
728 2334 104 57 pure
793 2334 169 57 naturalis
922 2334 78 57 et
948 2334 52 57 me

274 2374 128 63 ritorius
371 2374 160 63 neccessario
499 2374 171 63 distinguntur
638 2374 75 63 non
681 2374 96 63 solum
745 2374 118 63 numero:
830 2374 75 63 sed
873 2374 96 63 etiam
926 2374 86 63 specie

284 2417 132 63 propter
380 2417 205 63 diftinctionem
549 2417 168 63 specificam
681 2417 241 63 circumstantiarum
886 2417 96 63 quae
934 2417 72 63 sunt

278 2465 139 58 obiecta
379 2465 164 58 partialia
505 2465 113 58 actus
581 2465 176 58 meritorii.
719 2465 76 58 de
757 2465 88 58 hoc
807 2465 113 58 quare
883 2465 76 58 in
908 2465 101 58 quaone

290 2507 77 57 de
329 2507 179 57 connexione
469 2507 154 57 virtutum
585 2507 166 57 moralium.
712 2507 77 57 Si
751 2507 115 57 dicas
828 2507 102 57 quod
892 2507 102 57 illa
943 2507 51 57 es

287 2547 73 75 non
328 2547 115 75 possunt
412 2547 105 75 habere
486 2547 126 75 effectum
580 2547 115 75 eiusdem
664 2547 126 75 rationis
759 2547 73 75 non
801 2547 115 75 possunt
885 2547 84 75 esse
927 2547 94 75 eiusdem

1065 154 160 70 rationis:
1188 154 86 70 sed
1237 154 111 70 actus
1312 154 99 70 ille
1373 154 160 70 naturalis
1497 154 74 70 et
1534 154 123 70 gradus
1620 154 148 70 causatus
1719 154 74 70 medi

1072 211 89 53 ante
1128 211 134 53 caritate
1228 211 78 53 non
1273 211 123 53 possunt
1362 211 112 53 habere
1441 211 134 53 effectum
1541 211 123 53 eiusdem
1630 211 145 53 rationis:
1731 211 67 53 quia

1067 265 112 46 ille
1137 265 140 46 gradus
1235 265 126 46 facit
1318 265 154 46 aliquem
1430 265 168 46 acceptum
1556 265 98 46 deo
1612 265 126 46 actus
1681 265 112 46 natura

1076 298 78 57 lis
1121 298 78 57 non
1165 298 112 57 potest
1244 298 78 57 hoc
1288 298 112 57 facere
1367 298 190 57 quantumcumque
1523 298 78 57 per
1568 298 112 57 causas
1647 298 145 57 naturales
1747 298 45 57 in

1068 345 135 53 tendatur.
1172 345 104 53 igitir
1244 345 83 53 etc.
1296 345 135 53 Respondeo
1400 345 62 53 et
1431 345 83 53 dico
1483 345 83 53 quod
1535 345 104 53 quando
1608 345 125 53 effectus
1691 345 104 53 sequitur

1064 389 106 54 causam
1138 389 127 54 naturali
1233 389 158 54 neccessate:
1360 389 84 54 tunc
1413 389 74 54 est
1455 389 148 54 propositio
1571 389 116 54 accepta
1656 389 95 54 vera.
1709 389 84 54 quando

1059 440 113 49 autem
1135 440 150 49 sequitur
1247 440 188 49 contigentur
1398 440 75 49 ex
1435 440 100 49 mera
1498 440 163 49 libertate
1623 440 75 49 et
1648 440 138 49 voluntate

1067 478 110 44 causae
1144 478 155 44 extrinsece
1266 478 66 44 in
1299 478 99 44 cuius
1365 478 144 44 libertate
1476 478 66 44 et
1509 478 110 44 ptante
1586 478 77 44 est
1630 478 88 44 quod
1686 478 99 44 talis
1741 478 55 44 ef-

1080 518 102 57 fectus
1151 518 122 57 sequatur
1243 518 92 57 talem
1304 518 92 57 actum
1365 518 71 57 vel
1406 518 71 57 non
1447 518 133 57 sequitur.
1549 518 133 57 similiter
1651 518 82 57 quod
1692 518 102 57 sequatur

1086 564 83 54 vnum
1137 564 83 54 actu
1189 564 62 54 et
1220 564 72 54 non
1261 564 93 54 alium
1323 564 72 54 non
1365 564 114 54 oportet
1448 564 83 54 quod
1499 564 72 54 sit
1541 564 83 54 vra.
1592 564 72 54 sic
1634 564 72 54 est
1675 564 62 54 in
1696 564 103 54 proposi-

1072 613 84 49 to:
1120 613 96 49 quia
1180 613 96 49 quod
1240 613 108 49 actus
1311 613 84 49 cum
1359 613 96 49 illo
1419 613 108 49 gradu
1491 613 132 49 causato
1587 613 144 49 mediante
1682 613 120 49 caritate

1074 652 87 56 sit
1123 652 149 56 acceptus
1235 652 62 56 a
1260 652 100 56 deo:
1322 652 75 56 et
1360 652 100 56 sine
1422 652 100 56 illo
1484 652 87 56 non
1534 652 87 56 sit
1584 652 162 56 acceptus.
1708 652 87 56 hoc
1745 652 50 56 so

1083 699 91 48 lum
1135 699 91 48 est
1187 699 78 48 ex
1225 699 104 48 mera
1290 699 168 48 libertate
1420 699 78 48 et
1458 699 168 48 voluntate
1588 699 91 48 dei
1640 699 91 48 sic
1679 699 117 48 ordinam

1079 740 81 58 te.
1126 740 69 58 Et
1160 740 92 58 ideo
1218 740 81 58 non
1264 740 139 58 sequitur
1368 740 92 58 quin
1426 740 92 58 illi
1484 740 116 58 gradus
1565 740 92 58 sint
1623 740 127 58 eiusdem
1704 740 92 58 specie

1070 795 92 45 sed
1122 795 170 45 supposito
1253 795 105 45 quod
1318 795 144 45 caritas
1423 795 131 45 habeat
1514 795 196 45 actiuitatem
1671 795 131 45 rectum
1750 795 52 45 a-

1082 830 111 46 ctus
1151 830 180 46 meritorii
1290 830 111 46 modo
1359 830 194 46 praedicto:
1511 830 124 46 adhuc
1594 830 97 46 est
1649 830 138 46 dubium
1732 830 69 46 quo

1069 878 95 53 ille
1129 878 190 53 auctoritates
1283 878 131 53 habeant
1379 878 155 53 intelligi
1498 878 95 53 quod
1557 878 143 53 voluntas
1664 878 83 53 est
1700 878 107 53 pedisse

1079 922 92 49 qua
1131 922 183 49 caritatis:
1275 922 79 49 et
1315 922 105 49 quod
1380 922 144 49 caritas
1485 922 79 49 se
1524 922 131 49 habeat
1616 922 79 49 ad
1642 922 157 49 voluntatem

1082 964 102 48 sicut
1150 964 114 48 sessor
1230 964 68 48 ad
1264 964 114 48 equum:
1343 964 91 48 quia
1400 964 68 48 ex
1434 964 102 48 istis
1503 964 125 48 videtur
1594 964 102 48 sequi
1662 964 91 48 quod
1708 964 102 48 caritas

1072 1012 86 47 est
1121 1012 110 47 causa
1194 1012 196 47 principalior
1354 1012 98 47 quam
1415 1012 147 47 voluntas
1525 1012 123 47 rectum
1611 1012 110 47 actus
1672 1012 123 47 meritori

1080 1051 88 51 quod
1135 1051 77 51 non
1179 1051 77 51 est
1222 1051 109 51 verum.
1299 1051 55 51 â‹
1321 1051 142 51 Respondeo
1430 1051 88 51 quod
1485 1051 175 51 intelligende
1627 1051 88 51 sunt
1682 1051 120 51 quantum
1769 1051 66 51 ad

1082 1100 117 50 rationem
1170 1100 117 50 merendi.
1258 1100 68 50 non
1297 1100 107 50 quantum
1375 1100 59 50 ad
1404 1100 146 50 substantiam
1521 1100 98 50 actus:
1590 1100 78 50 quia
1638 1100 98 50 rectum
1697 1100 117 50 subseantie

1080 1143 107 47 actus
1151 1143 142 47 voluntas
1258 1143 83 47 est
1306 1143 107 47 causa
1377 1143 202 47 principalior.
1543 1143 83 47 sed
1590 1143 131 47 quantum
1685 1143 71 47 ad
1709 1143 107 47 accepta

1089 1176 122 52 tionem
1174 1176 134 52 divinam
1272 1176 98 52 siue
1333 1176 146 52 rationem
1443 1176 134 52 merendi
1540 1176 85 52 est
1589 1176 146 52 voluntas
1699 1176 110 52 quasi
1760 1176 49 52 pe

1088 1223 136 52 dissequa
1190 1223 68 52 et
1224 1223 114 52 famula
1304 1223 68 52 et
1338 1223 125 52 caritas
1429 1223 102 52 quasi
1497 1223 125 52 domina:
1588 1223 91 52 quia
1645 1223 102 52 sicut
1702 1223 102 52 pedisse

1084 1267 93 51 qua
1137 1267 93 51 non
1190 1267 93 51 est
1243 1267 133 51 domino
1336 1267 146 51 accepta
1442 1267 93 51 per
1495 1267 80 51 se
1535 1267 93 51 sed
1588 1267 159 51 mediante
1707 1267 93 51 dna
1747 1267 66 51 cui

1081 1316 203 50 famulatur:
1241 1316 102 50 ita
1299 1316 174 50 voluntas
1430 1316 102 50 cum
1488 1316 131 50 nullo
1576 1316 116 50 actu
1648 1316 116 50 mere
1706 1316 102 50 natur

1077 1353 106 55 rali
1143 1353 93 55 deo
1196 1353 93 55 est
1249 1353 146 55 accepta
1355 1353 106 55 sine
1421 1353 172 55 caritate:
1554 1353 93 55 sed
1607 1353 80 55 ea
1647 1353 159 55 mediante
1753 1353 66 55 est

1091 1401 142 55 voluntas
1197 1401 83 55 deo
1245 1401 130 55 accepta
1339 1401 71 55 et
1374 1401 106 55 cara.
1445 1401 71 55 et
1481 1401 153 55 similiter
1599 1401 106 55 actus
1670 1401 83 55 non
1717 1401 83 55 est
1752 1401 71 55 sine

1079 1445 65 52 ea.
1116 1445 56 52 et
1144 1445 75 52 ideo
1191 1445 103 52 dicitur
1266 1445 131 52 pedisseqi.
1368 1445 84 52 Eodem
1424 1445 75 52 modo
1471 1445 75 52 modo
1518 1445 103 52 dicitur
1593 1445 84 52 quasi
1649 1445 93 52 sessor
1714 1445 84 52 equi:
1761 1445 56 52 quia

1075 1489 124 46 sicut
1158 1489 138 46 sessor
1254 1489 124 46 regit
1337 1489 83 46 et
1378 1489 138 46 gubnat
1475 1489 138 46 equum:
1571 1489 96 46 ita
1626 1489 151 46 caritas
1722 1489 83 46 voli

1077 1532 117 53 tatem
1155 1532 143 53 quantum
1259 1532 78 53 ad
1297 1532 220 53 acceptationem
1479 1532 143 53 divinam
1583 1532 78 53 et
1622 1532 117 53 vitam
1686 1532 130 53 eternam:

1081 1580 96 48 quia
1141 1580 96 48 quae
1201 1580 96 48 plus
1262 1580 108 48 habet
1334 1580 72 48 de
1370 1580 145 48 caritate
1479 1580 96 48 plus
1539 1580 84 48 est
1587 1580 145 48 acceptus
1696 1580 84 48 deo
1744 1580 72 48 et
1768 1580 36 48 e

1081 1618 122 58 minus
1163 1618 136 58 minus.
1258 1618 68 58 â‹
1285 1618 82 58 Ad
1326 1618 163 58 secundum
1449 1618 136 58 dubium
1544 1618 177 58 supposito
1680 1618 109 58 quod
1734 1618 82 58 illa

1092 1663 136 58 positio
1190 1663 86 58 ibi
1240 1663 111 58 facta
1314 1663 86 58 sit
1363 1663 173 58 possibilis
1498 1663 111 58 sicut
1572 1663 111 58 credo
1646 1663 99 58 quod
1708 1663 99 58 sit.
1757 1663 62 58 di-

1087 1711 66 58 co
1120 1711 88 58 tunc
1175 1711 88 58 quod
1229 1711 99 58 talis
1295 1711 142 58 transitus
1405 1711 66 58 de
1438 1711 197 58 contradictorio
1602 1711 66 58 in
1624 1711 186 58 contradictorium

1084 1752 125 52 saluari
1175 1752 102 52 debet
1243 1752 80 52 per
1288 1752 182 52 transitionem
1436 1752 136 52 temporis
1538 1752 68 52 et
1572 1752 182 52 ordinationem
1709 1752 102 52 divinam

1095 1798 129 51 eternam
1189 1798 70 51 de
1224 1798 94 51 nouo
1283 1798 129 51 factam:
1377 1798 94 51 quia
1435 1798 94 51 quod
1494 1798 82 51 non
1541 1798 105 51 habet
1611 1798 129 51 saluari
1705 1798 82 51 per
1740 1798 82 51 solam

1085 1839 193 63 transitionem
1241 1839 144 63 temporis
1350 1839 96 63 nisi
1410 1839 108 63 illud
1482 1839 156 63 concurrat
1602 1839 108 63 satis
1663 1839 156 63 efficacitur

1097 1884 138 58 concludit
1203 1884 85 58 illa
1256 1884 95 58 ratio
1320 1884 95 58 prius
1384 1884 95 58 fcam.
1447 1884 85 58 quod
1500 1884 95 58 etiam
1564 1884 74 58 non
1606 1884 106 58 potest
1681 1884 95 58 fieri
1744 1884 74 58 per
1776 1884 53 58 or-

1088 1935 184 52 dinationem
1232 1935 92 52 dei
1285 1935 131 52 nouam.
1377 1935 131 52 patet:
1469 1935 105 52 quia
1534 1935 79 52 si
1574 1935 105 52 deus
1639 1935 92 52 non
1679 1935 131 52 ordinare

1087 1973 83 48 de
1129 1973 111 48 nouo
1198 1973 111 48 quod
1267 1973 111 48 ille
1336 1973 125 48 actus
1419 1973 180 48 naturalis
1558 1973 125 48 esset
1641 1973 97 48 deo
1683 1973 138 48 acceptus

1088 2018 93 48 quae
1147 2018 105 48 tamen
1216 2018 82 48 non
1263 2018 105 48 esset
1333 2018 140 48 acceptus
1438 2018 82 48 deo
1484 2018 140 48 secundum
1589 2018 151 48 potentiam
1694 2018 128 48 ordinatam

1095 2064 121 54 eternam:
1185 2064 111 54 oportet
1266 2064 70 54 hoc
1306 2064 151 54 neccessario
1427 2064 80 54 esse
1477 2064 70 54 per
1517 2064 91 54 nouum
1578 2064 101 54 velle:
1648 2064 80 54 quia
1698 2064 70 54 hoc
1739 2064 70 54 est
1769 2064 60 54 deum

1100 2095 139 64 ordinare
1205 2095 93 64 deum
1263 2095 116 64 velle:
1344 2095 81 64 sed
1390 2095 81 64 hoc
1437 2095 81 64 non
1483 2095 116 64 potest
1564 2095 116 64 aliquo
1645 2095 93 64 modo
1703 2095 104 64 fieri
1761 2095 58 64 sii

1095 2147 121 55 mutatione
1188 2147 74 55 quae
1234 2147 65 55 non
1271 2147 93 55 potest
1336 2147 56 55 in
1364 2147 65 55 deo
1401 2147 74 55 ess.
1448 2147 102 55 oportet
1522 2147 93 55 igitur
1587 2147 139 55 neccessario
1698 2147 102 55 dicetur
1763 2147 56 55 quod

1100 2187 97 67 talis
1165 2187 139 67 ternsitus
1272 2187 129 67 saluatur
1368 2187 75 67 per
1411 2187 161 67 ternitionem
1540 2187 129 67 temporis
1637 2187 129 67 actualem
1733 2187 75 67 vel
1765 2187 54 67 po-

1106 2233 145 61 tentialem
1217 2233 67 61 et
1251 2233 78 61 per
1296 2233 179 61 ordinationem
1441 2233 123 61 divinam
1530 2233 112 61 etnam.
1608 2233 67 61 et
1641 2233 78 61 per
1686 2233 100 61 istum
1742 2233 78 61 modum

1101 2285 87 49 qui
1150 2285 100 49 deus
1213 2285 162 49 ordinauit
1338 2285 75 49 ab
1375 2285 112 49 eteno
1450 2285 75 49 et
1488 2285 112 49 forte
1563 2285 100 49 quod
1625 2285 100 49 ille
1688 2285 112 49 actus
1750 2285 75 49 natu

1093 2325 116 56 ralis
1170 2325 90 56 vno
1222 2325 142 56 tempore
1325 2325 90 56 non
1377 2325 116 56 esset
1454 2325 103 56 sibi
1519 2325 155 56 acceptus
1635 2325 103 56 sine
1686 2325 129 56 caritate

1101 2365 94 51 alio
1160 2365 130 51 tempore
1254 2365 106 51 esset
1325 2365 106 51 talis
1396 2365 141 51 acceptus
1502 2365 94 51 sine
1561 2365 94 51 omni
1620 2365 141 51 caritate
1726 2365 71 51 si
1749 2365 83 51 solum

1114 2409 108 50 empus
1186 2409 144 50 transeat
1294 2409 96 50 ille
1354 2409 108 50 actus
1426 2409 108 50 esset
1497 2409 108 50 primo
1569 2409 84 50 non
1617 2409 144 50 acceptus
1725 2409 84 50 sin
1761 2409 72 50 omni

1097 2453 215 53 destructione
1271 2453 94 53 vel
1325 2453 175 53 positione
1459 2453 161 53 cuiuscum
1580 2453 175 53 positiui.
1701 2453 134 53 Exemplum

1107 2500 69 52 si
1141 2500 80 52 rex
1187 2500 149 52 statueret
1302 2500 92 52 quod
1359 2500 161 52 quiecumque
1486 2500 69 52 in
1520 2500 57 52 a
1543 2500 80 52 die
1589 2500 172 52 inueniretur
1727 2500 69 52 in
1750 2500 69 52 aulo

1098 2541 108 69 sua.
1165 2541 121 69 esset
1245 2541 81 69 ei
1286 2541 175 69 imimicus:
1420 2541 81 69 et
1461 2541 175 69 quicunque
1595 2541 81 69 in
1635 2541 67 69 b
1662 2541 94 69 die
1716 2541 121 69 esset
1783 2541 54 69 ei
