2274 3079
259 176 78 63 sed
304 176 78 63 non
348 176 112 63 probat
426 176 190 63 distinctionem
583 176 190 63 vniversaliter
739 176 101 63 inter
806 176 168 63 dilectionem
929 176 45 63 et

251 233 230 50 delectationem.
443 233 77 50 De
481 233 90 50 hac
533 233 141 50 ratione
635 233 115 50 quare
712 233 115 50 alibi
788 233 77 50 in
814 233 166 50 dubitationi

247 271 77 54 bus
291 271 132 54 nostris.
390 271 55 54 ⁋
412 271 121 54 Secunda
501 271 110 54 ratio:
578 271 88 54 quia
633 271 132 54 voluntas
732 271 110 54 potest
810 271 110 54 habere
887 271 99 54 nolle
942 271 44 54 in

247 324 180 49 tensissiuum
391 324 96 49 ante
450 324 144 49 aduentum
558 324 120 49 ipsius
642 324 132 49 noliti.
738 324 132 49 Ponatur
833 324 120 49 igitur
905 324 72 49 quod

253 369 125 44 nolitum
344 369 114 44 veniat
424 369 68 44 in
458 369 137 44 effectum
560 369 103 44 sicut
629 369 80 44 est
675 369 137 44 nolitum:
777 369 91 44 tunc
834 369 68 44 ex
868 369 80 44 hoc
903 369 68 44 quod

249 404 134 58 ponitur
346 404 110 58 istud
420 404 85 58 non
468 404 110 58 habet
542 404 146 58 voluntas
652 404 159 58 intensius
774 404 110 58 nolle
847 404 98 58 quam
896 404 85 58 prius

251 450 84 57 quia
303 450 73 57 per
345 450 115 57 positum
428 450 94 57 prius
491 450 104 57 habuit
564 450 84 57 esse
616 450 188 57 intensissimum.
773 450 104 57 igitur
846 450 115 57 propter
929 450 63 57 ad

249 501 128 45 uentum
339 501 128 45 noliti
428 501 89 45 non
479 501 140 45 mutatur
581 501 153 45 voluntas
696 501 153 45 secundum
811 501 140 45 aliquod
900 501 77 45 nol-

254 540 78 51 le.
298 540 78 51 sed
343 540 122 51 constat
431 540 89 51 quod
487 540 122 51 mutatur
575 540 66 51 de
608 540 78 51 non
653 540 144 51 tristitia
763 540 66 51 in
797 540 166 51 tristitiam:
919 540 66 51 quia

250 583 106 56 prius
321 583 83 56 non
368 583 189 56 tristabatur:
522 583 95 56 modo
581 583 165 56 tristatur.
711 583 118 56 igitur
794 583 95 56 illa
841 583 130 56 tristitia

250 625 74 55 non
293 625 74 55 est
335 625 105 55 nolle.
408 625 63 55 et
440 625 74 55 per
482 625 147 55 consequens
597 625 74 55 nec
640 625 105 55 odium:
713 625 84 55 quia
766 625 95 55 nolle
829 625 63 55 et
860 625 95 55 odium
913 625 63 55 idem

260 672 101 50 sunt.
327 672 56 50 ⁋
350 672 79 50 Sed
395 672 101 50 istam
462 672 101 50 ratio
530 672 79 50 non
575 672 157 50 concludit:
698 672 67 50 vt
732 672 79 50 sit
777 672 157 50 distinctio
889 672 79 50 inter

244 714 103 54 actum
312 714 126 54 nolendi
404 714 69 54 et
438 714 160 54 tristitiam
564 714 103 54 sicut
633 714 103 54 prius
701 714 114 54 dictum
781 714 92 54 est:
839 714 92 54 quia
884 714 92 54 aduer-

249 760 121 48 sarius
334 760 133 48 diceret
430 760 97 48 quod
491 760 109 48 licet
563 760 109 48 illud
636 760 109 48 nolle
708 760 169 48 praecedens
841 760 133 48 euentum
926 760 60 48 no-

244 801 88 52 liti
299 801 175 52 distinguitur
441 801 55 52 a
463 801 153 52 tristitia:
583 801 88 52 quia
638 801 142 52 separatur
747 801 66 52 vt
780 801 109 52 dictum
857 801 88 52 est:
900 801 77 52 tamen

244 843 111 54 nolle
318 843 99 54 quod
380 843 111 54 habet
454 843 148 54 voluntas
565 843 124 54 rectum
652 843 124 54 noliti
738 843 87 54 iam
788 843 124 54 positi
874 843 74 54 in
899 843 74 54 effe

246 891 82 49 ctu
293 891 82 49 non
340 891 188 49 distinguitur
492 891 59 49 a
516 891 164 49 tristitia:
645 891 94 49 quia
703 891 105 49 illud
774 891 105 49 nolle
844 891 82 49 non
879 891 94 49 potest

244 931 139 52 seprari
345 931 63 52 a
371 931 164 52 tristitia
497 931 101 52 nisi
560 931 114 52 forte
636 931 177 52 miraculose
775 931 152 52 secundum
876 931 101 52 verita

247 980 89 54 tem:
303 980 100 54 licet
369 980 78 54 non
414 980 134 54 secundum
514 980 178 54 aduersarium.
659 980 67 54 et
692 980 89 54 ideo
748 980 122 54 diceret
837 980 67 54 ad
859 980 111 54 argumen-

240 1026 90 48 tum
292 1026 103 48 quod
356 1026 154 48 voluntas
472 1026 141 48 haberet
574 1026 116 48 aliud
652 1026 116 48 nolle
729 1026 103 48 ante
793 1026 154 48 aduentum
896 1026 90 48 noli-

252 1067 70 52 ti
287 1067 70 52 et
322 1067 93 52 post
380 1067 140 52 aduentum
485 1067 93 52 eius
543 1067 105 52 forte
613 1067 140 52 alterius
718 1067 151 52 rationis:
834 1067 70 52 et
869 1067 93 52 tunc
916 1067 58 52 nol

256 1109 71 53 le
292 1109 165 53 praecedens
421 1109 176 53 distiguitur
562 1109 59 53 a
585 1109 165 53 tristitia:
715 1109 82 53 sed
762 1109 106 53 nolle
832 1109 129 53 sequens
914 1109 59 53 est

245 1155 101 53 idem
309 1155 89 53 cum
359 1155 178 53 tristitia.
499 1155 89 53 vel
550 1155 139 53 diceret
651 1155 101 53 quod
714 1155 114 53 nolle
791 1155 178 53 praecedens
917 1155 51 53 ad

242 1198 133 52 uentum
335 1198 133 52 noliti
428 1198 227 52 augmentaretur
615 1198 80 52 in
655 1198 160 52 aduentum
775 1198 133 52 noliti
869 1198 93 52 per
909 1198 80 52 ali-

242 1241 93 63 quem
300 1241 116 63 gradum
381 1241 127 63 eiusdem
474 1241 139 63 rationis
578 1241 81 63 qui
625 1241 104 63 esset
694 1241 81 63 cum
741 1241 162 63 tristitia.
868 1241 70 63 Et
891 1241 93 63 quando

243 1284 127 51 dicitur
336 1284 93 51 quod
394 1284 151 51 possibile
510 1284 81 51 est
556 1284 93 51 quod
614 1284 116 51 habeat
695 1284 104 51 nolle
765 1284 197 51 intensissimum
915 1284 70 51 ante

246 1328 144 56 aduentum
354 1328 132 56 noliti.
449 1328 132 56 negadum
545 1328 96 56 est:
605 1328 96 56 quia
665 1328 120 56 semper
749 1328 84 56 per
797 1328 168 56 positionem
916 1328 60 56 rei

254 1369 77 56 in
293 1369 142 56 effectu
396 1369 194 56 augmentatur
551 1369 142 56 nolitio
654 1369 65 56 ⁋
680 1369 129 56 Tertia
770 1369 116 56 ratio
848 1369 103 56 est:
900 1369 77 56 quia

257 1416 162 51 voluntas
379 1416 135 51 libere
474 1416 81 51 et
514 1416 189 51 voluntarie
663 1416 135 51 elicit
758 1416 122 51 omnem
839 1416 122 51 actum
906 1416 68 51 no-

258 1460 99 54 lendi
324 1460 66 54 et
357 1460 132 54 volendi:
456 1460 88 54 quia
511 1460 77 54 ita
555 1460 110 54 potest
633 1460 154 54 voluntarie
754 1460 99 54 nolle
820 1460 121 54 aliquid
897 1460 77 54 sicut

259 1515 115 44 velle:
340 1515 92 44 quia
398 1515 115 44 nullus
478 1515 150 44 tristatur
594 1515 173 44 voluntarie:
732 1515 92 44 quia
790 1515 81 44 sic
836 1515 81 44 non
870 1515 104 44 trista-

260 1545 105 56 retur.
334 1545 105 56 igitur
408 1545 53 56 ⁋
429 1545 74 56 Sed
471 1545 84 56 ista
524 1545 95 56 ratio
587 1545 74 56 non
630 1545 148 56 concludit:
746 1545 84 56 quia
798 1545 127 56 voluntas
883 1545 84 56 potest

257 1587 185 58 voluntarie
402 1587 79 58 et
442 1587 132 58 libere
535 1587 119 58 velle
614 1587 146 58 aliquid
720 1587 185 58 immediate.
866 1587 79 58 et
892 1587 93 58 tamen

241 1640 149 56 positum
350 1640 122 56 aliis
431 1640 149 56 actibus
539 1640 176 56 mutabitur
675 1640 81 56 ad
716 1640 163 56 volendum
838 1640 135 56 illud.
919 1640 54 56 Ex

251 1681 150 55 emplum.
360 1681 163 55 infirmus
483 1681 136 55 potest
578 1681 136 55 libere
673 1681 123 55 velle
755 1681 163 55 potionem
864 1681 109 55 amaram

253 1731 73 47 et
289 1731 85 47 non
338 1731 110 47 velle
411 1731 110 47 sicut
484 1731 134 47 placet:
581 1731 85 47 sed
630 1731 122 47 stante
715 1731 85 47 vno
764 1731 97 47 actu
825 1731 73 47 in
849 1731 122 47 volunta-

248 1771 75 50 te
286 1771 88 50 quo
336 1771 100 50 vult
399 1771 188 50 efficacitur
550 1771 163 50 sanitatem
675 1771 138 50 omnino:
776 1771 88 50 nec
826 1771 88 50 pro
864 1771 100 50 aliqua

249 1809 200 62 impedimento
409 1809 187 62 dimitteret
556 1809 160 62 consequi
676 1809 187 62 sanitatem.
823 1809 80 62 et
863 1809 107 62 alio
917 1809 53 62 a-

251 1855 93 54 ctu
304 1855 186 54 intellectu
450 1855 93 54 quo
504 1855 133 54 dictat
597 1855 120 54 ipsum
677 1855 160 54 infirmum
797 1855 93 54 non
850 1855 120 54 posse
917 1855 53 54 sa

258 1904 100 49 nari
320 1904 100 49 nisi
383 1904 88 49 per
433 1904 150 49 potionem
545 1904 125 49 amaram
633 1904 200 49 neccessario:
795 1904 100 49 tunc
858 1904 88 49 ita
895 1904 75 49 natu

254 1946 155 51 raliter
367 1946 127 51 sicut
451 1946 127 51 ignis
536 1946 183 51 calefacit
677 1946 113 51 vult
747 1946 169 51 potionem
860 1946 113 51 amaram

257 1986 83 54 ita
304 1986 130 54 diceret
399 1986 71 54 in
434 1986 153 54 proposito
552 1986 94 54 quod
611 1986 94 54 ante
670 1986 142 54 aduentum
776 1986 118 54 noliti
859 1986 118 54 potest
930 1986 47 54 vo

247 2027 126 58 luntas
335 2027 113 58 nolle
411 2027 113 58 illud
486 2027 88 58 vel
536 2027 88 58 non
587 2027 126 58 nolle:
675 2027 88 58 sed
725 2027 126 58 posito
813 2027 100 58 quod
863 2027 113 58 nolitum

249 2079 140 49 eueniat
351 2079 127 49 stante
440 2079 165 49 volitione
567 2079 127 49 libera
656 2079 76 49 et
694 2079 216 49 apprehensione
859 2079 114 49 intelle

257 2115 90 57 ctus
313 2115 90 57 quod
370 2115 124 57 nolitum
460 2115 79 57 iam
505 2115 113 57 euenit
584 2115 68 57 de
618 2115 181 57 neccessitate
765 2115 102 57 habet
833 2115 102 57 nolle
890 2115 90 57 rectum

248 2165 106 51 illius
322 2165 95 51 sicut
386 2165 63 51 de
417 2165 127 51 neccesse
512 2165 148 51 tristatur.
629 2165 63 51 et
660 2165 74 51 ita
702 2165 137 51 concludit
808 2165 95 51 ratio
871 2165 84 51 quod
914 2165 63 51 nol-

258 2208 73 60 le
294 2208 109 60 illud
367 2208 121 60 libere
452 2208 145 60 elicitum
561 2208 97 60 ante
622 2208 145 60 aduentum
731 2208 121 60 noliti
803 2208 170 60 distinguitur

252 2246 60 58 a
276 2246 168 58 tristitia:
408 2246 84 58 sed
455 2246 84 58 non
503 2246 156 58 concludit
623 2246 96 58 quod
683 2246 108 58 nolle
755 2246 120 58 rectum
838 2246 120 58 noliti
910 2246 60 58 iam

256 2292 111 64 positi
334 2292 67 64 in
367 2292 133 64 effectum
467 2292 178 64 distinguatur
611 2292 133 64 realiter
711 2292 55 64 a
733 2292 155 64 tristitia:
855 2292 89 64 quia
899 2292 78 64 illud

260 2337 156 56 naturaliter
384 2337 94 56 forte
447 2337 125 56 causatur
540 2337 104 56 saltem
613 2337 125 56 secundum
707 2337 156 56 aduersarium
831 2337 94 56 sicut
883 2337 94 56 tristi-

257 2379 86 58 tia
306 2379 61 58 ⁋
330 2379 123 58 Quarta
417 2379 111 58 ratio
490 2379 98 58 est:
552 2379 98 58 quia
613 2379 148 58 voluntas
724 2379 172 58 reflectens
859 2379 74 58 se
884 2379 86 58 super

256 2434 125 47 actum
339 2434 111 47 suum
408 2434 194 47 voluntarie
561 2434 166 47 elicitum
685 2434 180 47 complacet
824 2434 111 47 sibi
879 2434 97 47 actus

255 2467 108 58 suus.
327 2467 72 58 et
363 2467 84 58 per
411 2467 168 58 consequens
543 2467 144 58 voluntas
652 2467 120 58 volens
736 2467 72 58 se
772 2467 120 58 libere
856 2467 108 58 nolle
916 2467 72 58 com-

251 2511 128 64 placet
341 2511 103 64 sibi
405 2511 77 64 in
444 2511 154 64 nolendo:
559 2511 90 64 sed
611 2511 154 64 voluntas
726 2511 180 64 reflectens
867 2511 77 64 se
893 2511 90 64 super

253 2564 174 63 tristitiam
389 2564 99 63 suam
451 2564 87 63 non
501 2564 161 63 complacet
625 2564 99 63 sibi
687 2564 161 63 tristitia
811 2564 99 63 sua:
873 2564 87 63 sed
911 2564 74 63 dis

1070 173 123 70 plicet.
1159 173 111 70 igitir
1237 173 89 70 etc.
1293 173 56 70 ⁋
1315 173 78 70 Sed
1359 173 89 70 ista
1415 173 100 70 ratio
1482 173 78 70 non
1526 173 156 70 concludit.
1649 173 78 70 tum
1694 173 89 70 quia
1738 173 78 70 licet

1067 236 169 39 voluntas
1194 236 197 39 reflectens
1348 236 84 39 se
1391 236 127 39 super
1475 236 127 39 actum
1560 236 155 39 nolendi
1672 236 84 39 an
1700 236 99 39 aduen

1068 277 90 50 tum
1120 277 103 50 sibi
1184 277 167 50 complacet
1313 277 77 50 in
1351 277 103 50 illo
1416 277 103 50 actu
1480 277 129 50 libere
1570 277 155 50 elicito:
1686 277 90 50 non
1725 277 90 50 tamen

1068 323 161 49 voluntas
1188 323 134 49 libere
1282 323 188 49 reflectens
1430 323 80 49 se
1470 323 121 49 super
1550 323 121 49 actum
1631 323 147 49 nolendi
1725 323 80 49 post

1074 365 160 56 aduentum
1194 365 133 56 noliti
1287 365 173 56 complacet
1420 365 107 56 sibi
1486 365 80 56 in
1526 365 107 56 illo
1593 365 120 56 actu:
1673 365 93 56 sed
1713 365 93 56 magis

1075 409 170 45 tristatur.
1208 409 109 45 Istud
1281 409 109 45 patet
1354 409 85 45 per
1402 409 206 45 experientiam.
1572 409 85 45 nam
1620 409 133 45 aliquis
1705 409 97 45 nolens

1070 451 131 48 amicum
1161 451 104 48 suum
1227 451 144 48 peccare
1331 451 144 48 volendo
1435 451 117 48 illud
1514 451 117 48 nolle
1592 451 131 48 potest
1684 451 104 48 sibi
1736 451 65 48 com

1069 498 150 51 placere
1178 498 82 51 et
1219 498 190 51 delectari.
1369 498 82 51 si
1409 498 109 51 post
1478 498 136 51 peccet
1573 498 82 51 et
1614 498 109 51 tunc
1682 498 82 51 in
1709 498 95 51 nolen

1065 540 73 52 do
1101 540 85 52 eum
1150 540 134 52 peccare
1247 540 97 52 sibi
1308 540 158 52 displicet
1430 540 73 52 et
1466 540 170 52 tristatur.
1600 540 73 52 Et
1637 540 158 52 similiter
1746 540 49 52 in

1064 582 140 48 volendo
1166 582 89 48 eum
1217 582 128 48 nolle:
1307 582 102 48 quia
1370 582 102 48 sibi
1434 582 166 48 displicet
1562 582 102 48 quod
1625 582 128 48 voluit
1715 582 115 48 illud

1068 628 113 44 nolle
1144 628 75 44 ad
1182 628 101 44 quod
1244 628 151 44 sequitur
1358 628 189 44 naturaliter
1508 628 75 44 in
1546 628 75 44 eo
1584 628 163 44 tristitia
1709 628 75 44 et
1735 628 75 44 pena

1067 671 92 58 Tum
1119 671 105 58 quia
1185 671 131 58 dubium
1277 671 144 58 assumit
1382 671 105 58 quod
1447 671 170 58 quodlibet
1578 671 118 58 nolle
1644 671 157 58 voluntatis

1072 715 79 53 sit
1117 715 158 53 voluntarie
1241 715 68 53 et
1275 715 113 53 libere
1355 715 147 53 elicitum:
1468 715 91 53 quia
1524 715 136 53 probatum
1626 715 79 53 est
1672 715 102 53 prius
1728 715 68 53 quod

1070 761 125 48 aliquid
1161 761 80 48 est
1206 761 114 48 libere
1285 761 136 48 elicitum
1388 761 68 48 et
1422 761 125 48 aliquid
1513 761 182 48 naturaliter:
1660 761 68 48 et
1694 761 80 48 ita
1728 761 80 48 licet

1069 805 110 52 ratio
1142 805 159 52 praedicta
1264 805 159 52 concludat
1387 805 98 52 quod
1448 805 147 52 voluntas
1558 805 171 52 reflectens
1692 805 73 52 se
1716 805 86 52 super

1057 846 109 49 actum
1130 846 97 49 suum
1191 846 122 49 libere
1276 846 146 49 elicitum
1385 846 122 49 potest
1470 846 97 49 sibi
1531 846 170 49 complacere
1664 846 73 49 in
1701 846 97 49 illo
1749 846 49 49 a-

1068 891 96 55 ctu
1123 891 178 55 cuiusmodi
1260 891 96 55 est
1315 891 123 55 nolle
1397 891 164 55 elicitum
1520 891 110 55 ante
1589 891 164 55 aduentum
1698 891 110 55 noliti

1072 934 80 47 qui
1117 934 92 47 ille
1175 934 80 47 est
1220 934 114 47 libere
1300 934 137 47 elicitus
1403 934 80 47 non
1449 934 103 47 tamen
1518 934 149 47 concludit
1632 934 92 47 quod
1678 934 126 47 reflecten

1065 980 70 51 do
1100 980 70 51 se
1135 980 104 51 super
1204 980 104 51 actum
1274 980 93 51 suum
1332 980 174 51 naturaliter
1471 980 70 51 et
1506 980 174 51 neccessario
1645 980 139 51 elicitum
1737 980 70 51 com-

1061 1020 147 52 placeat
1168 1020 107 52 sibi
1234 1020 80 52 in
1275 1020 107 52 illo
1341 1020 107 52 actu
1408 1020 94 52 sed
1462 1020 120 52 magis
1542 1020 187 52 displicet.
1689 1020 107 52 nunc
1743 1020 53 52 au

1067 1068 92 47 tem
1119 1068 92 47 sic
1172 1068 184 47 declaratum
1316 1068 92 47 est
1369 1068 118 47 prius
1448 1068 118 47 nolle
1526 1068 158 47 alicuius
1644 1068 131 47 noliti
1723 1068 79 47 natu

1064 1109 122 54 raliter
1153 1109 133 54 causatur
1252 1109 78 54 per
1297 1109 133 54 aduentum
1396 1109 111 54 noliti
1474 1109 66 54 et
1507 1109 78 54 est
1551 1109 100 54 aliud
1618 1109 100 54 nolle
1684 1109 55 54 a
1695 1109 100 54 praece-

1073 1145 97 60 dente
1138 1145 119 60 euentum
1224 1145 119 60 noliti.
1311 1145 65 60 et
1343 1145 76 60 per
1386 1145 151 60 consequens
1505 1145 162 60 reflectendo
1634 1145 65 60 se
1667 1145 97 60 super
1720 1145 76 60 illud

1067 1195 113 56 nolle
1143 1195 113 56 magis
1218 1195 163 56 tristatur
1343 1195 75 56 et
1380 1195 175 56 displicet.
1518 1195 75 56 et
1555 1195 88 56 sic
1605 1195 75 56 vt
1643 1195 138 56 videtur
1743 1195 75 56 ad

1067 1242 168 41 uersario
1193 1242 126 41 illud
1277 1242 126 41 nolle
1361 1242 98 41 non
1417 1242 252 41 distingueretur
1626 1242 70 41 a
1640 1242 168 41 tristitia.

1068 1282 60 50 ⁋
1092 1282 119 50 Quinta
1175 1282 107 50 ratio
1247 1282 95 50 est.
1306 1282 95 50 quia
1366 1282 72 50 in
1402 1282 83 50 deo
1449 1282 83 50 est
1497 1282 107 50 actus
1569 1282 143 50 nolendi.
1676 1282 83 50 nam
1712 1282 83 50 sicut

1069 1323 79 57 per
1114 1323 102 57 velle
1182 1323 90 57 suum
1238 1323 79 57 est
1283 1323 102 57 causa
1351 1323 102 57 eorum
1418 1323 90 57 quae
1475 1323 147 57 eueniunt:
1588 1323 79 57 ita
1633 1323 79 57 per
1678 1323 102 57 nolle
1734 1323 68 57 suum

1069 1371 82 52 est
1116 1371 105 52 causa
1186 1371 164 52 impeditiua
1315 1371 141 52 multorum
1421 1371 94 52 quae
1480 1371 82 52 non
1526 1371 152 52 eueniunt:
1644 1371 82 52 sed
1691 1371 94 52 deus
1737 1371 59 52 non

1068 1415 118 53 potest
1151 1415 154 53 tristari.
1269 1415 118 53 igitur
1352 1415 154 53 tristitia
1471 1415 71 53 et
1506 1415 107 53 nolle
1577 1415 83 53 non
1624 1415 95 53 sunt
1684 1415 107 53 idem.
1743 1415 59 53 Sed

1073 1458 83 46 ista
1125 1458 93 46 ratio
1187 1458 73 46 non
1228 1458 145 46 concludit:
1343 1458 83 46 quia
1394 1458 93 46 sicut
1457 1458 93 46 prius
1519 1458 104 46 dictum
1592 1458 73 46 est
1633 1458 125 46 secundum
1716 1458 73 46 aduer

1069 1503 119 49 sarium
1152 1503 83 49 non
1200 1503 154 49 quodlibet
1318 1503 107 49 nolle
1390 1503 83 49 est
1437 1503 95 49 idem
1496 1503 83 49 cum
1544 1503 166 49 tristitia:
1674 1503 83 49 sed
1710 1503 83 49 solum

1069 1550 127 45 nolle
1153 1550 141 45 rectum
1252 1550 141 45 noliti
1350 1550 127 45 cuius
1435 1550 183 45 oppositum
1576 1550 155 45 euenit.
1688 1550 84 45 et
1717 1550 84 45 tale

1068 1588 105 56 nolle
1138 1588 82 56 non
1185 1588 117 56 potest
1267 1588 94 56 esse
1326 1588 70 56 in
1361 1588 94 56 deo:
1419 1588 94 56 quia
1478 1588 70 56 si
1513 1588 94 56 deus
1571 1588 117 56 habeat
1653 1588 105 56 nolle
1711 1588 94 56 rectum

1068 1632 153 51 alicuius
1183 1632 115 51 actus
1260 1632 140 51 noliti:
1362 1632 102 51 tunc
1426 1632 153 51 obiectum
1541 1632 128 51 illius
1630 1632 128 51 noliti
1707 1632 89 51 nullo

1072 1680 109 51 modo
1140 1680 136 51 potest
1236 1680 150 51 euenire
1344 1680 136 51 maxime
1440 1680 163 51 obiectum
1562 1680 136 51 noliti
1657 1680 68 51 a
1685 1680 109 51 deo.
1739 1680 68 51 ef-

1066 1724 209 49 ficaciter.
1231 1724 105 49 sed
1290 1724 90 49 si
1335 1724 180 49 obiectum
1470 1724 150 49 noliti
1575 1724 150 49 posset
1664 1724 135 49 euenire

1062 1773 98 45 et
1111 1773 147 45 tamen
1209 1773 131 45 deus
1290 1773 163 45 nollet
1404 1773 180 45 euenire
1535 1773 147 45 illud
1633 1773 131 45 tunc
1698 1773 98 45 con-

1065 1812 149 53 cluderet
1176 1812 112 53 ratio
1251 1812 99 53 quod
1313 1812 112 53 illud
1387 1812 112 53 nolle
1461 1812 87 53 non
1511 1812 112 53 esset
1585 1812 99 53 idem
1647 1812 87 53 cum
1684 1812 112 53 tristi-

1066 1859 85 46 tia:
1120 1859 75 46 sed
1162 1859 75 46 sic
1205 1859 75 46 non
1248 1859 107 46 potest
1322 1859 96 46 esse.
1386 1859 64 46 et
1418 1859 85 46 ideo
1471 1859 96 46 ratio
1535 1859 75 46 non
1578 1859 139 46 concludit
1674 1859 128 46 propositum

1068 1899 112 51 suum.
1142 1899 75 51 Si
1179 1899 112 51 tamen
1254 1899 124 51 fieret
1341 1899 112 51 ratio
1416 1899 75 51 de
1453 1899 124 51 angelo
1540 1899 99 51 bono
1602 1899 137 51 volente
1689 1899 112 51 aliquod

1074 1939 149 54 volitum:
1185 1939 112 54 cuius
1260 1939 161 54 oppositum
1384 1939 124 54 euenit
1471 1939 186 54 frequenter.
1619 1939 161 54 exemplum.
1731 1939 62 54 an-

1070 1987 118 54 gelus
1149 1987 171 54 deputatus
1280 1987 79 54 ad
1320 1987 171 54 custodiam
1452 1987 145 54 hominis
1557 1987 118 54 habet
1636 1987 118 54 nolle
1702 1987 105 54 rectum

1068 2035 133 49 peccati
1165 2035 145 49 mortalis
1274 2035 133 49 istius.
1371 2035 73 49 si
1407 2035 109 49 tamen
1480 2035 121 49 peccat
1565 2035 170 49 frequenter
1686 2035 121 49 mortali-

1069 2071 110 56 ter.
1138 2071 110 56 tunc
1206 2071 137 56 euenit
1302 2071 178 56 oppositum
1440 2071 137 56 noliti
1535 2071 82 56 ab
1577 2071 110 56 isto
1645 2071 151 56 angelo.
1741 2071 55 56 et

1076 2118 97 48 tamen
1141 2118 75 48 non
1184 2118 139 48 tristatur
1291 2118 64 48 de
1323 2118 86 48 hoc:
1377 2118 86 48 quia
1430 2118 97 48 sicut
1495 2118 64 48 in
1527 2118 107 48 angelo
1602 2118 86 48 malo
1656 2118 97 48 nulla
1720 2118 75 48 est
1752 2118 43 48 de

1070 2163 172 54 lectatio:
1202 2163 93 54 ita
1255 2163 80 54 in
1295 2163 133 54 angelo
1388 2163 106 54 bono
1454 2163 119 54 nulla
1534 2163 93 54 est
1587 2163 186 54 tristitia:
1719 2163 80 54 tunc

1077 2211 183 44 concluderet
1223 2211 170 44 argumentum
1357 2211 110 44 forte
1430 2211 183 44 generaliter
1576 2211 207 44 distinctionem
1734 2211 61 44 in-

1069 2254 85 53 ter
1117 2254 109 53 nolle
1190 2254 73 53 et
1226 2254 182 53 tristitiam:
1371 2254 97 53 quia
1432 2254 109 53 sicut
1505 2254 109 53 prius
1577 2254 145 53 probatum
1686 2254 85 53 est
1722 2254 73 53 fere

1071 2293 85 62 per
1119 2293 109 62 omnes
1192 2293 145 62 rationes
1301 2293 97 62 Ioh.
1362 2293 109 62 nolle
1434 2293 170 62 praecedens
1568 2293 133 62 euentum
1665 2293 121 62 noliti
1737 2293 61 62 non

1069 2335 78 59 est
1114 2335 89 59 idem
1169 2335 78 59 cum
1214 2335 156 59 tristitia:
1337 2335 89 59 quia
1393 2335 123 59 possunt
1482 2335 145 59 separari.
1594 2335 78 59 nec
1639 2335 101 59 nolle
1694 2335 101 59 sequens

1067 2383 141 50 euentum
1170 2383 128 50 noliti
1260 2383 77 50 de
1298 2383 90 50 quo
1350 2383 116 50 nolle
1427 2383 128 50 maxime
1517 2383 141 50 videtur
1619 2383 103 50 quod
1683 2383 90 50 sit
1722 2383 77 50 idem

1069 2427 81 54 cum
1116 2427 162 54 tristitia.
1243 2427 93 54 ergo
1301 2427 116 54 nullum
1382 2427 104 54 nolle
1451 2427 81 54 est
1497 2427 93 54 idem
1555 2427 81 54 cum
1601 2427 162 54 tristitia.
1717 2427 81 54 sicut

1068 2471 109 50 patet
1140 2471 73 50 de
1177 2471 121 50 angelo
1261 2471 97 50 bono
1322 2471 73 50 in
1358 2471 133 50 exemplo
1455 2471 109 50 prius
1527 2471 133 50 posito.
1624 2471 121 50 igitur
1696 2471 97 50 genera

1076 2517 97 52 liter
1141 2517 150 52 requiritur
1259 2517 86 52 quod
1313 2517 107 52 nullum
1388 2517 97 52 nolle
1452 2517 75 52 est
1495 2517 86 52 idem
1549 2517 75 52 cum
1592 2517 150 52 tristitia:
1710 2517 75 52 sed
1753 2517 64 52 ad

1069 2560 123 62 istud
1152 2560 96 62 non
1206 2560 165 62 peruenit
1330 2560 165 62 deductio
1453 2560 110 62 Ioh.
1522 2560 69 62 ⁋
1549 2560 123 62 Sexta
1631 2560 137 62 ratio:
1714 2560 82 62 quia
