2213 3059
223 163 109 72 tiam
291 163 191 72 opinionem.
441 163 123 72 omnis
523 163 150 72 habitus
632 163 150 72 infisus
741 163 123 72 habet
822 163 123 72 actum
891 163 54 72 na

232 228 101 55 tum
289 228 129 55 elici
375 228 86 55 ab
419 228 144 55 aliquo
519 228 144 55 habitu
620 228 201 55 acquisito:
778 228 101 55 sed
821 228 115 55 nullus

227 269 179 56 habitus
357 269 228 56 acquisitus
536 269 245 56 naturaliter
732 269 212 56 inclinans
879 269 65 56 ad

218 322 130 47 actum
304 322 159 47 sciendi
420 322 217 47 credibilia.
594 322 116 47 quia
666 322 130 47 omnem
753 322 159 47 habitum
854 322 101 47 natu-

232 361 131 51 raliter
328 361 167 51 acquisitum
459 361 96 51 quem
519 361 119 51 potest
602 361 119 51 habere
686 361 131 51 fidelis
782 361 119 51 potest
853 361 84 51 etiam

227 398 138 58 habere
324 398 194 58 infidelis:
476 398 125 58 ergo.
559 398 125 58 maior
642 398 125 58 patet
726 398 180 58 inductiue
864 398 83 58 de
892 398 55 58 ca

230 446 113 55 ritate
309 446 90 55 fide
365 446 68 55 et
399 446 113 55 specie
478 446 68 55 et
512 446 158 55 huiusmodi.
636 446 79 55 nec
681 446 79 55 est
726 446 102 55 maior
794 446 102 55 ratio
862 446 68 55 de
885 446 56 55 vno

228 486 117 60 quam
302 486 88 60 de
345 486 132 60 alio.
433 486 73 60 ⁋
462 486 176 60 Preterea
594 486 132 60 omnis
682 486 132 60 actus
755 486 190 60 intellectus

228 540 90 45 est
280 540 103 45 sibi
344 540 168 45 euidenter
473 540 129 45 notus:
563 540 103 45 ergo
628 540 103 45 iste
692 540 116 45 actus
770 540 142 45 sciendi
860 540 90 45 esset

224 581 178 54 euidenter
361 581 123 54 notus
443 581 219 54 intellectui:
621 581 109 54 quia
689 581 191 54 intuitiue.
839 581 82 54 et
867 581 68 54 per

218 620 188 61 consequens
365 620 134 61 nullus
459 620 174 61 theologus
593 620 147 61 studens
700 620 80 61 in
740 620 174 61 theologia
861 620 80 61 pos-

214 671 105 43 set
274 671 180 43 dubitare
409 671 90 43 se
453 671 150 43 habere
558 671 135 43 talem
648 671 150 43 actum:
753 671 120 43 quod
827 671 105 43 est
872 671 75 43 ma-

216 712 164 47 nifeste
335 712 164 47 falsum:
455 712 119 47 quia
529 712 134 47 multi
619 712 164 47 prmagni
738 712 149 47 negant
843 712 90 47 se
872 712 75 47 ha-

214 749 110 59 bere
283 749 124 59 talem
366 749 138 59 actum.
463 749 69 59 ⁋
490 749 221 59 Confirmatur.
670 749 97 59 non
725 749 97 59 est
780 749 124 59 maior
849 749 83 59 rati

210 799 116 52 quod
282 799 159 52 aliquis
397 799 159 52 credens
513 799 159 52 aliquod
629 799 188 52 credibile
773 799 101 52 sit
816 799 116 52 certus

203 848 79 47 se
242 848 158 47 credere:
361 848 105 47 quam
427 848 105 47 quod
493 848 132 47 sciens
585 848 105 47 tale
651 848 171 47 credibile
783 848 92 47 sit
823 848 105 47 certus

208 884 85 54 se
250 884 142 54 scire.
349 884 99 54 sed
406 884 142 54 nullus
505 884 142 54 potest
604 884 156 54 credere
718 884 156 54 aliquod
817 884 113 54 credi-

203 927 102 59 bile
267 927 102 59 nisi
330 927 89 59 sit
381 927 127 59 certus
470 927 76 59 se
508 927 152 59 credere:
622 927 102 59 ergo
686 927 89 59 nec
737 927 114 59 scire
813 927 102 59 nisi
864 927 63 59 cer

202 974 85 51 tus
251 974 85 51 sit
299 974 73 51 se
336 974 122 51 scire.
421 974 61 51 ⁋
445 974 73 51 Si
482 974 134 51 dicatur
579 974 97 51 quod
640 974 146 51 secundum
749 974 110 51 dicta
822 974 73 51 in
847 974 85 51 prima

211 1016 189 63 questione
357 1016 160 63 aliquid
474 1016 146 63 potest
576 1016 117 63 esse
648 1016 189 63 intuitiue
779 1016 146 63 cognitu-

205 1064 90 64 et
250 1064 134 64 tamen
339 1064 194 64 veritates
489 1064 239 64 contingentes
682 1064 104 64 non
742 1064 164 64 possunt
847 1064 90 64 sci-

209 1099 83 62 ri
251 1099 179 62 euidenter
388 1099 151 62 virtute
498 1099 138 62 illius
594 1099 165 62 notitie:
718 1099 110 62 ergo
787 1099 96 62 non
842 1099 96 62 est
883 1099 55 62 in

206 1152 193 48 conueniens
358 1152 110 48 quod
427 1152 110 48 iste
496 1152 124 48 actus
579 1152 152 48 sciendi
689 1152 97 48 sit
744 1152 179 48 intuitiue
868 1152 69 48 co-

210 1189 155 54 gnitus
319 1189 93 54 ab
366 1189 140 54 alio:
459 1189 93 54 et
506 1189 140 54 tamen
599 1189 171 54 dubitet
723 1189 140 54 vtrum
801 1189 124 54 credat

206 1241 98 47 vel
262 1241 141 47 sciat.
361 1241 98 47 hoc
417 1241 98 47 non
473 1241 141 47 valet:
571 1241 112 47 quia
642 1241 155 47 quamuis
754 1241 155 47 aliquis
853 1241 84 47 pos-

205 1279 99 56 set
261 1279 184 56 intuitiue
403 1279 198 56 cognoscere
559 1279 127 56 actum
644 1279 127 56 suum:
729 1279 85 56 et
771 1279 127 56 tamen
842 1279 99 56 nesci

204 1326 91 51 re
249 1326 213 51 discernere
417 1326 137 51 illum
508 1326 91 51 ab
554 1326 137 51 alio:
646 1326 137 51 tamen
737 1326 152 51 posset
828 1326 107 51 scire

189 1364 82 55 se
230 1364 137 55 habere
326 1364 123 55 illum
408 1364 123 55 actum
491 1364 82 55 si
532 1364 110 55 ille
600 1364 123 55 actus
682 1364 96 55 sit
737 1364 178 55 intensus.
861 1364 68 55 Uer

201 1409 99 59 bi
250 1409 165 59 gratia
365 1409 99 59 Si
415 1409 181 59 aliquis
547 1409 165 59 habeat
662 1409 165 59 amorem
761 1409 165 59 intensum

198 1457 91 56 et
243 1457 258 56 delectationem
456 1457 197 56 intensam:
607 1457 121 56 bene
683 1457 152 56 potest
774 1457 152 56 dubitare

204 1497 95 64 an
252 1497 127 64 amor
331 1497 254 64 distinguatur
538 1497 191 64 realiter
681 1497 79 64 a
697 1497 238 64 delectatione:

196 1549 131 44 tamen
284 1549 146 44 certus
386 1549 102 44 est
444 1549 117 44 quod
517 1549 117 44 amat
590 1549 88 44 et
634 1549 219 44 delectatur:
809 1549 117 44 ergo
868 1549 58 44 si

202 1587 155 49 aliquis
315 1587 141 49 credat
413 1587 197 49 credibilia
568 1587 84 49 et
610 1587 127 49 sciat
695 1587 99 49 ea:
751 1587 155 49 quamuis
850 1587 84 49 pos-

206 1627 99 67 set
262 1627 170 67 dubitare
390 1627 85 67 an
432 1627 127 67 istud
517 1627 156 67 credere
630 1627 85 67 et
672 1627 127 67 scire
743 1627 184 67 distinguan-

211 1673 95 57 tur
266 1673 177 57 realiter:
402 1673 123 57 tamen
484 1673 150 57 oportet
593 1673 109 57 quod
661 1673 95 57 sit
716 1673 136 57 certus
811 1673 109 57 quod
866 1673 68 57 cre

212 1713 98 69 dat
268 1713 84 69 et
310 1713 112 69 quod
379 1713 139 69 sciat:
477 1713 84 69 et
519 1713 98 69 ita
575 1713 167 69 quilibet
700 1713 181 69 theologus
825 1713 112 69 posset

202 1760 134 57 scire
291 1760 104 57 hoc
351 1760 104 57 est
411 1760 194 57 euidenter
560 1760 209 57 cognoscere
723 1760 89 57 se
768 1760 134 57 scire
843 1760 89 57 cre-

199 1807 178 57 dibilia.
333 1807 74 57 ⁋
362 1807 178 57 Preterea
496 1807 193 57 quicunque
644 1807 119 57 scit
718 1807 193 57 euidenter
851 1807 89 57 ali-

211 1848 118 60 quod
285 1848 191 60 complexum
432 1848 103 60 non
491 1848 147 60 potest
594 1848 206 60 dissentire
756 1848 118 60 illi
814 1848 118 60 comple

200 1888 82 67 xo
241 1888 110 67 solo
310 1888 151 67 imperio
419 1888 205 67 voluntatis:
584 1888 96 67 sed
638 1888 151 67 oportet
748 1888 110 67 quod
803 1888 123 67 persua-

202 1938 122 44 deat
278 1938 107 44 per
339 1938 183 44 rationem
476 1938 168 44 fortius
599 1938 183 44 mouentem
721 1938 198 44 intellectum

199 1976 117 60 suum
273 1976 88 60 ad
317 1976 249 60 dissentiendum
522 1976 103 60 vel
580 1976 161 60 oportet
697 1976 117 60 quod
756 1976 161 60 obliuisca

198 2030 105 55 tur
258 2030 180 55 alicuius
393 2030 195 55 euidenter
543 2030 135 55 noti.
633 2030 105 55 sed
693 2030 195 55 theologus
828 2030 90 55 quan

209 2067 188 62 tumcumque
353 2067 188 62 studuerit
498 2067 87 62 in
541 2067 188 62 theologia
686 2067 116 62 solo
758 2067 159 62 imperio
859 2067 58 62 vo

205 2106 173 64 luntatis
334 2106 144 64 potest
435 2106 202 64 dissentire
594 2106 245 64 credibilibus.
796 2106 130 64 etiam
868 2106 58 64 si

208 2156 82 59 ne
249 2156 150 59 ratione
358 2156 150 59 fortius
468 2156 164 59 mouente.
590 2156 109 59 quia
659 2156 123 59 nulla
741 2156 123 59 ratio
822 2156 82 59 ex
850 2156 68 59 fal

207 2197 90 59 sis
258 2197 128 59 potest
348 2197 141 59 fortius
450 2197 128 59 mouere
540 2197 102 59 quam
604 2197 115 59 ratio
681 2197 77 59 ex
719 2197 115 59 veris
783 2197 128 59 euidente

206 2244 114 64 notis.
286 2244 80 64 nec
331 2244 126 64 oportet
423 2244 91 64 quod
480 2244 183 64 obliuiscatur
629 2244 137 64 alicuius
732 2244 69 64 ad
766 2244 80 64 hoc
812 2244 91 64 quod
857 2244 69 64 dis-

202 2285 150 56 sentiat:
314 2285 100 56 ergo
376 2285 87 56 non
426 2285 112 56 habet
501 2285 150 56 notitiam
613 2285 162 56 euidentem
738 2285 150 56 alicuius
838 2285 87 56 talis

223 2330 54 55 ⁋
245 2330 87 55 Alii
299 2330 109 55 tenent
376 2330 109 55 partem
452 2330 152 55 negatiuam:
572 2330 65 55 et
604 2330 76 55 hoc
648 2330 163 55 dupliciter.
778 2330 109 55 quadam
844 2330 76 55 sicut

199 2375 170 58 philosophi
332 2375 133 58 tenent:
429 2375 97 58 quod
490 2375 73 58 ad
527 2375 109 58 omnem
599 2375 158 58 scientiam
721 2375 109 58 nobis
781 2375 146 58 possibilem

195 2416 189 65 possumus
337 2416 237 65 naturaliter
527 2416 221 65 attingere.
700 2416 95 65 et
747 2416 126 65 ideo
811 2416 110 65 nihil

195 2470 108 53 est
256 2470 200 53 credibile
410 2470 123 53 mere
487 2470 123 53 quin
564 2470 154 53 potest
672 2470 139 53 sciri
749 2470 169 53 euidenter

197 2507 94 58 Sed
250 2507 108 58 ista
318 2507 135 58 opinio
412 2507 94 58 non
466 2507 135 58 potest
560 2507 175 58 improbari
695 2507 94 58 per
749 2507 162 58 rationes
857 2507 67 58 na-

201 2560 154 71 turales:
317 2560 90 71 sed
368 2560 129 71 tantum
458 2560 90 71 per
510 2560 180 71 auctoritas
651 2560 116 71 sicut
728 2560 116 71 alias
792 2560 129 71 patebit.

1039 176 68 76 ⁋
1067 176 122 76 Aliam
1148 176 95 76 est
1202 176 136 76 opinio
1297 176 95 76 que
1351 176 136 76 ponit:
1446 176 108 76 quod
1514 176 149 76 quamuis
1609 176 149 76 credibili

1039 243 151 55 possint
1149 243 179 55 euidenter
1287 243 137 55 sciri.
1383 243 96 55 non
1438 243 124 55 tamen
1520 243 69 55 a
1548 243 124 55 nobis
1630 243 96 55 pro
1672 243 82 55 stat

1041 289 83 57 isto
1093 289 63 57 de
1124 289 115 57 communi
1207 289 94 57 lege.
1270 289 63 57 et
1301 289 83 57 ideo
1353 289 136 57 theologia
1458 289 125 57 secundum
1551 289 83 57 quod
1604 289 146 57 communiter
1718 289 63 57 ad

1036 328 146 61 discimus
1145 328 85 61 eam
1194 328 85 61 non
1242 328 85 61 est
1291 328 146 61 scientia
1400 328 134 61 proprie
1498 328 109 61 decam
1571 328 146 61 respectu
1668 328 97 61 talium

1051 374 184 64 credibilium.
1200 374 126 64 quamuis
1292 374 149 64 aliquorum
1406 374 115 64 posset
1487 374 92 64 esse
1544 374 149 64 scientia.
1659 374 69 64 et
1682 374 80 64 istam

1046 417 186 55 opinionem
1189 417 143 55 reputo
1289 417 143 55 veram.
1389 417 71 55 ⁋
1417 417 100 55 Ido
1474 417 129 55 circa
1560 417 129 55 istam
1632 417 114 55 opinio

1037 457 89 68 nem
1088 457 115 68 primo
1165 457 166 68 ostendam:
1292 457 102 68 quod
1356 457 102 68 omne
1420 457 140 68 habitum
1522 457 140 68 praeter
1624 457 115 68 fidem
1687 457 64 68 qui

1032 510 183 56 acquirit
1169 510 198 56 theologus
1321 510 168 56 fidelis
1443 510 183 56 respectu
1565 510 183 56 credibiliu

1037 555 132 51 potest
1129 555 172 51 acquirere
1262 555 119 51 etiam
1341 555 185 51 infidelis.
1487 555 146 51 Secundo
1593 555 93 51 est
1633 555 132 51 videndum

1045 590 120 60 qualis
1129 590 132 60 habitus
1225 590 168 60 acquiritur
1357 590 72 60 in
1393 590 144 60 theologo
1500 590 132 60 praeter
1596 590 120 60 fidem.
1680 590 60 60 ⁋
1692 590 60 60 Pri

1034 640 91 55 mum
1086 640 169 55 probatur.
1216 640 104 55 quia
1280 640 130 55 nullus
1371 640 143 55 habitus
1475 640 156 55 ponendus
1591 640 91 55 est
1643 640 78 55 in
1669 640 91 55 nobis

1030 675 111 66 nisi
1100 675 111 66 quae
1169 675 139 66 potest
1266 675 167 66 conuinci
1391 675 83 66 ex
1433 675 139 66 aliquo
1530 675 111 66 actu
1599 675 125 66 nobis
1669 675 97 66 mani-

1036 719 138 71 festo.
1133 719 96 71 vel
1188 719 83 71 ex
1229 719 207 71 auctoritate
1394 719 193 71 scripture.
1546 719 96 71 sed
1601 719 96 71 nec
1656 719 96 71 per
1697 719 69 71 ali

1036 764 118 71 quem
1110 764 133 71 actum
1199 764 133 71 nobis
1288 764 207 71 manifestum
1450 764 104 71 nec
1510 764 104 71 per
1554 764 207 71 auctoritatem

1033 813 164 68 scripture
1160 813 126 68 potest
1248 813 152 68 conuinci
1362 813 114 68 talis
1438 813 152 68 habitus.
1551 813 101 68 ergo
1614 813 101 68 etc.
1678 813 63 68 ⁋
1690 813 76 68 Pria

1038 863 97 53 pars
1099 863 134 53 minoris
1196 863 121 53 patet.
1281 863 97 53 quia
1341 863 109 53 omnem
1414 863 109 53 actum
1487 863 134 53 praeter
1584 863 109 53 actum
1645 863 109 53 credend

1046 908 96 57 quem
1106 908 108 57 habet
1178 908 132 57 fidelis
1274 908 120 57 potest
1358 908 120 57 habere
1442 908 168 57 infidelis.
1574 908 72 57 si
1610 908 108 57 esset
1670 908 96 57 nutri-

1029 950 87 58 tus
1078 950 112 58 inter
1153 950 200 58 christianos:
1316 950 87 58 vel
1366 950 187 58 exercitatus
1515 950 75 58 in
1553 950 175 58 theologia.
1678 950 87 58 patet

1024 988 169 71 inductive.
1157 988 133 71 Secunda
1254 988 97 71 pars
1314 988 121 71 patet.
1399 988 97 71 quia
1460 988 85 71 non
1508 988 157 71 inuenitur
1629 988 73 71 in
1653 988 109 71 scriptu

1025 1031 83 70 ra
1067 1031 110 70 quod
1135 1031 165 70 respectu
1259 1031 207 70 credibilium
1425 1031 96 70 sit
1480 1031 110 70 nisi
1548 1031 124 70 fides
1631 1031 69 70 ⁋
1659 1031 96 70 Ido
1700 1031 55 70 di

1029 1071 74 67 co
1066 1071 98 67 quod
1127 1071 111 67 omnem
1201 1071 148 67 notitiam
1311 1071 148 67 actualem
1422 1071 86 67 tam
1471 1071 160 67 complexam
1594 1071 98 67 quam
1643 1071 111 67 incople

1023 1129 73 52 xam
1064 1129 83 52 pter
1116 1129 94 52 solam
1178 1129 94 52 fidem
1241 1129 83 52 quam
1293 1129 104 52 potest
1366 1129 104 52 habere
1438 1129 125 52 fidelis.
1532 1129 104 52 potest
1605 1129 104 52 habere
1667 1129 83 52 infide

1026 1164 104 59 lis.
1091 1164 65 59 ⁋
1117 1164 118 59 Circa
1196 1164 157 59 secundum
1313 1164 91 59 est
1365 1164 91 59 vna
1418 1164 144 59 opinio.
1522 1164 104 59 quod
1587 1164 157 59 theologi
1692 1164 52 59 e-

1024 1207 119 58 studio
1107 1207 155 58 acquirunt
1226 1207 131 58 aliquem
1322 1207 131 58 habitum
1417 1207 107 58 vltra
1488 1207 119 58 fidem.
1572 1207 83 58 sed
1619 1207 95 58 ille
1667 1207 83 58 habi-

1031 1254 98 70 tus
1087 1254 98 70 non
1143 1254 98 70 est
1200 1254 183 70 adhesiuus
1340 1254 98 70 nec
1396 1254 155 70 aliquem
1509 1254 169 70 assensum
1621 1254 127 70 causans

1030 1290 74 67 in
1067 1290 173 67 intellectu
1203 1290 148 67 respectu
1314 1290 198 67 credibilium.
1475 1290 87 67 sed
1524 1290 87 67 est
1574 1290 173 67 tamtummodo
1698 1290 49 67 de

1028 1338 170 60 claratiuus.
1163 1338 68 60 et
1197 1338 102 60 habet
1265 1338 136 60 rationem
1367 1338 147 60 sapientie
1480 1338 136 60 virtutis
1570 1338 181 60 intellectualis

1024 1377 72 74 de
1060 1377 84 74 qua
1108 1377 168 74 tractatur.
1240 1377 84 74 vi.
1288 1377 168 74 ethicorum.
1421 1377 72 74 et
1457 1377 84 74 est
1505 1377 108 74 lumen
1577 1377 72 74 et
1601 1377 156 74 intelligen-

1019 1420 94 68 tia
1072 1420 80 68 de
1112 1420 94 68 qua
1166 1420 134 68 sancti
1259 1420 147 68 faciunt
1366 1420 187 68 mentionem:
1514 1420 80 68 et
1554 1420 80 68 ad
1594 1420 107 68 quam
1647 1420 94 68 conan

1027 1469 183 62 peruenire
1167 1469 112 62 suis
1238 1469 267 62 disputationibus
1462 1469 84 62 et
1504 1469 211 62 tractatibus
1659 1469 84 62 quos

1017 1516 160 65 componunt.
1142 1516 91 65 Quod
1199 1516 91 65 enim
1257 1516 103 65 alius
1325 1516 126 65 habitus
1417 1516 103 65 vltra
1485 1516 103 65 fidem
1554 1516 171 65 acquiritur.
1679 1516 69 65 pro-

1026 1561 111 64 batur
1100 1561 123 64 primo.
1186 1561 99 64 quia
1248 1561 185 64 intellectus
1396 1561 111 64 agens
1470 1561 136 64 tanquam
1569 1561 111 64 agens
1631 1561 123 64 principa

1026 1598 81 63 le:
1073 1598 69 63 et
1107 1598 196 63 propositiones
1269 1598 69 63 vt
1304 1598 162 63 instrumeta
1431 1598 127 63 causant
1523 1598 127 63 aliquem
1615 1598 127 63 habitum
1696 1598 58 63 in-

1027 1641 193 64 tellectualem:
1185 1641 79 64 sed
1231 1641 79 64 non
1276 1641 113 64 fidem.
1355 1641 91 64 quia
1412 1641 102 64 prius
1480 1641 68 64 de
1514 1641 91 64 illa
1571 1641 136 64 veritate
1662 1641 79 64 fideo

1017 1684 146 68 habebat.
1127 1684 98 68 ergo
1188 1684 122 68 alium.
1273 1684 134 68 Secundo
1371 1684 98 68 quod
1432 1684 110 68 talis
1505 1684 110 68 habet
1578 1684 134 68 aliquem
1664 1684 85 68 actum

1017 1731 116 64 alium
1094 1731 64 64 a
1120 1731 142 64 credere
1223 1731 116 64 circa
1300 1731 180 64 credibile.
1442 1731 103 64 quia
1506 1731 103 64 scit
1571 1731 155 64 rationem
1674 1731 77 64 red-

1013 1771 118 74 dere:
1091 1771 79 74 et
1131 1771 131 74 contra
1222 1771 131 74 impios
1314 1771 183 74 defendere:
1458 1771 79 74 et
1497 1771 79 74 in
1537 1771 157 74 mentibus
1641 1771 105 74 piorum

1024 1819 160 72 roborare:
1147 1819 74 72 et
1184 1819 111 72 loqui
1258 1819 172 72 sapientiam
1393 1819 111 72 inter
1467 1819 172 72 perfectos.
1603 1819 62 72 ⁋
1615 1819 123 72 Preterea

1021 1867 66 71 ex
1054 1867 88 71 tali
1109 1867 110 71 studio
1186 1867 121 71 aliquid
1274 1867 165 71 acquiritur.
1406 1867 110 71 aliter
1483 1867 99 71 esset
1549 1867 110 71 vanum.
1626 1867 88 71 ergo
1670 1867 77 71 actus

1022 1901 81 76 vel
1069 1901 138 76 habitus:
1172 1901 69 76 et
1207 1901 92 76 siue
1265 1901 81 76 sic
1311 1901 92 76 siue
1369 1901 92 76 sic.
1426 1901 162 76 acquiritur
1553 1901 138 76 habitus.
1657 1901 58 76 ⁋
1669 1901 69 76 Quod

1025 1953 99 61 autem
1091 1953 77 61 non
1135 1953 77 61 sit
1179 1953 154 61 adhesiuus.
1300 1953 110 61 patet:
1377 1953 88 61 quia
1431 1953 88 61 tunc
1486 1953 99 61 esset
1552 1953 121 61 opinio.
1640 1953 88 61 quia
1684 1953 55 61 non

1020 1994 120 62 posset
1104 1994 96 62 esse
1164 1994 144 62 scientia
1272 1994 84 62 vel
1320 1994 156 62 sapientia
1439 1994 144 62 respectu
1547 1994 192 62 credibilium.
1691 1994 48 62 et

1014 2051 88 51 per
1065 2051 177 51 consequens
1204 2051 139 51 faceret
1304 2051 139 51 fidelem
1405 2051 164 51 formidare
1531 2051 113 51 circa
1594 2051 139 51 veritates

1012 2093 190 48 theologicas.
1167 2093 60 48 ⁋
1191 2093 95 48 Quod
1250 2093 107 48 autem
1322 2093 83 48 sit
1369 2093 202 48 declaratiuus.
1536 2093 119 48 patet:
1619 2093 95 48 quia
1667 2093 71 48 habi

1007 2134 103 56 tus.
1072 2134 103 56 quae
1136 2134 116 56 facit
1213 2134 142 56 aliquid
1316 2134 167 56 ymaginari
1445 2134 129 56 melius
1535 2134 90 56 per
1574 2134 167 56 intellectum

1015 2170 139 61 absque
1112 2170 111 61 omni
1181 2170 180 61 adhesione
1320 2170 97 61 est
1376 2170 152 61 habitus
1486 2170 236 61 declaratiuus.
1667 2170 69 61 fa-

1018 2220 96 52 cit
1073 2220 110 52 enim
1142 2220 178 52 termiorum
1278 2220 246 52 explicationem.
1484 2220 164 52 rationum
1593 2220 151 52 inuoluem-

1022 2259 110 62 tium
1091 2259 248 62 dissolutionem.
1298 2259 152 62 exempla
1409 2259 83 62 et
1450 2259 248 62 manuductiones.
1643 2259 97 62 ratio

1015 2305 101 55 num
1072 2305 216 55 probabilium
1245 2305 201 55 adminicula
1403 2305 86 55 et
1446 2305 230 55 inductiones.
1633 2305 72 55 ⁋
1648 2305 86 55 Quod

1019 2347 111 67 habeat
1096 2347 100 67 autem
1163 2347 133 67 rationem
1263 2347 155 67 sapientie.
1385 2347 111 67 patet:
1462 2347 89 67 quia
1517 2347 111 67 metha.
1595 2347 100 67 habet
1650 2347 89 67 ratio-

1013 2392 88 64 nem
1064 2392 176 64 sapientie.
1202 2392 75 64 et
1239 2392 113 64 tamen
1315 2392 138 64 quantum
1415 2392 75 64 ad
1452 2392 138 64 aliquos
1553 2392 100 64 suos
1616 2392 113 64 actus
1678 2392 63 64 est

1005 2431 134 67 tantum
1099 2431 215 67 declaratiua.
1273 2431 67 67 ⁋
1300 2431 94 67 Sed
1354 2431 107 67 ista
1421 2431 134 67 opinio
1515 2431 121 67 falsa
1595 2431 94 67 est
1649 2431 81 67 vt
1676 2431 67 67 vi-

1011 2478 152 60 detur.
1117 2478 122 60 quia
1194 2478 168 60 quamuis
1316 2478 168 60 aliquis
1437 2478 168 60 habitus
1544 2478 183 60 acquiritur

1005 2523 134 61 tamen
1094 2523 119 61 ille
1169 2523 164 61 habitus
1288 2523 104 61 non
1348 2523 134 61 habet
1437 2523 179 61 rationem
1556 2523 179 61 sapientie.

1005 2564 125 66 quia
1084 2564 141 66 sicut
1178 2564 94 66 ex
1225 2564 157 66 dictis
1334 2564 157 66 patet.
1444 2564 141 66 omuem
1538 2564 172 66 habitum
1648 2564 94 66 quem
