2274 3082
278 165 63 99 ⁋
304 165 76 99 Ad
342 165 114 99 aliud
418 165 127 99 quando
507 165 140 99 dicitur
608 165 102 99 quod
672 165 140 99 habitus
773 165 228 99 intellectuales
951 165 76 99 veri

294 222 104 88 dici
359 222 104 88 sunt
424 222 130 88 tantum
515 222 143 88 quique.
619 222 104 88 Dico
685 222 104 88 quod
750 222 156 88 habituum
854 222 169 88 veridicorum

292 264 178 87 naturaliter
434 264 189 87 acquisitorum
588 264 95 87 sunt
647 264 118 87 tantum
730 264 118 87 quique
813 264 130 87 genera:
908 264 95 87 quae
955 264 71 87 enu-

284 315 87 77 merat
342 315 155 77 philosophus.
468 315 68 77 vi.
507 315 87 77 ethi.
565 315 77 77 quia
613 315 116 77 secundum
701 315 145 77 philosophum
817 315 87 77 fides
875 315 116 77 secundum
952 315 68 77 totum

283 353 119 90 abitum
366 353 95 90 suum
426 353 83 90 non
473 353 83 90 est
521 353 131 90 habitus
616 353 166 90 veridicus:
747 353 95 90 quia
806 353 119 90 potest
889 353 95 90 esse
937 353 83 90 respe

289 409 74 67 ctu
332 409 128 67 falsorum
428 409 96 67 sicut
491 409 117 67 verorum
576 409 128 67 secundum
672 409 85 67 eum.
725 409 96 67 tamen
789 409 117 67 praeter
874 409 96 67 illum
927 409 96 67 habitum

278 442 83 77 est
326 442 131 77 aliquis
421 442 131 77 habitus
516 442 154 77 veridicus
634 442 95 77 quia
694 442 95 77 sibi
753 442 83 77 non
800 442 119 77 potest
883 442 119 77 subeem
955 442 59 77 fal

282 484 103 80 sum:
347 484 77 80 et
385 484 168 80 huiusmodi
514 484 90 80 est
566 484 116 80 fides
643 484 155 80 respectu
759 484 193 80 credibilium
901 484 103 80 theolo

273 539 145 72 gicorum:
382 539 97 72 siue
442 539 85 72 sit
491 539 121 72 infusa
575 539 97 72 siue
636 539 157 72 acquisita
757 539 61 72 ⁋
781 539 121 72 Aliter
866 539 121 72 potest
938 539 73 72 dici

284 582 87 67 quod
339 582 163 67 philosophus
469 582 109 67 tantum
545 582 131 67 loquitur
643 582 65 67 de
676 582 141 67 habitibus
784 582 163 67 euidentibus
915 582 65 67 et
937 582 65 67 cer-

281 624 112 71 tis:
351 624 139 71 qualis
448 624 98 71 non
504 624 98 71 est
560 624 181 71 theologia
699 624 167 71 respectu
811 624 195 71 credibilium:

282 663 84 82 qui
330 663 84 82 non
378 663 84 82 est
426 663 144 82 euidens:
534 663 132 82 quamuis
630 663 84 82 sit
679 663 120 82 certus
763 663 60 82 ⁋
787 663 84 82 Per
835 663 84 82 hoc
883 663 108 82 patet
955 663 72 82 ad

271 709 190 70 argumentum
421 709 136 70 primum
516 709 150 70 secunde
625 709 190 70 opinionis:
774 709 109 70 quod
829 709 163 70 theologia-

264 750 134 78 quantum
361 750 73 78 ad
398 750 109 78 omnem
470 750 134 78 habitum
568 750 182 78 iudicatiuum
713 750 85 78 est
762 750 146 78 scientia
871 750 85 78 vel
908 750 85 78 fides

252 805 97 70 etc.
312 805 73 70 Et
349 805 121 70 quando
433 805 133 70 dicitur
530 805 97 70 quod
591 805 109 70 fidei
663 805 73 70 et
700 805 157 70 theologie
821 805 97 70 sunt
869 805 133 70 distincti

260 835 125 79 actus.
348 835 100 79 Dico
411 835 100 79 quod
474 835 75 79 ad
511 835 113 79 omnes
586 835 113 79 illos
662 835 113 79 actus
737 835 138 79 praeter
837 835 150 79 credere:
937 835 63 79 suf

264 879 128 82 ficiunt
357 879 128 82 habitus
450 879 174 82 apphensiui:
590 879 81 82 cum
636 879 128 82 notitia
729 879 232 82 consequentiarum:
915 879 81 82 sicut

256 932 84 70 per
304 932 191 70 experientiam
459 932 119 70 patet.
542 932 72 70 Et
578 932 72 70 si
614 932 131 70 dicatur
710 932 95 70 quod
769 932 107 70 talis
841 932 131 70 habitus
924 932 60 70 est

247 971 152 74 habitus
358 971 194 74 logicalis.
510 971 111 74 Dico
579 971 111 74 quod
649 971 83 74 ad
690 971 152 74 logicam
801 971 97 74 non
843 971 138 74 pertinet

243 1013 93 82 scire
305 1013 176 82 consequentias
450 1013 62 82 in
481 1013 166 82 particulari:
616 1013 73 82 sed
657 1013 104 82 tantum
730 1013 114 82 naturam
803 1013 176 82 consequentiarum

243 1056 68 75 in
277 1056 148 75 generali:
391 1056 68 75 et
425 1056 91 75 ideo
482 1056 102 75 omnis
550 1056 137 75 scientia
652 1056 114 75 vtitur
732 1056 114 75 logica
811 1056 114 75 tamque
880 1056 102 75 instru-

245 1102 103 76 meto
309 1102 90 76 quo
361 1102 154 76 mediante
477 1102 167 76 cognoscit
605 1102 103 76 suas
669 1102 219 76 consequentias
849 1102 77 76 in
875 1102 103 76 parti-

250 1147 129 78 culari:
344 1147 106 78 sicut
414 1147 129 78 logicus
508 1147 82 78 non
555 1147 106 78 habet
626 1147 164 78 cognoscere
754 1147 106 78 istam
813 1147 176 78 consequentiam

250 1189 96 77 esse
310 1189 121 77 bonam:
395 1189 108 77 terra
467 1189 193 77 interponitur
624 1189 108 77 inter
696 1189 108 77 solem
768 1189 72 77 et
804 1189 121 77 lunam:
889 1189 96 77 ergo
937 1189 48 77 lu

241 1235 84 72 na
283 1235 211 72 eclipsatur:
452 1235 98 72 sed
508 1235 98 72 hoc
564 1235 169 72 pertinet
691 1235 84 72 ad
733 1235 211 72 astrologum.
902 1235 70 72 ⁋
916 1235 56 72 Ad

246 1278 110 79 aliud
319 1278 110 79 dico:
393 1278 98 79 quod
454 1278 110 79 illud
527 1278 122 79 scitur
613 1278 171 79 euidenter:
747 1278 73 79 de
784 1278 86 79 quo
833 1278 122 79 scitur
907 1278 73 79 eui-

240 1318 118 73 dentur
323 1318 94 73 quod
381 1318 71 73 ad
417 1318 106 73 ipsum
487 1318 82 73 non
534 1318 141 73 sequitur
640 1318 177 73 impossibile
782 1318 59 73 ⁋
805 1318 82 73 hoc
852 1318 106 73 autem
911 1318 59 73 non

243 1363 115 73 scitur
324 1363 69 73 in
359 1363 150 73 proposito
474 1363 69 73 de
509 1363 115 73 aliqua
589 1363 185 73 propositione
739 1363 161 73 credibili.
866 1363 92 73 Unde
912 1363 58 73 non

238 1407 98 71 scitur
307 1407 127 71 euidenter
404 1407 78 71 quod
453 1407 127 71 credibile
550 1407 68 71 non
589 1407 68 71 est
628 1407 137 71 antecedens
736 1407 59 71 in
765 1407 156 71 consequentia
892 1407 59 71 in
911 1407 49 71 est

228 1447 144 80 infertur
336 1447 192 80 impossibile.
492 1447 72 80 Et
528 1447 120 80 quando
611 1447 144 80 dicitur:
719 1447 96 80 quod
779 1447 96 80 omne
827 1447 144 80 argumentum

233 1496 142 76 peccat
332 1496 85 76 in
374 1496 156 76 materia
488 1496 99 76 vel
544 1496 85 76 in
587 1496 142 76 forma.
686 1496 156 76 concedo
799 1496 156 76 quamuis
898 1496 71 76 hoc

229 1548 95 72 non
284 1548 135 72 possit
378 1548 122 72 sciri
460 1548 190 72 euidenter.
609 1548 108 72 Unde
677 1548 122 72 illud
758 1548 203 72 argumentum:
907 1548 54 72 es

236 1580 126 89 sentia
325 1580 126 89 diuina
413 1580 88 89 est
463 1580 126 89 pater:
551 1580 151 89 essentia
665 1580 126 89 diuina
753 1580 88 89 est
803 1580 139 89 filius:
891 1580 76 89 ergo

243 1625 125 75 filius
331 1625 88 75 est
381 1625 125 75 pater:
469 1625 125 75 peccat
557 1625 75 75 in
595 1625 125 75 forma:
682 1625 75 75 et
720 1625 113 75 tamen
795 1625 125 75 nullus
883 1625 75 75 de
908 1625 63 75 con

237 1669 105 76 lege
302 1669 131 76 potest
394 1669 170 76 euidenter
525 1669 118 76 scire
604 1669 105 76 quod
670 1669 118 76 illud
748 1669 184 76 argumentum
879 1669 79 76 pec-

240 1714 99 82 cat
296 1714 84 82 in
338 1714 141 82 forma:
437 1714 99 82 sic
493 1714 141 82 nullus
592 1714 141 82 potest
690 1714 183 82 euidenter
817 1714 155 82 cognosce-

240 1758 73 83 re
276 1758 73 83 de
313 1758 134 83 communi
411 1758 110 83 lege:
484 1758 98 83 quod
545 1758 86 83 vna
594 1758 86 83 res
643 1758 147 83 absoluta
753 1758 86 83 est
802 1758 122 83 plures
875 1758 86 83 perso

227 1801 78 85 ne
266 1801 156 85 relatiue
383 1801 169 85 distincte
512 1801 169 85 realiter.
642 1801 169 85 Similiter
772 1801 117 85 istud
836 1801 130 85 argumen-

224 1849 104 81 tum
284 1849 148 81 peccat
387 1849 89 81 in
432 1849 178 81 materia.
565 1849 119 81 Deus
639 1849 104 81 est
699 1849 223 81 immortalis.
862 1849 89 81 nul-

225 1888 83 85 lus
272 1888 95 85 homo
332 1888 83 85 est
379 1888 107 85 deus:
450 1888 95 85 ergo
509 1888 118 85 nullus
592 1888 95 85 homo
651 1888 83 85 est
699 1888 178 85 immortalis:
841 1888 95 85 quia
888 1888 59 85 ac-

221 1933 117 73 cipit
299 1933 142 73 minorem
402 1933 129 73 falsa.
493 1933 78 73 et
532 1933 117 73 tamen
609 1933 129 73 nullus
700 1933 168 73 theologus
829 1933 78 73 de
855 1933 91 73 connt

219 1973 98 78 lege
280 1973 123 78 potest
366 1973 160 78 euidenter
489 1973 111 78 scire
563 1973 98 78 quod
624 1973 98 78 illa
686 1973 111 78 minor
760 1973 86 78 est
809 1973 123 78 falsa:
883 1973 61 78 sed

228 2024 124 72 tantum
314 2024 124 72 credit
401 2024 99 72 quod
462 2024 86 72 est
512 2024 124 72 falsa.
598 2024 62 72 ⁋
623 2024 74 72 Ad
660 2024 161 72 secundum:
783 2024 99 72 nego
833 2024 111 72 maiorem

214 2058 88 88 De
258 2058 102 88 qua
317 2058 161 88 patebit
434 2058 88 88 in
477 2058 117 88 alia
550 2058 248 88 quaestitione.
755 2058 73 88 ⁋
784 2058 117 88 Dico
843 2058 102 88 etiam

228 2108 99 76 quod
289 2108 111 76 minor
364 2108 86 76 est
413 2108 124 76 falsa.
499 2108 99 76 quia
561 2108 99 76 deus
623 2108 86 76 non
672 2108 124 76 potest
759 2108 148 76 cognosci
870 2108 62 76 a
882 2108 62 76 no-

226 2156 87 75 bis
275 2156 75 75 in
313 2156 87 75 via
363 2156 87 75 sub
412 2156 137 75 propria
512 2156 137 75 ratione
612 2156 162 75 deitatis:
736 2156 87 75 ita
786 2156 100 75 quod
848 2156 100 75 illa
898 2156 50 75 co

226 2196 170 76 gnitione
353 2196 170 76 simplici
481 2196 113 76 ipsa
552 2196 113 76 sola
622 2196 212 76 cognoscatur
792 2196 71 76 ⁋
821 2196 85 76 Ad
849 2196 85 76 pri-

219 2248 97 70 mam
274 2248 207 70 probationem
440 2248 124 70 dico:
523 2248 110 70 quod
592 2248 83 70 in
633 2248 110 70 fine
702 2248 179 70 discursus
827 2248 110 70 statur

210 2281 77 87 ad
249 2281 103 87 vnum
313 2281 167 87 complexum
442 2281 103 87 quod
506 2281 90 87 fit
558 2281 116 87 notum
635 2281 90 87 per
686 2281 167 87 discursum
815 2281 77 87 et
841 2281 90 87 prius

221 2328 100 78 erat
284 2328 151 78 ignotum:
397 2328 113 78 cuius
472 2328 113 78 tamen
548 2328 113 78 omnes
623 2328 138 78 termini
723 2328 113 78 prius
799 2328 125 78 essent
874 2328 50 78 no

210 2381 79 72 ti
249 2381 144 72 notitia
354 2381 197 72 inconplexa.
511 2381 105 72 Unde
577 2381 92 72 cum
629 2381 170 72 discursus
761 2381 92 72 sit
800 2381 131 72 praecise

213 2415 115 79 inter
290 2415 166 79 complexa:
417 2415 89 79 per
468 2415 166 79 discursum
596 2415 115 79 nullo
672 2415 102 79 modo
736 2415 178 79 acquiritur
863 2415 64 79 no-

222 2463 113 73 titia
298 2463 176 73 incomplexa
436 2463 188 73 cuiuscumque
586 2463 151 73 termini.
699 2463 100 73 quia
762 2463 163 73 quaelibet
875 2463 50 73 ta

214 2501 88 83 lis
265 2501 227 83 praesupponitur
454 2501 101 83 ante
517 2501 113 83 finem
593 2501 177 83 discursus:
731 2501 88 83 nec
782 2501 113 83 etiam
845 2501 88 83 noti-

209 2549 89 84 tia
260 2549 177 84 apphensiua
399 2549 152 84 complexi
513 2549 190 84 acquiritur:
665 2549 101 84 quia
728 2549 101 84 illa
792 2549 127 84 potest
868 2549 63 84 pre

1131 197 122 108 haberi
1216 197 85 108 sed
1265 197 146 108 praecise
1374 197 85 108 per
1423 197 158 108 discursum
1545 197 170 108 acquiritur
1679 197 134 108 notitia
1764 197 73 108 iudi

1117 261 150 91 catiua.
1226 261 122 91 Uerbi
1308 261 150 91 gratia:
1417 261 95 91 qui
1471 261 109 91 vult
1539 261 190 91 discurrere
1688 261 68 91 a
1702 261 136 91 creaturi

1115 304 76 91 ad
1153 304 101 91 deum
1216 304 151 91 secundum
1330 304 113 91 eorum
1405 304 113 91 modum
1481 304 151 91 loquendi
1594 304 202 91 praesupponit
1746 304 88 91 noti-

1116 347 97 97 tiam
1176 347 181 97 incomplexam
1321 347 72 97 et
1357 347 84 97 dei
1406 347 72 97 et
1442 347 157 97 creature:
1562 347 97 97 quid
1623 347 193 97 significatur
1768 347 60 97 per

1122 401 150 76 vtrumque
1234 401 162 76 terminum.
1359 401 125 76 Potest
1446 401 112 76 etiam
1521 401 162 76 quaelibet
1646 401 162 76 complexio
1758 401 75 76 for-

1110 438 103 85 mari
1175 438 103 85 ante
1239 438 181 85 discursum:
1382 438 78 85 et
1420 438 90 85 ita
1472 438 116 85 omnis
1550 438 142 85 notitia
1640 438 181 85 inconplexim.

1114 486 99 88 etiam
1180 486 99 88 omnis
1247 486 99 88 actus
1313 486 188 88 apprehensiuus
1467 486 110 88 potest
1545 486 166 88 praecedere:
1677 486 66 88 et
1711 486 77 88 non
1744 486 77 88 acqui

1106 524 124 94 ritur:
1193 524 87 94 sed
1242 524 174 94 acquiritur
1379 524 137 94 notitia
1479 524 87 94 qua
1528 524 174 94 assentitur
1665 524 100 94 huic
1715 524 112 94 comple-

1093 570 98 92 xo:
1149 570 112 92 deus
1219 570 98 92 est
1275 570 98 92 ens
1331 570 196 92 infinitum:
1485 570 98 92 vel
1541 570 154 92 aliquid
1653 570 98 92 est
1709 570 98 92 ens
1751 570 70 92 sum

1104 617 108 89 mum:
1171 617 95 89 vel
1225 617 135 89 alicui
1320 617 108 89 tali
1387 617 68 89 ⁋
1414 617 81 89 Ad
1455 617 162 89 secundam
1576 617 203 89 probationem
1725 617 95 89 dico:

1103 655 99 90 quod
1165 655 186 90 intellectus
1313 655 173 90 distinguit
1449 655 111 90 inter
1524 655 99 90 deum
1586 655 74 90 et
1623 655 173 90 creaturas.
1747 655 74 90 quia

1097 703 113 83 habet
1173 703 101 83 vnum
1236 703 164 83 conceptum
1362 703 176 83 compositum
1500 703 164 83 proprium:
1626 703 76 83 et
1664 703 76 83 ab
1702 703 101 83 illo
1752 703 63 83 ne-

1090 745 95 82 gat
1145 745 122 82 omnem
1226 745 189 82 creaturam.
1374 745 122 82 Uerbi
1456 745 108 82 gra:
1523 745 203 82 intellectus
1685 745 95 82 per
1726 745 81 82 dis-

1089 794 128 81 cursum
1179 794 166 81 concludit
1307 794 141 81 aliquod
1409 794 90 81 ens
1460 794 102 81 esse
1524 794 141 81 finitum
1626 794 128 81 primum
1716 794 77 81 et
1741 794 77 81 sum-

1084 831 99 88 mum:
1146 831 74 88 et
1183 831 99 88 tunc
1245 831 112 88 habet
1319 831 161 88 conceptum
1443 831 112 88 istum
1517 831 149 88 proprium
1629 831 99 88 deo:
1691 831 87 88 ens
1728 831 87 88 insi-

1089 873 109 93 nitum
1161 873 72 93 et
1198 873 133 93 summum.
1294 873 72 93 et
1330 873 97 93 scit
1391 873 97 93 quod
1451 873 109 93 nulla
1523 873 145 93 creatura
1632 873 84 93 est
1668 873 145 93 huiusmodi.

1085 921 105 95 ideo
1151 921 184 95 distinguit
1295 921 118 95 istud
1374 921 92 95 ens
1426 921 79 95 ab
1466 921 105 95 omni
1531 921 118 95 alio.
1610 921 66 95 ⁋
1636 921 79 95 Et
1676 921 79 95 si
1702 921 92 95 quae-

1074 970 116 81 ratur:
1156 970 104 81 quare
1225 970 93 81 tunc
1283 970 93 81 plus
1341 970 185 81 intelligitur
1492 970 93 81 deus
1550 970 93 81 quam
1608 970 104 81 ante:
1677 970 70 81 ex
1712 970 81 81 quo
1747 970 46 81 no

1081 1004 99 89 habet
1147 1004 88 89 nisi
1202 1004 88 89 vnum
1257 1004 143 89 conceptum
1367 1004 165 89 compositum:
1500 1004 77 89 qui
1544 1004 77 89 non
1588 1004 77 89 est
1632 1004 88 89 deus
1676 1004 121 89 realiter.

1134 1048 160 92 Respondeo:
1260 1048 92 92 quod
1317 1048 92 92 tunc
1374 1048 92 92 deus
1431 1048 195 92 intelligitur.
1592 1048 92 92 quia
1649 1048 126 92 habetur
1729 1048 69 92 vnus

1073 1095 172 85 conceptus
1205 1095 172 85 proprius:
1337 1095 119 85 natus
1416 1095 92 85 pro
1469 1095 106 85 solo
1535 1095 92 85 deo
1588 1095 185 85 supponere:
1720 1095 66 85 nec

1082 1137 93 89 est
1135 1137 120 89 natus
1215 1137 133 89 aliter
1308 1137 160 89 cegnosci
1428 1137 67 89 a
1454 1137 120 89 nobis
1534 1137 80 89 in
1574 1137 93 89 via
1627 1137 80 89 ex
1667 1137 120 89 puris
1734 1137 53 89 na

1071 1178 185 102 turalibus.
1216 1178 79 102 et
1256 1178 106 102 deus
1322 1178 93 102 non
1375 1178 159 102 terminat
1494 1178 172 102 immediate
1626 1178 119 102 actum
1692 1178 93 102 intel

1071 1225 125 88 ligendi
1161 1225 125 88 nostrum
1252 1225 79 88 pro
1297 1225 102 88 statu
1365 1225 102 88 isto:
1434 1225 79 88 sed
1479 1225 113 88 tantum
1558 1225 91 88 ille
1615 1225 147 88 conceptus
1717 1225 68 88 imme

1073 1265 113 94 diate
1149 1265 164 94 terminat.
1275 1265 76 94 Et
1313 1265 88 94 hoc
1363 1265 88 94 est
1413 1265 101 94 quod
1476 1265 113 94 dicit
1552 1265 126 94 beatus
1640 1265 113 94 Sreg.
1703 1265 88 94 super

1078 1320 204 77 exechielem.
1242 1320 231 77 Quantumcumque
1432 1320 109 77 mens
1500 1320 136 77 nostra
1595 1320 82 77 in
1623 1320 163 77 conteplati

1070 1359 84 88 one
1118 1359 84 88 dei
1166 1359 180 88 profecerit:
1310 1359 84 88 non
1358 1359 72 88 ad
1394 1359 108 88 illud
1467 1359 96 88 quod
1527 1359 96 88 ipse
1587 1359 84 88 est
1635 1359 84 88 sed
1683 1359 72 88 ad
1707 1359 72 88 ali-

1070 1398 101 89 quid
1133 1398 101 89 quod
1196 1398 88 89 sub
1247 1398 101 89 ipso
1310 1398 88 89 est
1360 1398 164 89 attinget.
1486 1398 63 89 ⁋
1511 1398 76 89 Et
1549 1398 113 89 istud
1624 1398 88 89 est
1662 1398 126 89 dicendum

1063 1444 71 94 si
1099 1444 143 94 teneatur
1206 1444 95 94 quod
1265 1444 154 94 conceptus
1384 1444 83 94 non
1431 1444 83 94 est
1479 1444 178 94 intellectio
1622 1444 83 94 vel
1657 1444 119 94 cognitio

1065 1484 82 96 sed
1112 1484 129 96 aliquid
1206 1484 118 96 fictum
1289 1484 82 96 per
1336 1484 106 96 actum
1406 1484 200 96 intelligendi:
1571 1484 118 96 habens
1653 1484 94 96 tale
1700 1484 71 96 esse

1058 1532 179 88 obiectiuum
1199 1532 115 88 quale
1275 1532 115 88 habet
1352 1532 89 88 res
1403 1532 77 88 in
1441 1532 102 88 esse
1505 1532 191 88 subiectiuo.
1645 1532 128 88 Secundum

1061 1576 103 91 autem
1129 1576 149 91 opinionem
1244 1576 92 91 quae
1301 1576 103 91 ponit
1370 1576 92 91 quod
1427 1576 149 91 conceptus
1541 1576 195 91 praedicabilis
1701 1576 69 91 de
1724 1576 46 91 re

1052 1622 70 91 non
1092 1622 70 91 pro
1132 1622 60 91 se
1162 1622 70 91 sed
1202 1622 70 91 pro
1242 1622 60 91 re
1272 1622 70 91 est
1312 1622 80 91 ipsa
1362 1622 160 91 intellectio:
1491 1622 60 91 et
1521 1622 80 91 quod
1571 1622 150 91 vniversalia
1681 1622 80 91 omnia-

1054 1661 109 90 sunt
1122 1661 136 90 quadam
1218 1661 245 90 intellectiones
1422 1661 191 90 inherentes
1572 1661 136 90 menti.
1653 1661 123 90 videtur

1055 1711 93 83 esse
1114 1711 151 83 dicendum:
1230 1711 93 83 quod
1288 1711 117 83 quando
1370 1711 175 83 intellectus
1510 1711 82 83 sic
1556 1711 163 83 distinguit
1684 1711 70 83 vt
1708 1711 58 83 co-

1049 1752 156 89 gnoscat
1162 1752 99 89 deu
1219 1752 85 89 et
1261 1752 99 89 non
1318 1752 141 89 aliud:
1417 1752 170 89 peruenit
1544 1752 85 89 ad
1586 1752 113 89 vnum
1643 1752 127 89 composi

1051 1800 85 78 tum
1100 1800 73 78 ex
1136 1800 122 78 multis
1221 1800 256 78 intellectionibus:
1441 1800 122 78 quarum
1526 1800 158 78 quaelibet
1636 1800 134 78 separatim

1044 1839 77 79 ita
1088 1839 177 79 intelligitur
1232 1839 122 79 aliquod
1320 1839 99 79 aliud
1386 1839 55 79 a
1409 1839 88 79 deo:
1464 1839 99 79 sicut
1530 1839 88 79 ipse
1585 1839 99 79 deus.
1652 1839 99 79 tamen
1707 1839 55 79 il-

1043 1878 74 90 lo
1080 1878 99 90 toto
1142 1878 161 90 composito
1266 1878 74 90 ex
1303 1878 136 90 omnibus
1402 1878 111 90 illis
1476 1878 248 90 intellectionibus
1674 1878 87 90 simul

1049 1921 124 92 iunctis
1139 1921 79 92 non
1184 1921 180 92 intelligitur
1330 1921 90 92 nisi
1387 1921 101 92 deus:
1454 1921 68 92 et
1488 1921 79 92 ita
1533 1921 90 92 tunc
1589 1921 113 92 illius
1657 1921 90 92 totius

1036 1967 113 81 solus
1112 1967 100 81 deus
1174 1967 88 81 est
1224 1967 163 81 obiectum:
1350 1967 75 81 et
1387 1967 113 81 nihil
1462 1967 125 81 aliud.
1550 1967 75 81 Et
1588 1967 100 81 tali
1638 1967 125 81 intelle-

1039 2017 109 80 ctione
1116 2017 142 80 composita
1225 2017 109 80 quarum
1301 2017 142 80 quaelibet
1410 2017 76 80 est
1454 2017 131 80 communis
1552 2017 76 80 deo
1596 2017 66 80 at
1629 2017 109 80 aliis.
1694 2017 55 80 non

1039 2057 74 87 est
1082 2057 170 87 inconueniens
1220 2057 74 87 deo
1262 2057 85 87 quin
1315 2057 95 87 solus
1379 2057 85 87 deus
1431 2057 170 87 intelligatur
1569 2057 74 87 ea:
1612 2057 74 87 sed
1654 2057 95 87 talis
1707 2057 53 87 in-

1036 2102 183 89 tellectio
1176 2102 98 89 non
1233 2102 168 89 sufficit
1359 2102 84 89 ad
1401 2102 183 89 veritates
1541 2102 211 89 theologicas
1696 2102 56 89 ha

1025 2141 137 98 bendas.
1124 2141 62 98 ⁋
1149 2141 87 98 Sed
1199 2141 87 98 con
1249 2141 112 98 illud
1324 2141 75 98 vr
1361 2141 187 98 auctoritase
1511 2141 112 98 beati
1586 2141 112 98 Sreg.
1648 2141 100 98 prial-

1038 2186 123 87 legata:
1127 2186 90 87 quia
1183 2186 134 87 secundum
1284 2186 101 87 istum
1351 2186 101 87 modum
1418 2186 90 87 mens
1474 2186 112 87 tantum
1553 2186 112 87 posset
1631 2186 67 87 in
1653 2186 90 87 coten-

1028 2228 157 85 platione
1145 2228 183 85 proficere:
1289 2228 104 85 quod
1354 2228 78 85 ad
1394 2228 118 85 ipsam
1472 2228 157 85 deitatem
1576 2228 170 85 attingeret:

1030 2282 71 76 et
1066 2282 83 76 per
1113 2282 165 76 consequens
1243 2282 83 76 non
1290 2282 106 76 solum
1361 2282 153 76 attigeret
1478 2282 71 76 ad
1514 2282 106 76 illud
1585 2282 94 76 quod
1644 2282 83 76 sub
1679 2282 59 76 deo

1031 2313 83 99 est.
1082 2313 104 99 Potest
1155 2313 83 99 dici
1207 2313 124 99 secundum
1300 2313 93 99 istam
1362 2313 145 99 opinionem:
1476 2313 83 99 quod
1528 2313 124 99 intentio
1621 2313 93 99 beati
1673 2313 72 99 gregl

1031 2371 84 86 est:
1083 2371 84 86 quod
1135 2371 84 86 mens
1188 2371 115 86 numquam
1272 2371 63 86 de
1303 2371 115 86 communi
1387 2371 84 86 lege
1440 2371 105 86 tantum
1513 2371 105 86 potest
1587 2371 136 86 proficere
1681 2371 63 86 quin

1026 2407 122 92 semper
1111 2407 147 92 deueniet
1221 2407 73 92 ad
1258 2407 110 92 illud
1331 2407 98 92 quod
1392 2407 85 92 sub
1441 2407 85 92 deo
1490 2407 98 92 est:
1551 2407 98 92 quia
1612 2407 122 92 nullam
1685 2407 49 92 co

1018 2456 147 78 gnitionem
1131 2456 113 78 potest
1210 2456 113 78 habere
1289 2456 68 78 de
1322 2456 124 78 communi
1413 2456 90 78 lege
1469 2456 68 78 in
1503 2456 79 78 via
1548 2456 90 78 quin
1605 2456 90 78 illa
1650 2456 90 78 cogni-

1015 2503 119 84 tione
1094 2503 92 84 vel
1147 2503 119 84 parte
1226 2503 132 84 ipsius
1318 2503 211 84 intelligatur
1489 2503 92 84 ita
1542 2503 119 84 aliud
1621 2503 66 84 a
1648 2503 92 84 deo
1687 2503 53 84 si

1011 2546 103 80 cut
1070 2546 132 80 deus:
1158 2546 88 80 et
1202 2546 103 80 ita
1261 2546 162 80 nunquam
1379 2546 176 80 attingit
1511 2546 88 80 ad
1555 2546 132 80 illud
1643 2546 118 80 quod

1001 2591 106 84 deus
1067 2591 93 84 est
1120 2591 159 84 precise:
1240 2591 93 84 sed
1293 2591 120 84 etiam
1373 2591 80 84 ad
1412 2591 120 84 illud
1492 2591 106 84 quod
1558 2591 93 84 sub
1612 2591 93 84 deo
1651 2591 80 84 est.
