2256 3089
622 67 361 114 sperologi-

491 168 115 70 circa
568 168 178 70 principium
708 168 102 70 quam
772 168 140 70 habitus
874 168 166 70 principii
1001 168 76 70 et
1027 168 178 70 conclusionis

475 225 174 52 generati
605 225 87 52 ex
649 225 145 52 multis
750 225 174 52 actibus.
881 225 116 52 ergo
953 225 116 52 isti
1026 225 145 52 gradus
1113 225 102 52 minus

481 274 199 45 differunt.
637 274 85 45 et
679 274 99 45 per
736 274 199 45 consequens
892 274 170 45 effectus
1020 274 99 45 non
1076 274 128 45 minus
1147 274 57 45 di

485 306 222 54 stinguentur.
665 306 111 54 ergo
735 306 83 54 si
776 306 97 54 duo
832 306 139 54 gradus
929 306 166 54 generati
1054 306 83 54 ex
1081 306 125 54 talibus

484 354 126 50 circa
568 354 197 50 principium
723 354 98 50 non
779 354 154 50 possunt
891 354 84 50 in
933 354 126 50 tales
1017 354 126 50 actus
1088 354 126 50 distin-

480 401 121 56 ctos
555 401 166 56 specie.
676 401 106 56 nec
736 401 166 56 habitus
857 401 151 56 geniti
963 401 91 56 ex
1008 401 166 56 actibus
1113 401 91 56 cir-

476 441 78 56 ca
515 441 181 56 principium
658 441 78 56 et
696 441 117 56 circa
774 441 220 56 conclusionem:
956 441 104 56 quod
1021 441 91 56 est
1072 441 130 56 contra
1150 441 52 56 ex

485 485 185 53 perientiam
630 485 66 53 ⁋
657 485 199 53 Confirmatur
816 485 106 53 quia
882 485 159 53 quicquid
1001 485 159 53 repugnat
1107 485 106 53 alicui

480 541 132 42 forme
569 541 162 42 remisse
686 541 132 42 sicut
774 541 221 42 contrarium:
951 541 132 42 multo
1039 541 132 42 magis
1113 541 88 42 repu

486 584 104 49 gnat
551 584 117 49 forme
630 584 144 49 eiusdem
734 584 157 49 rationis
851 584 157 49 intense.
969 584 104 49 ergo
1034 584 78 49 si
1073 584 117 49 error
1139 584 78 49 cir-

483 619 88 56 ca
527 619 162 56 aliquam
645 619 235 56 conclusionem
836 619 177 56 repugnat
969 619 162 56 habitui
1072 619 132 56 remisso

476 671 163 51 generato
599 671 82 51 ex
640 671 150 51 actibus
749 671 163 51 diuersis
871 671 150 51 sciendi
980 671 123 51 illam
1048 671 150 51 conclusio

482 705 136 55 nem.
567 705 153 55 multo
669 705 153 55 magis
772 705 239 55 repugnabit
959 705 188 55 habitui
1079 705 136 55 multum

473 743 163 63 intenso
592 743 178 63 generato
725 743 89 63 ex
769 743 148 63 multis
873 743 178 63 respectu
1006 743 192 63 principii
1139 743 59 63 si

479 795 107 56 illi
546 795 147 56 habitus
653 795 107 56 sint
719 795 147 56 eiusdem
826 795 174 56 rationis.
960 795 94 56 sed
1014 795 174 56 cosequens
1134 795 67 56 est

479 838 167 58 manifeste
608 838 141 58 falsum.
711 838 103 58 ergo
775 838 77 58 et
813 838 193 58 antecedens.
968 838 64 58 ⁋
993 838 167 58 Preterea.
1109 838 103 58 semper

483 880 107 59 stat
550 880 202 59 argumentum:
711 880 107 59 quod
778 880 81 59 si
818 880 134 59 gradus
912 880 107 59 sint
980 880 148 59 eiusdem
1074 880 134 59 rationis

483 935 147 59 effectus
593 935 98 59 erit
655 935 135 59 eiusdem
753 935 160 59 rationis.
876 935 61 59 ⁋
900 935 135 59 Secundo
998 935 110 59 arguo
1072 935 98 59 sic.
1121 935 86 59 sicut

482 968 143 69 arguit
582 968 143 69 quidam
682 968 158 69 doctor.
797 968 100 69 cum
854 968 201 69 intellectu
997 968 201 69 principiorum

484 1022 189 48 aliquorum:
633 1022 81 48 et
674 1022 162 48 scientia
795 1022 176 48 aliquarum
931 1022 216 48 conclusionum
1106 1022 81 48 in
1133 1022 68 48 geo

472 1062 161 46 metria:
589 1062 117 46 stat
663 1062 205 46 ignorantia
824 1062 249 46 dispositionis
1028 1062 176 46 respectu
1145 1062 59 46 al

475 1100 142 50 terius
574 1100 241 50 conclusionis.
773 1100 99 50 sed
830 1100 170 50 respectu
958 1100 156 50 eiusdem
1057 1100 142 50 complexi

479 1145 92 59 non
531 1145 144 59 possunt
636 1145 79 59 in
675 1145 118 59 eodem
754 1145 118 59 simul
832 1145 105 59 esse
898 1145 144 59 habitus
1003 1145 170 59 oppositi.
1120 1145 79 59 ergo

479 1189 139 50 habitus
581 1189 139 50 illorum
682 1189 203 50 principiorum
847 1189 76 50 et
885 1189 139 50 illarum
986 1189 215 50 conclusionum:
1151 1189 63 50 non

479 1234 94 56 est
532 1234 148 56 habitus
640 1234 135 56 illius
735 1234 216 56 conclusionis
910 1234 162 56 respectu
1032 1234 121 56 cuius
1113 1234 94 56 est
1153 1234 54 56 er

478 1283 100 51 ror.
540 1283 62 51 ⁋
565 1283 75 51 Si
602 1283 137 51 dicitur
702 1283 100 51 quod
764 1283 162 51 contraria
889 1283 200 51 compatiuntur
1051 1283 75 51 se
1089 1283 75 51 in
1114 1283 87 51 acti-

477 1315 103 59 bus
536 1315 191 59 remissis:
683 1315 103 59 vel
742 1315 88 59 si
786 1315 118 59 vnum
860 1315 103 59 sit
919 1315 88 59 in
963 1315 132 59 gradu
1051 1315 162 59 infimo:
1154 1315 59 59 et

479 1366 116 52 aliud
556 1366 77 52 in
595 1366 129 52 summo:
685 1366 77 52 et
724 1366 90 52 ita
776 1366 90 52 est
827 1366 77 52 in
866 1366 181 52 proposito.
1008 1366 103 52 quia
1072 1366 142 52 habitus
1162 1366 52 52 in

485 1406 152 60 clinans
596 1406 83 60 ad
637 1406 235 60 intelligendum
831 1406 111 60 vnum
900 1406 194 60 principium
1053 1406 138 60 tantum
1136 1406 69 60 est

480 1458 158 46 remissus
598 1458 79 46 et
638 1458 211 46 imperfectus.
809 1458 79 46 et
849 1458 105 46 ideo
915 1458 105 46 stat
981 1458 92 46 cum
1034 1458 132 46 errore
1113 1458 92 46 circa

479 1497 242 57 conclusionem.
678 1497 100 57 Sed
735 1497 156 57 habitus
849 1497 185 57 inclinans
991 1497 85 57 ad
1019 1497 185 57 intelligen-

482 1541 92 56 dum
534 1541 184 56 principium
679 1541 79 56 et
718 1541 210 56 conclusionem
889 1541 118 56 simul
968 1541 92 56 est
1020 1541 184 56 perfectus:
1151 1541 53 56 et

479 1586 111 49 ille
549 1586 97 49 non
604 1586 195 49 compatitur
757 1586 125 49 secum
841 1586 209 49 ignorantiam
993 1586 209 49 conclusionis.

475 1632 77 60 ⁋
505 1632 170 60 Contra.
629 1632 124 60 Pono
707 1632 124 60 quod
784 1632 170 60 habitus
908 1632 201 60 inclinans
1063 1632 93 60 ad
1094 1632 108 60 cogno

489 1676 147 52 scendum
595 1676 186 52 principium
742 1676 133 52 tantum
835 1676 93 52 sit
888 1676 80 52 in
928 1676 133 52 summo.
1022 1676 107 52 puta
1088 1676 107 52 quod
1141 1676 67 52 au-

487 1718 179 58 gmentetur
625 1718 96 58 per
680 1718 124 58 multa
763 1718 124 58 milia
846 1718 138 58 actuum
942 1718 124 58 circa
1025 1718 124 58 illud
1094 1718 110 58 princi

494 1766 105 45 dium
560 1766 145 45 tantum.
665 1766 79 45 et
704 1766 145 45 habitus
809 1766 171 45 inclinans
941 1766 79 45 ad
980 1766 210 45 cognoscendum
1138 1766 79 45 con-

491 1801 172 52 clusionem
623 1801 172 52 generetur
755 1801 79 52 ex
795 1801 132 52 paucis
888 1801 145 52 actibus
993 1801 79 52 et
1033 1801 119 52 circa
1099 1801 106 52 princi

485 1848 108 54 pium
553 1848 81 54 et
594 1848 122 54 circa
675 1848 217 54 conclusione.
852 1848 68 54 ⁋
879 1848 95 54 hoc
933 1848 136 54 posito
1028 1848 122 54 nulli
1096 1848 108 54 dubium

486 1891 81 50 est
533 1891 92 50 quin
590 1891 127 50 habitus
683 1891 115 50 primus
763 1891 81 50 sit
809 1891 161 50 perfectior
936 1891 92 50 quam
994 1891 150 50 secundus.
1109 1891 69 50 et
1132 1891 81 50 tamen

482 1933 121 54 haoec
562 1933 134 54 posito
656 1933 188 54 ignorantia
804 1933 228 54 dispositionis
992 1933 161 54 respectu
1099 1933 121 54 conclu-

489 1978 116 60 sionis
570 1978 93 60 stat
628 1978 81 60 cum
675 1978 116 60 habitu
756 1978 116 60 primo:
837 1978 69 60 et
872 1978 81 60 non
918 1978 81 60 cum
964 1978 127 60 secundo
1057 1978 93 60 ergo
1115 1978 93 60 haec
1161 1978 58 60 non

487 2024 87 59 est
536 2024 137 59 propter
636 2024 211 59 imperfectione
809 2024 137 59 habitus
909 2024 124 59 primi.
996 2024 74 59 Si
1033 2024 137 59 dicitur
1120 2024 99 59 aliter

492 2068 80 58 ad
532 2068 200 58 argumentum:
692 2068 107 58 quod
759 2068 134 58 probat
852 2068 227 58 distinctionem
1039 2068 147 58 illorum
1133 2068 80 58 gra-

497 2106 116 52 duum.
574 2106 90 52 sed
626 2106 90 52 non
677 2106 129 52 probat
767 2106 219 52 distinctionem
947 2106 193 52 specificam.
1101 2106 64 52 ⁋
1114 2106 103 52 Contra

498 2153 172 51 Qndecunque
633 2153 86 51 cum
682 2153 86 51 vno
732 2153 197 51 contrariorum
892 2153 98 51 stat
953 2153 135 51 aliquid
1052 2153 74 51 in
1089 2153 111 51 gradu
1150 2153 74 51 per-

489 2204 129 45 fecto.
579 2204 77 45 et
618 2204 116 45 aliud
695 2204 77 45 in
734 2204 116 45 gradu
811 2204 155 45 perfecto
927 2204 90 45 non
978 2204 103 45 stat
1043 2204 90 45 cum
1094 2204 103 45 eius
1146 2204 77 45 com-

488 2248 145 50 trario.
593 2248 106 50 illa
659 2248 92 50 duo
712 2248 158 50 perfecta
831 2248 224 50 distinguuntur
1016 2248 145 50 specie.
1108 2248 106 50 Uerbi-

483 2295 161 52 gratia.
600 2295 88 52 Si
644 2295 161 52 dulcedo
761 2295 88 52 in
805 2295 132 52 lacte
893 2295 117 52 stat
966 2295 102 52 cum
1024 2295 190 52 albedine.
1156 2295 58 52 et

495 2341 162 44 nigredo
613 2341 103 44 non
672 2341 118 44 stat
746 2341 103 44 cum
805 2341 192 44 albedine.
953 2341 207 44 necessario
1101 2341 118 44 dulce-

489 2374 74 55 do
526 2374 74 55 et
563 2374 136 55 nigredo
662 2374 210 55 distinguuntur
835 2374 136 55 specie.
934 2374 111 55 Patet
1009 2374 111 55 etiam
1083 2374 87 55 per
1120 2374 99 55 ratio-

489 2411 93 64 nem.
548 2411 93 64 quia
606 2411 117 64 quando
688 2411 117 64 aliqua
770 2411 93 64 sunt
828 2411 128 64 eiusdem
921 2411 140 64 speciei:
1026 2411 70 64 et
1062 2411 93 64 sunt
1108 2411 117 64 perfctam

499 2466 86 48 cum
548 2466 160 48 quocunque
671 2466 98 48 stat
732 2466 98 48 vnum
793 2466 74 48 et
830 2466 147 48 reliquum
941 2466 74 48 ei
977 2466 172 48 consimile.
1113 2466 74 48 Et
1137 2466 86 48 quic-

494 2506 100 55 quis
557 2506 151 55 repugnat
670 2506 100 55 vni.
733 2506 75 55 et
770 2506 125 55 alteri
858 2506 75 55 ei
896 2506 176 55 consimile.
1034 2506 113 55 sicut
1097 2506 125 55 quicquid

494 2547 115 61 stat
565 2547 101 61 cum
623 2547 101 61 vna
680 2547 187 61 albedine:
824 2547 86 61 et
867 2547 101 61 cum
924 2547 144 61 altera
1025 2547 172 61 albedine
1140 2547 86 61 stat

1321 48 372 113 qPurimi
1558 48 474 113 sententiarum

1303 172 84 51 et
1345 172 112 51 quod
1415 172 169 51 repugnat
1542 172 112 51 vni:
1612 172 84 51 et
1654 172 155 51 alteri.
1767 172 127 51 Patet
1851 172 112 51 ergo
1908 172 112 51 propo-

1310 218 117 53 sitio
1388 218 169 53 assumpta.
1518 218 91 53 Sed
1570 218 104 53 nunc
1635 218 91 53 est
1686 218 91 53 ita
1738 218 104 53 quod
1803 218 91 53 cum
1855 218 130 53 errore
1933 218 91 53 circa

1307 259 144 52 aliquam
1412 259 209 52 conclusionem
1582 259 105 52 stat
1647 259 144 52 notitia
1752 259 157 52 perfecta
1870 259 157 52 alicuius
1975 259 52 52 al

1312 306 115 50 terius
1392 306 161 50 principii:
1518 306 69 50 et
1553 306 103 50 etiam
1621 306 138 50 alicuius
1725 306 138 50 alterius
1828 306 195 50 conclusionis:
1977 306 46 50 et

1311 350 87 57 cum
1360 350 100 57 illo
1423 350 125 57 errore
1510 350 87 57 non
1560 350 100 57 stat
1622 350 137 57 notitia
1722 350 149 57 perfecta
1834 350 137 57 eiusdem
1921 350 112 57 conclu-

1296 389 134 56 sionis:
1394 389 98 56 ergo
1455 389 98 56 iste
1516 389 86 56 due
1565 389 134 56 notitie
1662 389 147 56 perfecte
1772 389 208 56 distinguuntur
1931 389 98 56 specie

1308 436 52 56 ⁋
1328 436 157 56 Confirmatur
1454 436 84 56 ista
1506 436 104 56 ratio:
1579 436 84 56 quia
1631 436 136 56 quaecuque
1736 436 178 56 contrariantur
1882 436 94 56 primo
1934 436 94 56 distin-

1313 483 82 60 ctis
1364 483 112 60 specie:
1446 483 82 60 ipsa
1497 483 92 60 inter
1558 483 61 60 se
1589 483 174 60 distinguuntur
1732 483 112 60 specie:
1814 483 92 60 sicut
1875 483 82 60 quia
1926 483 92 60 calor
1977 483 41 60 et

1304 525 168 47 humiditas
1433 525 220 47 contrariantur
1614 525 116 47 primo
1692 525 194 47 frigiditati
1847 525 78 47 et
1873 525 142 47 siccitati

1303 570 98 50 quae
1364 570 208 50 distinguuntur
1535 570 134 50 specie:
1633 570 98 50 ideo
1694 570 208 50 distinguuntur
1865 570 134 50 specie.
1963 570 86 50 Sed

1302 609 92 53 duo
1354 609 144 53 errores
1459 609 118 53 circa
1538 609 105 53 duas
1603 609 210 53 conclusiones
1774 609 197 53 vniversales
1918 609 105 53 quarum

1320 655 130 66 ptraque
1415 655 83 66 est
1462 655 106 66 falsa
1533 655 201 66 distinguuntur
1699 655 130 66 specie:
1793 655 95 66 quia
1853 655 154 66 repugnant
1959 655 71 66 for-

1310 695 121 61 malit:
1395 695 109 61 sicut
1467 695 97 61 iste
1528 695 206 61 propositiones
1698 695 158 61 repugnant
1819 695 182 61 formaliter:
1952 695 73 61 ergo

1309 744 135 53 scientie
1410 744 146 53 contrarie
1522 744 101 53 istis
1589 744 146 53 erroribus
1702 744 191 53 distinguuntur
1859 744 123 53 specie:
1948 744 67 53 et
1971 744 56 53 per

1316 791 150 52 consequens
1434 791 96 52 eadem
1498 791 118 52 ratione
1584 791 86 52 alie
1637 791 128 52 scientie
1733 791 150 52 diuersarum
1851 791 171 52 conclusionum
1980 791 53 52 di-

1310 831 208 54 stinguuntur
1477 831 153 54 specie⁋
1588 831 111 54 Alia
1657 831 180 54 argumenta
1796 831 83 54 et
1824 831 194 54 confirmatio-

1298 880 98 49 nes
1354 880 140 49 tenent
1452 880 154 49 virtute
1564 880 154 49 istorum
1676 880 140 49 duorum
1774 880 168 49 primorum
1886 880 140 49 argumen-

1301 919 118 64 torum.
1384 919 59 64 ⁋
1407 919 141 64 Preterea
1513 919 94 64 quod
1572 919 130 64 dicitur
1667 919 71 64 de
1702 919 153 64 theologia
1820 919 94 64 quod
1879 919 94 64 ipsa
1938 919 83 64 est
1973 919 59 64 vna

1308 964 116 51 videt
1385 964 193 51 simplicitur
1539 964 141 51 falsum:
1642 964 103 51 quia
1706 964 141 51 notitia
1809 964 141 51 euidens
1899 964 128 51 alicuius

1298 1007 199 56 necessarii:
1457 1007 80 56 et
1497 1007 146 56 notitia
1603 1007 159 56 alicuius
1722 1007 225 56 contingentis:
1908 1007 106 56 siue
1961 1007 66 56 sit

1301 1056 156 52 euidens
1415 1056 114 52 siue
1486 1056 199 52 ineuidens:
1642 1056 100 52 non
1699 1056 114 52 sunt
1770 1056 114 52 idem
1841 1056 156 52 habitus
1941 1056 85 52 nume

1300 1100 106 60 ro.
1360 1100 106 60 Sed
1421 1100 91 60 in
1466 1100 196 60 theologia
1617 1100 106 60 est
1677 1100 151 60 aliqua
1783 1100 166 60 notitia
1888 1100 136 60 euidens

1300 1142 157 58 alicuius
1418 1142 183 58 necessarii
1562 1142 118 58 sicut
1640 1142 183 58 declaratum
1784 1142 92 58 est
1837 1142 79 58 in
1876 1142 118 58 prima
1941 1142 79 58 quae

1304 1190 124 44 stione:
1394 1190 101 44 sicut
1461 1190 146 44 euidenter
1574 1190 113 44 scitur
1653 1190 90 44 quod
1709 1190 90 44 deus
1765 1190 90 44 est:
1821 1190 68 44 et
1855 1190 90 44 deus
1911 1190 79 44 est
1945 1190 79 44 bonus

1308 1226 107 56 vnus
1374 1226 147 56 sapiens
1481 1226 80 56 et
1521 1226 160 56 respectu
1642 1226 160 56 alicuius
1762 1226 160 56 alterius
1869 1226 160 56 necessarum

1312 1282 95 47 est
1367 1282 149 47 notitia
1475 1282 190 47 ineuidens:
1624 1282 122 47 sicut
1705 1282 108 47 quod
1773 1282 108 47 deus
1840 1282 95 47 est
1895 1282 135 47 trinus
1976 1282 54 47 et

1306 1318 125 52 vnus.
1389 1318 180 52 Similiter
1528 1318 180 52 veritates
1667 1318 222 52 contingentes
1833 1318 194 52 cognoscuntur

1300 1367 85 46 in
1342 1367 197 46 theologia:
1497 1367 127 46 sicut
1582 1367 113 46 quod
1652 1367 113 46 deus
1723 1367 99 46 est
1779 1367 212 46 incarnatus:
1934 1367 85 46 deus

1308 1404 165 60 beatificat
1438 1404 130 60 animam:
1532 1404 71 60 et
1567 1404 82 60 sic
1614 1404 71 60 de
1650 1404 118 60 aliis.
1732 1404 94 60 ergo
1791 1404 106 60 omnes
1862 1404 94 60 isti
1909 1404 106 60 habitus

1302 1451 94 54 non
1355 1451 107 54 sunt
1422 1451 107 54 vnus
1490 1451 148 54 numero.
1597 1451 67 54 ⁋
1624 1451 107 54 Ideo
1691 1451 81 54 ad
1731 1451 202 54 quaestionem
1879 1451 148 54 resposotn

1307 1493 107 50 deo:
1374 1493 121 50 primo
1454 1493 81 50 de
1495 1493 134 50 habitu
1589 1493 81 50 in
1629 1493 175 50 generali.
1763 1493 148 50 secundo
1871 1493 81 50 in
1911 1493 121 50 spali
1978 1493 54 50 de

1315 1536 207 63 theologia.
1478 1536 74 63 ⁋
1507 1536 177 63 Quanntum
1640 1536 89 63 ad
1684 1536 148 63 primum
1788 1536 118 63 dico
1862 1536 133 63 primo
1935 1536 89 63 quod

1308 1580 142 57 habitus
1412 1580 181 57 acquisitus
1554 1580 78 57 ex
1593 1580 104 57 actu
1658 1580 117 57 circa
1735 1580 181 57 principium
1878 1580 142 57 tantum:
1968 1580 65 57 est

1317 1629 118 55 alius
1395 1629 78 55 ab
1435 1629 131 55 habitu
1526 1629 222 55 conclusionis.
1709 1629 131 55 Probo:
1801 1629 105 55 quia
1866 1629 131 55 semper
1945 1629 78 55 cau-

1318 1669 73 55 sa
1354 1669 194 55 distinguitur
1512 1669 61 55 a
1537 1669 85 55 suo
1585 1669 146 55 effectu:
1695 1669 97 55 siue
1755 1669 85 55 sit
1804 1669 109 55 causa
1877 1669 85 55 per
1926 1669 85 55 se:
1962 1669 73 55 siue

1303 1712 107 55 causa
1374 1712 95 55 sine
1434 1712 95 55 quae
1493 1712 95 55 non:
1553 1712 83 55 sed
1600 1712 119 55 aliquo
1683 1712 131 55 istorum
1779 1712 131 55 modorum
1874 1712 131 55 habitus
1957 1712 83 55 prin-

1303 1757 126 50 cipii
1387 1757 98 50 est
1443 1757 126 50 causa
1527 1757 168 50 respectu
1653 1757 154 50 habitus
1764 1757 238 50 conclusionis.
1946 1757 84 50 Pro-

1308 1801 118 58 batio
1386 1801 144 58 istius:
1491 1801 105 58 quia
1556 1801 131 58 posito
1648 1801 105 58 quod
1713 1801 144 58 aliquis
1818 1801 157 58 acquirat
1922 1801 118 58 habitum

1311 1846 72 52 ex
1347 1846 132 52 actibus
1443 1846 108 52 circa
1516 1846 168 52 principium
1648 1846 132 52 tantum:
1744 1846 72 52 et
1780 1846 96 52 post
1840 1846 84 52 cum
1889 1846 120 52 altero
1961 1846 72 52 prin

1313 1889 126 53 cipio
1397 1889 112 53 quod
1467 1889 126 53 simul
1550 1889 112 53 erat
1620 1889 140 53 altera
1718 1889 181 53 praemissa
1858 1889 168 53 applicet
1983 1889 84 53 ad

1317 1929 219 55 onclusionem:
1495 1929 123 55 sciet
1577 1929 123 55 ipsam
1659 1929 192 55 euidenter:
1810 1929 82 55 et
1851 1929 96 55 non
1906 1929 109 55 sine
1961 1929 68 55 ha-

1313 1979 103 49 bitu
1377 1979 180 49 principii:
1519 1979 103 49 ergo
1583 1979 142 49 habitus
1686 1979 103 49 ille
1751 1979 90 49 est
1802 1979 129 49 aliquo
1892 1979 103 49 modo
1944 1979 90 49 causa

1319 2020 152 56 notitie
1430 2020 235 56 conclusionis:
1624 2020 152 56 mediata
1734 2020 97 56 vel
1790 2020 194 56 immediata:
1942 2020 97 56 per
1984 2020 55 56 se

1311 2068 110 51 vel
1374 2068 110 51 per
1437 2068 189 51 accidens
1579 2068 79 51 ⁋
1611 2068 189 51 Preterea
1752 2068 173 51 notitia
1863 2068 173 51 principi-

1307 2111 105 60 orum
1372 2111 92 60 est
1425 2111 183 60 perfectior
1569 2111 144 60 notitia
1674 2111 223 60 conclusionis.
1857 2111 118 60 primo
1922 2111 105 60 poste.

1315 2148 83 60 sed
1362 2148 106 60 nihil
1433 2148 83 60 est
1481 2148 165 60 perfectius
1611 2148 83 60 se:
1658 2148 95 60 ergo
1717 2148 95 60 etc.
1776 2148 130 60 Secundo
1871 2148 95 60 dico
1930 2148 95 60 quod
1977 2148 59 60 di-

1323 2195 174 54 stinctarum
1459 2195 198 54 conclusionum
1620 2195 99 54 sunt
1682 2195 161 54 distincti
1806 2195 149 54 habitus.
1917 2195 87 54 tum
1955 2195 74 54 quia

1319 2241 183 53 demonstratio
1467 2241 172 53 vniversalis
1604 2241 69 53 et
1639 2241 183 53 particularis
1787 2241 149 53 differunt
1902 2241 126 53 specie.
1982 2241 57 53 pri

1308 2284 71 52 mo
1344 2284 118 52 poste.
1426 2284 94 52 ergo
1485 2284 130 52 oportet
1579 2284 94 52 quod
1638 2284 82 52 vel
1685 2284 130 52 notitia
1780 2284 189 52 praemissarum
1921 2284 106 52 distin-

1314 2327 121 56 guatur
1399 2327 133 56 specie:
1495 2327 85 56 vel
1544 2327 133 56 notitia
1640 2327 205 56 conclusionum:
1809 2327 85 56 sed
1858 2327 97 56 siue
1918 2327 85 56 sic
1954 2327 73 56 siue

1309 2376 89 53 sic:
1365 2376 123 53 habetur
1454 2376 167 53 propositum.
1588 2376 89 53 quia
1644 2376 123 53 oportet
1733 2376 89 53 quod
1789 2376 78 53 vel
1833 2376 123 53 habitus
1911 2376 112 53 principi

1319 2417 112 48 orum
1389 2417 139 48 specie
1486 2417 237 48 distinguantur
1682 2417 98 48 vel
1737 2417 237 48 conclusionum.
1932 2417 84 48 et
1960 2417 70 48 non

1320 2461 108 49 est
1381 2461 138 49 maior
1473 2461 138 49 ratio
1566 2461 138 49 quare
1658 2461 169 49 habitus
1781 2461 246 49 principiorum
1965 2461 62 49 di

1308 2504 233 52 stinguantur
1494 2504 155 52 specie
1602 2504 124 52 quam
1680 2504 264 52 conclusionum:
1897 2504 124 52 ergo
1959 2504 78 52 sem

1305 2548 111 75 per
1368 2548 174 75 notitie
1495 2548 253 75 conclusionum
1701 2548 269 75 distinguuntur
1906 2548 127 75 specie
