2227 3075
245 196 138 82 fiorem.
346 196 75 82 et
383 196 100 82 ideo
446 196 100 82 sine
509 196 75 82 ea
546 196 88 82 non
596 196 125 82 potest
684 196 100 82 alia
747 196 150 82 cognosci
847 196 113 82 virtute

246 270 130 59 notitie
340 270 118 59 entis.
423 270 59 59 ⁋
446 270 130 59 Contra.
541 270 82 59 tum
588 270 188 59 expositionis
741 270 94 59 quod
800 270 141 59 continet
894 270 59 59 ver

228 317 145 48 tualiter
337 317 97 48 omni
397 317 97 48 alio
457 317 84 48 per
505 317 181 48 impossibile
650 317 217 48 circumscripto.
831 317 97 48 ergo
880 317 72 48 cir-

239 350 201 64 cumscripta
396 350 115 64 illa
468 350 172 64 passione
597 350 115 64 quam
669 350 129 64 ponis
755 350 158 64 priorem
856 350 100 64 adhuc

231 398 176 61 continebit
370 398 201 61 virtualitur.
533 398 63 61 ⁋
558 398 163 61 Preterea.
683 398 113 61 salte
759 398 151 61 sequitur
859 398 88 61 illud

224 439 101 54 quod
287 439 63 54 a
313 439 113 54 nobis
388 439 88 54 pro
439 439 113 54 statu
514 439 101 54 isto
577 439 113 54 omnes
653 439 164 54 passiones
779 439 113 54 entum
842 439 101 54 possun

225 489 177 56 euidenter
362 489 164 56 cognosci
484 489 82 56 de
525 489 123 56 ente.
607 489 109 56 quia
675 489 136 56 habita
771 489 150 56 notitia
866 489 82 56 enum

233 524 86 65 quae
287 524 75 65 non
330 524 107 65 potest
405 524 86 65 esse
459 524 86 65 nisi
513 524 140 65 distincta
620 524 129 65 secundum
717 524 107 65 istos.
792 524 107 65 statim
856 524 97 65 habetur

216 579 129 54 notitia
310 579 106 54 prime
381 579 164 54 passionis.
510 579 70 54 et
545 579 82 54 per
592 579 164 54 consequens
721 579 129 54 notitia
815 579 129 54 secunde
897 579 59 54 pas

221 619 115 55 sionis
301 619 69 55 et
335 619 115 55 tertie
416 619 69 55 et
450 619 126 55 quarte.
542 619 69 55 et
576 619 80 55 sic
622 619 69 55 de
657 619 126 55 omnibus
748 619 115 55 aliis.
829 619 80 55 sed
875 619 103 55 illud

222 664 90 60 est
274 664 167 60 manifeste
402 664 154 60 sfiltum.
517 664 103 60 quia
582 664 90 60 non
633 664 128 60 potest
723 664 64 60 a
749 664 116 60 nobis
813 664 141 60 euidenter

208 715 173 48 cognosci
337 715 115 48 quod
409 715 115 48 omne
481 715 101 48 ens
538 715 101 48 est
596 715 72 48 a
625 715 129 48 nobis
711 715 230 48 cognoscibile
883 715 58 48 in

221 747 138 71 tuitiue.
324 747 69 71 et
359 747 81 71 sic
405 747 69 71 de
439 747 127 71 multis.
531 747 104 71 etiam
600 747 138 71 secundum
704 747 104 71 istum
773 747 150 71 doctorem.
876 747 69 71 ergo

222 794 99 64 etc.
283 794 74 64 Si
320 794 136 64 dicatur
419 794 74 64 ad
456 794 111 64 omnia
530 794 99 64 illa
592 794 99 64 quod
654 794 86 64 non
703 794 173 64 intelligit
839 794 99 64 ista
888 794 62 64 opi

210 834 94 68 nio
263 834 108 68 quod
331 834 148 68 notitia
438 834 188 68 inconplexa
587 834 162 68 subiecti
708 834 94 68 sit
762 834 121 68 causa
829 834 121 68 notitie

207 880 175 70 incoplexe
341 880 188 70 passionis.
489 880 94 70 sed
543 880 188 70 intelligit
691 880 81 70 de
732 880 148 70 notitia
826 880 121 70 comple-

211 927 70 62 xa
246 927 59 62 ⁋
270 927 129 62 Contra.
364 927 82 62 hoc
411 927 82 62 non
458 927 129 62 videtur
551 927 94 62 esse
610 927 141 62 intentio
715 927 106 62 suam.
786 927 94 62 quia
844 927 70 62 in
868 927 82 62 prima

198 971 132 55 ratione
294 971 84 55 sua
342 971 108 55 dicit
414 971 96 55 quod
474 971 192 55 conclusiones
629 971 180 55 continentur
773 971 72 55 in
797 971 144 55 principiis

199 1005 68 69 et
233 1005 113 69 certum
312 1005 79 69 est
357 1005 91 69 quod
414 1005 91 69 illa
470 1005 91 69 sola
527 1005 170 69 continentia
663 1005 79 69 est
708 1005 91 69 illa
764 1005 91 69 quae
821 1005 79 69 est
855 1005 79 69 inter

205 1053 150 66 complexa.
321 1053 115 66 postea
402 1053 104 66 autem
471 1053 104 66 dicit
540 1053 92 66 quod
598 1053 196 66 propositiones
759 1053 173 66 continentur
886 1053 46 66 in

212 1099 155 72 terminis.
332 1099 72 72 et
367 1099 96 72 quod
427 1099 143 72 terminus
535 1099 179 72 praedicatus
678 1099 72 72 in
714 1099 155 72 subiecto.
833 1099 96 72 ergo
881 1099 48 72 in

198 1145 106 59 isto
264 1145 159 59 processu
383 1145 185 59 intelligit
528 1145 106 59 quod
594 1145 145 59 notitia
700 1145 185 59 inconplexa
832 1145 106 59 conti-

205 1187 85 57 net
253 1187 146 57 notitiam
363 1187 194 57 incomplexam.
521 1187 158 57 Similiter
642 1187 85 57 hoc
691 1187 109 57 patet
764 1187 85 57 per
800 1187 134 57 expositio

200 1230 88 64 nem
251 1230 126 64 ipsius
339 1230 75 64 de
376 1230 113 64 primo
451 1230 176 64 continere.
590 1230 100 64 quia
652 1230 113 64 dicit
728 1230 113 64 illud
803 1230 113 64 primo
866 1230 75 64 com-

204 1281 135 49 tinere
298 1281 108 49 quod
365 1281 94 49 sic
419 1281 148 49 cotinet
527 1281 108 49 quod
594 1281 81 49 ab
635 1281 121 49 aliis
715 1281 94 49 non
769 1281 162 49 dependet
877 1281 54 49 in

193 1323 183 54 continendo.
339 1323 85 54 sed
388 1323 110 54 omnia
460 1323 97 54 alia
521 1323 73 54 ab
558 1323 110 54 ipso.
631 1323 85 54 sed
680 1323 85 54 hoc
728 1323 85 54 non
777 1323 122 54 posset
850 1323 85 54 verum

196 1370 109 57 esse
264 1370 109 57 nisi
332 1370 122 57 ipsum
413 1370 176 57 subiectum
549 1370 163 57 continet
671 1370 163 57 notitiam
780 1370 149 57 incomple-

200 1409 79 62 xam
245 1409 158 62 passionis.
369 1409 56 62 ⁋
391 1409 147 62 Preterea.
504 1409 79 62 hoc
549 1409 101 62 patet
617 1409 79 62 per
662 1409 135 62 secundam
763 1409 135 62 rationem
853 1409 68 62 suam

185 1462 90 46 qui
237 1462 90 46 ibi
288 1462 142 46 accipit
391 1462 103 46 quod
456 1462 168 46 subiectum
585 1462 90 46 est
636 1462 116 46 causa
714 1462 155 46 adequata
817 1462 103 46 totius

195 1495 150 64 habitus.
308 1495 100 64 ergo
371 1495 88 64 est
421 1495 113 64 causa
496 1495 138 64 notitie
596 1495 175 64 incomplexe
734 1495 175 64 passionis.
871 1495 63 64 ⁋
884 1495 50 64 Si

188 1543 123 54 militer
277 1543 100 54 arguo
344 1543 78 54 per
388 1543 134 54 rationem
489 1543 89 54 suam
544 1543 111 54 aliam.
622 1543 89 54 quia
678 1543 67 54 in
711 1543 189 54 essentialiter
856 1543 67 54 ordi

185 1588 123 56 natis
267 1588 164 56 cotingit
390 1588 123 56 stare
472 1588 82 56 ad
513 1588 109 56 vnum
581 1588 150 56 primum.
690 1588 95 56 sed
745 1588 150 56 notitie
840 1588 82 56 iste

193 1633 157 55 incomplexe
316 1633 157 55 ordinantur
440 1633 191 55 essentialiter
597 1633 135 55 secundum
698 1633 90 55 eum.
754 1633 90 55 ergo
810 1633 79 55 est
843 1633 79 55 prima

187 1680 131 49 contines
286 1680 110 49 aliam.
362 1680 142 49 Similiter
472 1680 77 49 hoc
516 1680 99 49 patet
581 1680 77 49 per
625 1680 131 49 exemplum
724 1680 88 49 suum
779 1680 121 49 ibidem.
855 1680 66 49 quia

188 1722 117 57 dicit
266 1722 104 57 quod
331 1722 169 57 ysocheles
462 1722 156 57 continet
579 1722 117 57 omnes
657 1722 169 57 passiones
775 1722 143 57 trianguli

196 1757 100 59 ergo
258 1757 162 59 triagulus
382 1757 100 59 quod
444 1757 87 59 est
494 1757 137 59 quoddam
594 1757 187 59 incomplexum
743 1757 149 59 continet
842 1757 75 59 ver-

190 1809 137 47 tualit
286 1809 110 47 suas
355 1809 192 47 passiones.
506 1809 69 47 ⁋
533 1809 178 47 Preterea.
670 1809 82 47 in
711 1809 165 47 diuersis
821 1809 96 47 locis

190 1844 124 53 accipit
280 1844 102 53 istam
348 1844 204 53 propositionem.
518 1844 91 53 quod
574 1844 136 53 obiectum
676 1844 158 53 quodcumque
801 1844 79 53 cum
835 1844 91 53 intel-

189 1891 110 52 lectu
262 1891 122 52 agente
348 1891 86 52 vel
397 1891 159 52 possibili
519 1891 171 52 cooperante
653 1891 147 52 secundum
763 1891 134 52 vltimum
849 1891 61 52 ver

181 1938 130 48 tutis
267 1938 101 48 sue
325 1938 130 48 facit
411 1938 130 48 sicut
498 1938 173 48 effectum
628 1938 187 48 adequatum
757 1938 159 48 conceptum

181 1981 91 49 suum
237 1981 147 49 proprium.
351 1981 68 49 et
385 1981 147 49 conceptum
498 1981 113 49 omnium
577 1981 193 49 essentialiter
736 1981 79 49 vel
770 1981 147 49 virtualiter

179 2024 181 54 inclusorum
321 2024 77 54 in
360 2024 90 54 eo:
411 2024 90 54 sed
463 2024 90 54 non
514 2024 116 54 facit
592 2024 168 54 conceptum
721 2024 142 54 aliorum
811 2024 103 54 inclu-

192 2064 98 66 sorum
257 2064 185 66 essentialiter
410 2064 76 66 per
454 2064 142 66 discursum
562 2064 109 66 qualis
639 2064 76 66 est
682 2064 98 66 inter
748 2064 142 66 complexa.
846 2064 65 66 ergo

191 2115 88 53 nec
242 2115 138 53 aliorum
342 2115 176 53 virtaliter
480 2115 188 53 inclusorum.
631 2115 75 53 Et
668 2115 100 53 quod
731 2115 176 53 intelligat
857 2115 50 53 de

178 2155 159 62 notitia
293 2155 202 62 incomplexa
452 2155 173 62 respectu
582 2155 159 62 notitie
697 2155 217 62 incomplexe:
856 2155 58 62 et

193 2201 80 58 non
238 2201 137 58 respectu
341 2201 137 58 complexe
443 2201 114 58 patet.
523 2201 91 58 quia
580 2201 102 58 talis
648 2201 171 58 continentia
785 2201 114 58 semper
853 2201 57 58 est

181 2246 77 58 per
225 2246 143 58 discursum
335 2246 77 58 vel
379 2246 77 58 per
423 2246 187 58 consequentiam
576 2246 132 58 aliquam.
675 2246 77 58 sed
719 2246 88 58 ipse
774 2246 88 58 vult
818 2246 99 58 ibiden-

190 2278 99 74 quod
252 2278 186 74 virtualiter
400 2278 136 74 inclusa
500 2278 74 74 in
537 2278 124 74 aliquo
624 2278 149 74 subiecto
735 2278 87 74 non
773 2278 136 74 cognoscum

179 2328 93 55 tur
232 2328 80 55 ex
272 2328 107 55 illo
338 2328 160 55 subiecto
458 2328 93 55 per
512 2328 186 55 discursum.
658 2328 107 55 Unde
725 2328 120 55 dicit
791 2328 120 55 ibiden-

179 2371 101 66 sic.
243 2371 140 66 praeter
344 2371 165 66 conceptum
471 2371 101 66 suum
534 2371 152 66 proprium
649 2371 165 66 adequatum
775 2371 76 66 et
801 2371 114 66 inclusa

188 2418 79 66 in
227 2418 106 66 ipso
293 2418 132 66 altero
386 2418 158 66 dictorum
505 2418 145 66 modorum
610 2418 119 66 nihil
690 2418 132 66 potest
769 2418 145 66 cognosci-

184 2467 76 57 ex
222 2467 151 57 subiecto
336 2467 101 57 nisi
399 2467 88 57 per
449 2467 177 57 discursum.
588 2467 88 57 sed
638 2467 164 57 discursus
752 2467 151 57 praesuppo-

180 2504 96 68 nit
235 2504 193 68 cognitione
387 2504 151 68 simplid
497 2504 83 68 ad
538 2504 110 68 quod
607 2504 220 68 discurritur.
786 2504 69 68 ⁋
800 2504 110 68 Preter

182 2549 88 63 ea.
233 2549 126 63 ibidem
321 2549 164 63 immediate
448 2549 139 63 accipit
549 2549 114 63 istam
624 2549 227 63 propositionem.
801 2549 101 63 nullum

179 2590 181 76 subiectum
319 2590 126 76 facit
402 2590 84 76 in
444 2590 140 76 aliquo
542 2590 195 76 intellectu
696 2590 181 76 conceptum
821 2590 84 76 sim

1042 208 127 88 plicem
1131 208 152 88 proprium
1245 208 114 88 sibi:
1322 208 76 88 et
1360 208 165 88 conceptum
1487 208 165 88 simplicem
1614 208 152 88 alterius
1715 208 51 88 ob

1043 282 127 56 iecti:
1132 282 101 56 nisi
1195 282 165 56 contineat
1322 282 114 56 illud
1398 282 114 56 aliud
1474 282 152 56 obiectum
1576 282 190 56 essentialiter

1061 323 80 62 vel
1106 323 183 62 virtualiter:
1255 323 92 62 ergo
1313 323 138 62 secundum
1416 323 80 62 eum
1462 323 149 62 subiectum
1577 323 103 62 facit
1634 323 126 62 conceptum

1039 363 145 74 simplicem
1151 363 112 74 illius
1229 363 90 74 quod
1285 363 179 74 virutualiter
1430 363 134 74 includit
1531 363 67 74 in
1565 363 78 74 eo:
1609 363 78 74 sed
1643 363 123 74 conceptus

1037 407 148 78 simplex
1144 407 94 78 vel
1198 407 94 78 est
1251 407 148 78 notitia
1359 407 188 78 incomplexa
1506 407 94 78 vel
1560 407 201 78 cognoscitur
1707 407 54 78 no

1031 466 114 58 titia
1108 466 191 58 incomplexa.
1260 466 127 58 Contra
1349 466 152 58 secundum
1463 466 102 58 quod
1527 466 165 58 subiectum
1654 466 89 58 non
1692 466 76 58 sem.

1032 505 87 61 per
1081 505 149 61 includat
1193 505 186 61 virtualiter
1342 505 112 61 ipsam
1417 505 174 61 passionem:
1554 505 99 61 quia
1616 505 75 61 si
1653 505 99 61 sic:
1703 505 62 61 hoc

1035 553 81 67 non
1082 553 81 67 est
1128 553 92 67 nisi
1185 553 81 67 vel
1231 553 92 67 quia
1289 553 115 67 causat
1369 553 127 67 aliquam
1461 553 81 67 rem
1507 553 138 67 realiter
1611 553 161 67 distinctam
1726 553 46 67 si

1040 590 77 67 bi
1079 590 180 67 inherentem
1220 590 90 67 vel
1272 590 103 67 quia
1336 590 129 67 causat
1426 590 167 67 conceptum
1554 590 129 67 istius
1644 590 103 67 rei.
1696 590 64 67 Non

1036 640 108 64 potest
1112 640 87 64 dici
1166 640 119 64 secundo
1253 640 98 64 modo:
1318 640 87 64 quia
1372 640 119 64 numquam
1459 640 108 64 potest
1535 640 119 64 causare
1621 640 130 64 conceptu
1708 640 54 64 rei

1027 682 93 66 nisi
1086 682 117 66 causet
1167 682 140 66 notitiam
1273 682 82 66 rei
1319 682 82 66 sed
1366 682 82 66 non
1413 682 82 66 est
1459 682 105 66 causa
1529 682 128 66 notitie
1623 682 105 66 sicut
1681 682 82 66 proba

1037 724 70 67 tum
1077 724 70 67 est
1117 724 80 67 ergo
1168 724 70 67 nec
1208 724 141 67 conceptus.
1319 724 70 67 nec
1359 724 101 67 potest
1429 724 80 67 dici
1479 724 91 67 primo
1540 724 80 67 modo
1590 724 80 67 quia
1640 724 101 67 semper
1701 724 50 67 pas

1026 770 119 65 siones
1109 770 95 65 ille
1169 770 83 65 non
1216 770 95 65 sunt
1275 770 83 65 res
1323 770 142 65 absolute
1430 770 142 65 realiter
1536 770 154 65 distincte
1643 770 107 65 secundu

1033 813 118 60 istos:
1116 813 95 60 quia
1175 813 165 60 creatiuum:
1305 813 106 60 verum
1376 813 118 60 bonum:
1459 813 71 60 et
1494 813 154 60 huiusmodi
1612 813 95 60 sunt
1660 813 106 60 passio.

1028 858 93 51 nes
1081 858 185 51 aliquorum:
1226 858 79 51 et
1266 858 119 51 tamen
1346 858 93 51 non
1399 858 106 51 sunt
1465 858 93 51 res
1518 858 79 51 ab
1557 858 93 51 eis
1597 858 159 51 distincte.

1034 896 64 69 ⁋
1060 896 153 69 Preterea
1174 896 165 69 aliquando
1302 896 127 69 passio
1391 896 153 69 importat
1505 896 140 69 aliquid
1594 896 153 69 perfectius

1031 942 145 69 subiecto:
1142 942 100 69 sicut
1209 942 89 69 esse
1265 942 67 69 in
1299 942 134 69 potentia
1399 942 67 69 ad
1433 942 123 69 formam:
1522 942 89 69 quae
1578 942 78 69 est
1611 942 134 69 perfectior

1021 984 91 72 ipsa
1078 984 149 72 materiam:
1192 984 80 72 sed
1238 984 160 72 perfectius
1363 984 91 72 isto
1421 984 91 72 modo
1478 984 80 72 non
1523 984 160 72 continetur
1649 984 69 72 in
1672 984 80 72 imper

1025 1031 172 66 fectiori:
1157 1031 106 66 tunc
1224 1031 106 66 enim
1290 1031 146 66 notitia
1396 1031 239 66 imperfectioris
1582 1031 172 66 contineret.

1019 1080 177 64 virtualiter
1161 1080 142 64 notitiam
1267 1080 189 64 perfectioris
1421 1080 154 64 conclusio
1539 1080 95 64 eos.
1598 1080 59 64 ⁋
1622 1080 95 64 Ideo
1669 1080 83 64 quam-

1022 1124 77 55 tum
1066 1124 66 55 ad
1099 1124 98 55 istum
1164 1124 131 55 articulu
1263 1124 88 55 dico
1317 1124 98 55 primo
1383 1124 88 55 quod
1438 1124 186 55 vniversaliter
1591 1124 120 55 nunquam
1667 1124 77 55 noti-

1020 1165 88 64 tia
1071 1165 113 64 vnius
1146 1165 88 64 rei
1197 1165 113 64 extra
1273 1165 177 64 incomplexa
1411 1165 88 64 est
1462 1165 113 64 causa
1537 1165 164 64 sufficies
1651 1165 88 64 etiam

1051 1206 97 57 qui
1107 1206 208 57 intellectu.
1273 1206 166 57 respectu
1398 1206 125 57 prime
1481 1206 152 57 notitie
1578 1206 166 57 incomplexe

1023 1249 144 70 alterius
1131 1249 96 70 rei.
1191 1249 60 70 ⁋
1216 1249 132 70 Secundo
1312 1249 96 70 quod
1372 1249 156 70 subiectum
1492 1249 84 70 non
1540 1249 120 70 semper
1613 1249 120 70 continer

1050 1294 181 65 irtualiter:
1194 1294 96 65 suam
1255 1294 156 65 passione.
1375 1294 60 65 ⁋
1399 1294 120 65 Tertio
1483 1294 96 65 quod
1543 1294 84 65 non
1592 1294 120 65 semper
1664 1294 84 65 noti-

1018 1340 98 58 tia
1074 1340 183 58 distincta
1215 1340 169 58 subiecti
1341 1340 197 58 incomplexa
1496 1340 84 58 et
1538 1340 155 58 notitia
1637 1340 112 58 distin

1019 1384 90 66 cta
1071 1384 167 66 passionis
1199 1384 180 66 sufficiunt
1340 1384 77 66 ad
1379 1384 154 66 notitiam
1494 1384 218 66 propositionis
1661 1384 90 66 compo

1018 1424 118 68 site
1092 1424 88 68 ex
1136 1424 118 68 illo
1210 1424 177 68 subiecto
1342 1424 88 68 et
1386 1424 118 68 ista
1460 1424 191 68 passione.
1607 1424 74 68 ⁋
1621 1424 118 68 Quarto

1020 1471 148 60 ostendam
1131 1471 99 60 quid
1193 1471 86 60 sit
1242 1471 74 60 de
1279 1471 136 60 ratione
1378 1471 148 60 subiecti
1489 1471 124 60 primi.
1575 1471 62 60 ⁋
1600 1471 124 60 Primum
1674 1471 62 60 de-

1016 1520 129 58 claratur
1113 1520 75 58 per
1156 1520 183 58 experientiam:
1307 1520 86 58 quia
1361 1520 140 58 quaelibet
1468 1520 140 58 experitur
1576 1520 65 58 in
1608 1520 65 58 se
1640 1520 86 58 quod
1683 1520 65 58 quan

1012 1559 177 66 tumcumque
1148 1559 177 66 cognoscat
1284 1559 177 66 intuitiue
1421 1559 82 66 et
1461 1559 163 66 perfecte
1584 1559 150 66 aliquam
1679 1559 68 66 rem

1012 1597 137 60 numquam
1111 1597 87 60 per
1161 1597 87 60 hoc
1210 1597 161 60 cognoscit
1335 1597 112 60 aliam
1409 1597 87 60 rem
1459 1597 99 60 nisi
1521 1597 174 60 prehabenat
1645 1597 87 60 noti-

1011 1645 95 67 tiam
1071 1645 119 67 illius
1154 1645 143 67 alterius
1261 1645 95 67 rei.
1321 1645 107 67 Uerbi
1392 1645 119 67 gratia
1476 1645 72 67 si
1512 1645 155 67 cognoscam
1631 1645 95 67 ista
1678 1645 60 67 in-

1010 1687 151 69 feriora:
1124 1687 76 69 et
1162 1687 139 69 numquam
1263 1687 151 69 vidissem
1376 1687 139 69 corpora
1477 1687 177 69 superiora:
1616 1687 126 69 nullam
1692 1687 50 69 no

1014 1735 121 50 titiam
1099 1735 133 50 haberem
1195 1735 73 50 de
1231 1735 97 50 sole
1292 1735 73 50 et
1328 1735 97 50 luna
1389 1735 73 50 et
1425 1735 133 50 stellis
1521 1735 73 50 et
1558 1735 157 50 huiusmodi
1666 1735 73 50 cor-

1017 1775 148 64 poribus.
1128 1775 74 64 Et
1165 1775 111 64 ratio
1239 1775 99 64 est:
1301 1775 99 64 quia
1362 1775 111 64 omnis
1437 1775 136 64 notitia
1535 1775 185 64 abstractiua
1671 1775 62 64 ali

1010 1826 113 52 cuius
1086 1826 88 52 rei
1136 1826 75 52 in
1173 1826 88 52 se:
1223 1826 88 52 vel
1274 1826 138 52 notitia
1374 1826 138 52 simplex
1474 1826 138 52 propria
1574 1826 150 52 alicuius
1674 1826 63 52 rei

1014 1869 197 53 naturaliter
1172 1869 158 53 loquendo
1290 1869 210 53 praesupponit
1461 1869 158 53 notitiam
1566 1869 158 53 intuitiuam

1007 1907 126 67 eiusdem
1098 1907 91 67 rei.
1155 1907 80 67 sed
1201 1907 126 67 notitia
1292 1907 149 67 intuitiua
1407 1907 137 67 alicuius
1510 1907 80 67 rei
1555 1907 126 67 numquam
1636 1907 91 67 potest

995 1947 127 55 haberi
1084 1947 191 55 naturaliter
1237 1947 102 55 nisi
1300 1947 165 55 effectiue
1428 1947 89 55 vel
1478 1947 140 55 mediate
1580 1947 89 55 vel
1618 1947 102 55 immedi

995 2000 94 53 ate
1048 2000 81 53 ab
1089 2000 108 53 illa
1156 2000 94 53 re:
1210 2000 108 53 ergo
1277 2000 94 53 nec
1331 2000 148 53 notitia
1439 2000 202 53 abstractiua
1587 2000 135 53 eiusdem-

1005 2046 70 55 et
1040 2046 82 55 per
1087 2046 163 55 consequens
1215 2046 117 55 nulla.
1297 2046 105 55 maior
1367 2046 105 55 patet
1437 2046 70 55 et
1472 2046 117 55 maxime
1554 2046 70 55 de
1589 2046 128 55 notitia
1671 2046 58 55 ac-

1008 2081 124 65 quisita
1098 2081 124 65 quamuis
1188 2081 113 65 aliter
1267 2081 113 65 posset
1345 2081 101 65 fieri
1413 2081 79 65 per
1458 2081 124 65 diuinam
1548 2081 158 65 potentiam:
1660 2081 68 65 quia

1008 2135 84 54 sic
1056 2135 133 54 argutum
1153 2135 97 54 est.
1213 2135 109 54 inter
1285 2135 121 54 causam
1370 2135 72 54 et
1406 2135 145 54 effectum
1515 2135 84 54 est
1563 2135 97 54 ordo
1623 2135 72 54 et
1648 2135 84 54 depe-

995 2167 126 64 dentia
1083 2167 126 64 maxime
1171 2167 201 64 essentialis:
1335 2167 75 64 et
1372 2167 113 64 tamen
1448 2167 88 64 ibi
1498 2167 138 64 notitia
1586 2167 138 64 incomple-

1001 2220 77 56 xa
1040 2220 116 56 vnius
1117 2220 90 56 rei
1168 2220 90 56 non
1220 2220 154 56 continet
1335 2220 154 56 notitiam
1451 2220 193 56 incomplexam
1592 2220 129 56 alterius

1000 2257 82 54 rei:
1051 2257 62 54 et
1082 2257 72 54 hoc
1123 2257 92 54 etiam
1185 2257 134 54 quaelibet
1287 2257 62 54 in
1318 2257 62 54 se
1349 2257 144 54 experitur:
1462 2257 82 54 quia
1513 2257 164 54 quantucumque
1637 2257 82 54 perfe-

997 2301 101 67 cte
1054 2301 188 67 cognoscat
1199 2301 159 67 aliquam
1315 2301 101 67 rem
1373 2301 159 67 numquam
1489 2301 188 67 cogitabit
1620 2301 101 67 cogi-

991 2351 150 62 tatione
1100 2351 164 62 simplici
1223 2351 82 62 et
1264 2351 150 62 propria
1373 2351 82 62 de
1414 2351 109 62 alia
1482 2351 95 62 re:
1537 2351 109 62 quam
1591 2351 123 62 nunquam

1000 2385 101 59 prius
1067 2385 168 59 apprehendit
1201 2385 78 59 nec
1246 2385 78 59 per
1291 2385 112 59 sensum
1369 2385 78 59 nec
1414 2385 78 59 per
1459 2385 179 59 intellectum.
1604 2385 101 59 sicut
1660 2385 45 59 si

1003 2438 125 50 aliquis
1093 2438 148 50 intuitiue
1207 2438 125 50 videret
1298 2438 182 50 substantiam:
1445 2438 125 50 numquam
1536 2438 79 50 per
1582 2438 79 50 hoc
1616 2438 102 50 distin-

997 2483 97 53 cte
1053 2483 208 53 cognosceret
1219 2483 152 53 aliquod
1330 2483 166 53 accidens
1455 2483 83 53 in
1496 2483 222 53 particulari.
1663 2483 55 53 Si

993 2525 115 61 dicitur
1076 2525 84 61 quod
1128 2525 63 61 si
1160 2525 136 61 subiectum
1264 2525 178 61 cognosceretur
1411 2525 125 61 secundum
1505 2525 84 61 omne
1557 2525 84 61 suum
1609 2525 84 61 esse
1651 2525 63 61 quod

993 2570 113 62 tunc
1064 2570 255 62 cognoscerentur
1276 2570 113 62 omns
1346 2570 198 62 passiones:
1502 2570 113 62 puta
1573 2570 85 62 si
1601 2570 113 62 cogno-

996 2610 121 57 sceretur
1087 2610 121 57 secundum
1177 2610 81 57 esse
1228 2610 121 57 secundum
1318 2610 81 57 quod
1369 2610 70 57 est
1409 2610 131 57 subiectum
1510 2610 101 57 istius
1580 2610 131 57 passionis
1671 2610 50 57 con
