2196 3065
254 209 81 67 te
294 209 216 67 perfectionis
469 209 162 67 respectu
591 209 148 67 aliorum
698 209 81 67 et
739 209 175 67 primitate
860 209 108 67 totali

245 268 156 63 respectu
362 268 143 63 aliorum
465 268 156 63 scilicet
582 268 156 63 respectu
699 268 143 63 materie
802 268 78 63 et
841 268 130 63 forme:
919 268 52 63 po

252 310 107 53 nitur
323 310 59 53 a
347 310 119 53 multis
430 310 119 53 corpus
513 310 154 53 naturale.
632 310 71 53 Et
667 310 107 53 tamen
739 310 142 53 secundum
845 310 83 53 rei
881 310 83 53 veri-

259 354 101 49 tatem
326 354 78 49 non
371 354 78 49 est
416 354 146 49 subiectum
527 354 112 49 totius
606 354 101 49 libri
673 354 157 49 pisicorum:
796 354 78 49 sed
841 354 112 49 tantum
908 354 56 49 il-

251 398 111 59 lius
320 398 138 59 partis
417 398 83 59 in
458 398 97 59 qua
514 398 235 59 demonstrantur
707 398 180 59 passiones
845 398 83 59 de
873 398 83 59 ipso

249 447 141 49 corpore
352 447 154 49 naturali
467 447 77 49 et
505 447 90 49 non
556 447 77 49 de
595 447 102 49 eius
659 447 179 49 contentis:
799 447 90 49 nec
851 447 77 49 de
876 447 77 49 eius

243 486 166 55 partibus:
371 486 89 55 nec
422 486 77 55 de
461 486 166 55 quocumque
588 486 115 55 alio.
665 486 89 55 hoc
716 486 115 55 patet
793 486 102 55 quia
857 486 102 55 idem
908 486 51 55 po

245 530 123 53 nitur
327 530 177 53 subiectum
464 530 123 53 libri
546 530 109 53 phi.
614 530 82 53 et
655 530 136 53 totius
750 530 205 53 philosophie
900 530 55 53 na

228 578 147 50 turalis.
338 578 98 50 quia
400 578 74 50 in
436 578 110 50 libro
510 578 98 50 phi.
571 578 196 50 determinatur
731 578 74 50 de
768 578 98 50 illo
829 578 74 50 in
854 578 110 50 communi

234 621 71 51 et
270 621 71 51 in
305 621 106 51 aliis
375 621 118 51 libris
458 621 71 51 de
493 621 94 51 eius
552 621 165 51 contentis.
681 621 153 51 Similiter
798 621 94 51 idem
845 621 106 51 ponitur

238 661 152 51 subiectum
355 661 105 51 libri
426 661 129 51 priorum
519 661 70 51 et
555 661 117 51 totius
637 661 129 51 logice:
730 661 94 51 quia
789 661 70 51 in
824 661 105 51 libro
883 661 70 51 prio

234 707 87 57 rum
283 707 198 57 determinatur
444 707 74 57 de
482 707 174 57 fillogismo
618 707 74 57 in
655 707 149 57 communi.
767 707 74 57 et
804 707 74 57 in
841 707 112 57 aliis
903 707 50 57 li

222 751 97 64 bris
283 751 73 64 de
319 751 97 64 eius
380 751 170 64 contentis:
514 751 109 64 sicut
586 751 73 64 in
623 751 109 64 libro
696 751 182 64 posteriorum
842 751 97 64 etc.
890 751 61 64 vel

227 797 84 50 de
269 797 112 50 eius
339 797 181 50 partibus.
478 797 126 50 sicut
562 797 84 50 in
604 797 126 50 libro
688 797 265 50 praedicametorum
897 797 56 50 et

235 837 137 61 periar.
334 837 75 61 Et
371 837 112 61 tamen
446 837 87 61 hoc
496 837 87 61 non
546 837 162 61 obstante:
670 837 199 61 distinctorum
820 837 124 61 librorum

233 890 134 49 ponuntur
333 890 67 49 ab
367 890 78 49 eis
412 890 145 49 distincta
523 890 145 49 subiecta:
635 890 67 49 et
669 890 78 49 per
713 890 156 49 consequens
836 890 78 49 non
870 890 78 49 habet

226 931 125 49 tantum
313 931 100 49 vnum
375 931 175 49 subiectum:
513 931 87 49 sed
563 931 112 49 multa
638 931 150 49 subiecta
750 931 150 49 secundum
850 931 100 49 multi-

228 971 145 53 tudinem
333 971 211 53 conclusionum
505 971 171 53 habentium
637 971 171 53 distincta
768 971 171 53 subiecta.
887 971 66 53 in-

222 1014 85 51 ter
270 1014 97 51 quae
331 1014 109 51 tamen
404 1014 85 51 est
452 1014 97 51 vnum
513 1014 121 51 primum
598 1014 85 51 vna
647 1014 158 51 primitate
756 1014 194 51 praedicationis

213 1060 161 55 resspectu
336 1060 186 55 diuersorum.
485 1060 74 55 Et
522 1060 161 55 aliquando
646 1060 99 55 vnum
708 1060 87 55 est
757 1060 124 55 primum
844 1060 87 55 vna
881 1060 74 55 pri-

218 1100 150 54 mitate.
327 1100 82 54 et
368 1100 123 54 aliud
450 1100 136 54 primum
546 1100 177 54 primitate
682 1100 123 54 alia.
764 1100 82 54 Et
805 1100 109 54 ista
859 1100 82 54 for-

214 1143 68 55 te
248 1143 80 55 est
293 1143 114 55 causa:
373 1143 103 55 quare
442 1143 114 55 aliqui
521 1143 148 55 posuerunt
635 1143 91 55 quod
692 1143 80 55 ens
738 1143 80 55 est
783 1143 148 55 subiectum
886 1143 57 55 me-

203 1194 102 43 tha.
267 1194 77 43 et
305 1194 102 43 alii
369 1194 102 43 quod
433 1194 115 43 deus:
509 1194 102 43 quia
573 1194 115 43 inter
650 1194 115 43 omnia
726 1194 153 43 subiecta
841 1194 102 43 deus
892 1194 64 43 est

219 1230 131 55 primum
310 1230 170 55 primitate
441 1230 222 55 perfectionis:
624 1230 78 55 et
663 1230 92 55 ens
716 1230 131 55 primum
794 1230 144 55 primitate

215 1273 204 65 praedicationis.
409 1273 64 65 Et
441 1273 86 65 ideo
495 1273 97 65 dico:
559 1273 86 65 quod
613 1273 97 65 sicut
677 1273 129 65 secundum
774 1273 97 65 omnes
828 1273 107 65 phsienia

211 1325 156 56 naturalis
331 1325 84 56 est
379 1325 84 56 vna
426 1325 144 56 scientia
534 1325 168 56 extendendo
666 1325 156 56 vnitatem:
785 1325 72 56 et
809 1325 132 56 similiter

210 1371 118 56 mathe.
293 1371 71 56 et
329 1371 107 56 tamen
400 1371 154 56 quaelibet
518 1371 130 56 istarum
613 1371 107 56 habet
684 1371 166 56 distinctas
814 1371 118 56 partes
885 1371 59 56 ha-

212 1410 117 53 bentes
294 1410 152 53 distincta
410 1410 140 53 subiecta
515 1410 70 53 et
550 1410 82 53 per
597 1410 163 53 consequens
725 1410 82 53 non
772 1410 117 53 habent
842 1410 93 53 tantum

220 1450 99 57 vnum
281 1450 173 57 subiectum:
418 1450 87 57 ita
467 1450 111 57 libri
541 1450 99 57 phi.
603 1450 74 57 et
640 1450 173 57 geometria.
776 1450 74 57 et
801 1450 136 57 huiusmodi

223 1495 124 53 partes
309 1495 198 53 praedictarum
470 1495 186 53 scientiarum
619 1495 124 53 habent
705 1495 173 53 distinctas
829 1495 99 53 partes

216 1535 155 65 habentes
332 1535 168 65 distincta
461 1535 168 65 subiecta.
590 1535 116 65 inter
668 1535 103 65 quae
732 1535 116 65 tamen
810 1535 90 65 est
849 1535 77 65 ordo

205 1585 127 60 sicut
289 1585 197 60 declaratum
445 1585 113 60 est.
515 1585 85 60 Et
557 1585 99 60 ita
614 1585 99 60 nec
670 1585 127 60 libri
755 1585 113 60 phi.
825 1585 99 60 nec
868 1585 70 60 li-

213 1625 107 60 bberi
284 1625 71 60 de
320 1625 107 60 anima
391 1625 83 60 est
438 1625 118 60 tantum
521 1625 95 60 vnum
580 1625 166 60 subiectum:
710 1625 83 60 sed
758 1625 95 60 sunt
805 1625 130 60 distincta

206 1672 159 59 subiecta
325 1672 212 59 distinctarum
497 1672 146 59 partium
604 1672 159 59 illarum:
723 1672 80 59 in
763 1672 133 59 quibus
855 1672 80 59 de
882 1672 53 59 di

209 1713 157 60 stinctis
327 1713 131 60 aliqua
418 1713 170 60 passiones
549 1713 209 60 ostenduntur.
719 1713 78 60 Et
758 1713 92 60 ita
810 1713 118 60 aliud
876 1713 65 60 est

213 1754 167 61 subiectum
342 1754 128 61 illius
431 1754 128 61 partis
521 1754 77 61 in
560 1754 90 61 qua
611 1754 205 61 determinatur
778 1754 77 61 de
816 1754 116 61 anima
881 1754 51 61 in

207 1808 145 51 communi:
315 1808 72 51 et
352 1808 108 51 aliud
424 1808 72 51 in
460 1808 96 51 illa
520 1808 72 51 in
556 1808 84 51 qua
605 1808 193 51 determinatur
761 1808 72 51 de
797 1808 108 51 anima
858 1808 84 51 sensi

196 1846 114 60 tiua.
272 1846 76 60 et
310 1846 114 60 aliud
387 1846 127 60 illius
475 1846 127 60 partis
564 1846 76 60 in
602 1846 89 60 qua
653 1846 203 60 determinatur
818 1846 76 60 de
843 1846 89 60 anima

205 1888 207 55 intellectiua:
375 1888 73 55 et
412 1888 85 55 sic
460 1888 73 55 de
497 1888 122 55 aliis.
582 1888 73 55 Et
619 1888 85 55 hoc
667 1888 158 55 probatur.
789 1888 97 55 quia
838 1888 85 55 talem

211 1938 124 55 ordinem
301 1938 113 55 habent
380 1938 135 55 secundum
482 1938 135 55 superius
583 1938 68 55 et
617 1938 135 55 inferius
719 1938 102 55 anima
786 1938 68 55 et
820 1938 102 55 anima
877 1938 56 55 in-

207 1983 170 54 tellectiua
340 1983 73 54 et
377 1983 109 54 anima
450 1983 170 54 semsitiua:
583 1983 121 54 qualem
668 1983 121 54 habent
753 1983 121 54 corpus
838 1983 73 54 et
862 1983 73 54 cor-

209 2026 95 48 pus
264 2026 164 48 celeste.
387 2026 82 48 et
428 2026 191 48 generabile
578 2026 82 48 et
618 2026 232 48 corruptibile.
809 2026 95 48 Sed
850 2026 82 48 ista

206 2071 129 53 corpus
296 2071 77 53 et
335 2071 142 53 celeste
438 2071 142 53 corpus.
542 2071 77 53 et
580 2071 129 53 corpus
671 2071 181 53 generabile
813 2071 77 53 et
839 2071 77 53 cor-

190 2113 192 48 ruptibile
338 2113 177 48 ponuntur
471 2113 177 48 subiecta
603 2113 192 48 distincta
736 2113 177 48 distincta-

209 2154 70 57 rum
249 2154 111 57 partium
330 2154 151 57 philosophie
450 2154 141 57 naturalis:
561 2154 80 57 ergo
611 2154 91 57 eodem
672 2154 80 57 modo
722 2154 91 57 anima
782 2154 60 57 et
812 2154 91 57 anima
863 2154 60 57 sem-

194 2195 127 61 sitiua
283 2195 76 61 et
321 2195 114 61 anima
397 2195 203 61 intellectiua
562 2195 139 61 possunt
663 2195 101 61 poni
727 2195 165 61 distincta
841 2195 76 61 sub-

188 2241 115 57 iecta
265 2241 140 57 illarum
367 2241 140 57 partium
469 2241 128 57 illius
558 2241 153 57 scientie
673 2241 77 57 in
711 2241 89 57 qua
762 2241 77 57 de
800 2241 89 57 eis
839 2241 89 57 deter

191 2291 141 49 minatur.
297 2291 165 49 Similiter.
427 2291 106 49 sicut
498 2291 106 49 aliud
568 2291 83 49 est
616 2291 153 49 subiectum
733 2291 106 49 libri
792 2291 130 49 praedica-

187 2336 163 50 mentorum
310 2336 82 50 in
351 2336 95 50 quo
405 2336 218 50 determinatur
582 2336 82 50 de
623 2336 204 50 incomplexis
787 2336 109 50 quae
841 2336 82 50 sunt

201 2380 128 49 partes
291 2380 205 49 complexorum.
457 2380 77 49 et
495 2380 115 49 aliud
572 2380 89 49 li.
623 2380 141 49 periar.
725 2380 77 49 in
764 2380 89 49 quo
802 2380 115 49 determi

204 2421 108 48 natur
276 2421 72 48 de
312 2421 156 48 complexis
431 2421 96 48 quae
491 2421 96 48 sunt
551 2421 120 48 partes
635 2421 215 48 sillogismorum.
814 2421 72 48 et
838 2421 84 48 aliud

195 2458 110 62 libri
268 2458 135 62 priorum
366 2458 74 62 in
403 2458 86 62 quo
452 2458 196 62 determinatur
612 2458 74 62 de
648 2458 172 62 sillogismo
783 2458 74 62 in
808 2458 110 62 communi

205 2506 110 50 tuius
278 2506 159 50 praedicta
401 2506 98 50 sunt
462 2506 135 50 partes:
560 2506 86 50 ita
609 2506 98 50 dico
671 2506 98 50 eque
720 2506 196 50 rationabiliter

201 2552 104 56 quod
266 2552 118 56 aliud
345 2552 91 56 est
397 2552 170 56 subiectum
527 2552 131 56 illius
619 2552 131 56 partis
710 2552 78 56 in
749 2552 91 56 qua
788 2552 131 56 determi-

191 2597 124 66 natur
274 2597 82 66 de
315 2597 151 66 materia
425 2597 137 66 prima.
521 2597 82 66 et
562 2597 124 66 aliud
644 2597 137 66 illius
741 2597 82 66 in
782 2597 96 66 qua
823 2597 96 66 deter

1067 221 154 73 minatur
1179 221 84 73 de
1221 221 182 73 composito
1389 221 84 73 Ad
1431 221 126 73 aliud
1515 221 126 73 dico:
1599 221 112 73 quod
1669 221 98 73 non
1711 221 70 73 sic

1059 270 76 57 se
1097 270 114 57 habet
1173 270 164 57 subiectum
1300 270 76 57 ad
1338 270 164 57 scientiam
1464 270 114 57 sicut
1540 270 152 57 obiectum
1654 270 76 57 ad
1679 270 101 57 poten-

1052 324 117 58 tiam.
1130 324 104 58 quia
1194 324 155 58 obiectum
1311 324 91 58 est
1363 324 117 58 illud
1440 324 104 58 quod
1505 324 155 58 terminat
1622 324 117 58 actum
1686 324 91 58 poten

1061 359 96 63 tie.
1121 359 156 63 subiectum
1241 359 108 63 autem
1313 359 84 63 non
1361 359 84 63 est
1409 359 108 63 illud
1480 359 96 63 quod
1540 359 132 63 scitur.
1636 359 84 63 nec
1672 359 96 63 termi-

1049 408 76 66 nat
1092 408 97 66 actum
1157 408 129 66 scientie
1254 408 86 66 nisi
1308 408 173 66 partialiter:
1448 408 65 66 et
1481 408 86 66 ideo
1535 408 76 66 non
1578 408 76 66 est
1621 408 119 66 simile.
1729 408 65 66 Ad

1051 456 112 59 aliud
1125 456 112 59 dico:
1200 456 100 59 quod
1262 456 137 59 commen.
1362 456 137 59 accipit
1462 456 87 59 ibi
1511 456 162 59 scientiam
1636 456 100 59 vnam
1686 456 87 59 large

1059 504 76 47 et
1097 504 164 47 subiectum
1223 504 126 47 primum
1311 504 88 47 pro
1362 504 101 47 illo
1425 504 101 47 quod
1488 504 88 47 est
1538 504 126 47 primum
1626 504 113 47 inter
1689 504 76 47 omna

1046 535 165 68 subiecta
1170 535 137 68 aliqua
1266 535 192 68 primitate.
1417 535 82 68 et
1458 535 110 68 isto
1527 535 110 68 modo
1595 535 96 68 ens
1650 535 96 68 est
1691 535 69 68 sub

1044 581 124 57 iectum
1130 581 124 57 primum
1217 581 124 57 metha.
1304 581 99 57 quia
1366 581 87 57 est
1415 581 124 57 primum
1502 581 111 57 inter
1576 581 111 57 omnia
1638 581 124 57 subiecta

1045 624 153 64 primitate
1163 624 224 64 praedicationis.
1351 624 71 64 Et
1386 624 106 64 tamen
1457 624 82 64 cum
1504 624 82 64 hoc
1551 624 94 64 stat
1610 624 94 64 quod
1657 624 106 64 distin-

1036 671 144 59 ctarum
1136 671 158 59 partium
1252 671 115 59 sint
1324 671 187 59 distincta
1468 671 187 59 subiecta.
1612 671 86 59 Et
1655 671 101 59 ita
1698 671 58 59 de

1044 718 142 56 virtute
1147 718 155 56 sermonis
1264 718 129 56 dictum
1354 718 142 56 commen.
1458 718 90 56 est
1509 718 129 56 falsum
1600 718 129 56 quando
1678 718 90 56 dicit

1044 758 104 65 quod
1109 758 91 65 ens
1161 758 91 65 est
1214 758 170 65 subiectum
1344 758 131 65 metha.
1436 758 104 65 quia
1501 758 91 65 cum
1553 758 91 65 ens
1605 758 91 65 non
1658 758 91 65 sit
1697 758 78 65 sub-

1038 807 145 48 iectum
1140 807 145 48 omnium
1242 807 160 48 partium
1358 807 145 48 metha.
1460 807 102 48 sed
1518 807 131 48 vnius
1605 807 102 48 vel
1649 807 116 48 aliqua

1036 855 95 55 rum
1091 855 163 55 certarum
1213 855 149 55 partium
1321 855 95 55 non
1376 855 136 55 potest
1471 855 109 55 dici
1538 855 176 55 subiectum
1660 855 109 55 totius

1033 894 83 58 de
1075 894 152 58 virtute
1185 894 179 58 sermonis:
1323 894 124 58 tamen
1406 894 97 58 sed
1461 894 207 58 intentionem
1627 894 110 58 suam
1682 894 69 58 ens

1039 944 80 54 est
1084 944 149 54 subiectum
1199 944 114 54 metha.
1279 944 92 54 quia
1336 944 80 54 per
1382 944 103 54 istam
1450 944 195 54 propositionem
1611 944 80 54 ens
1656 944 80 54 est
1691 944 57 54 sub

1032 977 124 57 iectum
1119 977 124 57 metha.
1206 977 174 57 intelligit
1343 977 112 57 istam
1417 977 224 57 propositionem.
1604 977 112 57 inter
1666 977 87 57 omnia

1036 1024 172 58 subiecta
1165 1024 201 58 diuersarum
1322 1024 158 58 partium
1437 1024 143 58 metha.
1537 1024 100 58 ens
1594 1024 100 58 est
1637 1024 115 58 primum

1026 1065 152 70 primitate
1143 1065 222 70 praedicationis.
1331 1065 70 70 Et
1366 1065 94 70 tunc
1424 1065 82 70 est
1471 1065 117 70 simile
1553 1065 82 70 de.
1600 1065 70 70 q.
1635 1065 70 70 qu
1659 1065 105 70 quaeri-

1019 1115 106 50 tur:
1085 1115 106 50 quid
1151 1115 93 50 est
1204 1115 172 50 subiectum
1337 1115 132 50 metha.
1429 1115 93 50 vel
1482 1115 93 50 li.
1522 1115 225 50 praedicametorum

1028 1154 72 64 et
1064 1154 84 64 de.
1112 1154 72 64 q.
1148 1154 84 64 qua
1196 1154 192 64 quaereretur:
1352 1154 96 64 quis
1413 1154 84 64 est
1461 1154 84 64 rex
1509 1154 120 64 mundi:
1593 1154 84 64 vel
1641 1154 96 64 quis
1689 1154 60 64 est

1034 1203 90 57 rex
1085 1203 128 57 totius
1175 1203 256 57 christianitatis.
1393 1203 102 57 quia
1457 1203 115 57 sicut
1533 1203 141 57 diuersa
1636 1203 115 57 regna
1700 1203 51 57 ha

1027 1242 104 59 bent
1092 1242 156 59 diuersos
1209 1242 130 59 reges:
1299 1242 78 59 et
1338 1242 130 59 nullus
1429 1242 91 59 est
1481 1242 91 59 rex
1533 1242 143 59 totius.
1636 1242 78 59 et
1662 1242 91 59 tamen

1032 1285 159 57 aliquando
1154 1285 86 57 hii
1203 1285 110 57 reges
1276 1285 135 57 possunt
1374 1285 122 57 habere
1460 1285 135 57 ordinem
1558 1285 110 57 inter
1631 1285 86 57 se.
1668 1285 73 57 quia

1029 1329 167 64 scilicet
1154 1329 111 64 vnus
1224 1329 97 64 est
1279 1329 139 64 potior
1377 1329 111 64 alio
1446 1329 97 64 vel
1502 1329 153 64 ditior:
1613 1329 97 64 ita
1655 1329 97 64 nihil

1026 1380 91 50 est
1078 1380 169 50 subiectum
1208 1380 130 50 totius
1298 1380 130 50 metha.
1389 1380 91 50 sed
1441 1380 181 50 diuersarum
1583 1380 143 50 partium
1674 1380 78 50 sunt

1024 1416 132 65 diuersa
1120 1416 156 65 subiecta.
1239 1416 72 65 et
1275 1416 108 65 tamen
1347 1416 96 65 illa
1407 1416 144 65 subiecta
1515 1416 132 65 possunt
1610 1416 120 65 habere
1682 1416 60 65 or-

1029 1461 121 65 dinem
1109 1461 121 65 inter
1190 1461 94 65 se:
1244 1461 121 65 sicut
1325 1461 135 65 dictum
1419 1461 94 65 est
1473 1461 121 65 prius
1581 1461 81 65 Ad
1621 1461 148 65 quartum
1715 1461 54 65 et

1020 1511 125 55 dubium
1107 1511 112 55 dico:
1182 1511 100 55 quod
1244 1511 100 55 ille
1306 1511 137 55 habitus
1406 1511 87 55 qui
1456 1511 87 55 est
1506 1511 200 55 equiualenter
1656 1511 112 55 intelbi

1028 1551 111 69 lectus
1105 1551 177 69 principiorum
1249 1551 66 69 et
1282 1551 133 69 scientia
1382 1551 188 69 conclusionis.
1537 1551 77 69 pro
1581 1551 133 69 subiecto
1670 1551 77 69 habet

1016 1592 148 61 subiectum
1130 1592 194 61 conclusionis.
1289 1592 91 61 quia
1346 1592 125 61 oportet
1437 1592 91 61 quod
1494 1592 148 61 subiectum
1608 1592 80 61 sit
1642 1592 103 61 aliquod

1021 1637 193 64 incomplexum.
1178 1637 72 64 et
1214 1637 133 64 praeter
1311 1637 157 64 subiectum
1431 1637 193 64 conclusionis
1588 1637 84 64 non
1636 1637 84 64 est
1673 1637 72 64 ali-

1014 1683 111 57 quod
1084 1683 209 57 incomplexum
1251 1683 111 57 nisi
1320 1683 209 57 praedicatum
1487 1683 97 57 vel
1543 1683 139 57 medium
1627 1683 111 57 quorum

1009 1736 126 52 neutrum
1100 1736 126 52 ponitur
1191 1736 148 52 subiectum
1305 1736 148 52 scientie.
1419 1736 148 52 Similiter
1534 1736 103 52 dico:
1602 1736 91 52 quod
1659 1736 68 52 si
1682 1736 57 52 sit

1013 1770 168 60 possibile
1142 1770 103 60 quod
1206 1770 90 60 sit
1258 1770 142 60 aliquas
1361 1770 142 60 habitus
1464 1770 103 60 vnus
1529 1770 155 60 respectu
1632 1770 103 60 princi

1016 1819 128 52 piorum
1106 1819 77 52 et
1144 1819 205 52 conclusionum
1311 1819 166 52 habentium
1439 1819 166 52 distincta
1567 1819 166 52 subiecta.
1682 1819 51 52 il

1005 1860 105 55 lius
1071 1860 145 55 habitus
1176 1860 92 55 non
1229 1860 92 55 est
1282 1860 145 55 aliquod
1387 1860 105 55 vnum
1453 1860 185 55 subiectum:
1598 1860 92 55 sed
1638 1860 92 55 habet

1011 1899 104 51 multa
1081 1899 138 51 subiecta
1184 1899 138 51 scilicet
1288 1899 104 51 omnia
1357 1899 92 51 illa
1415 1899 92 51 quae
1472 1899 92 51 sunt
1530 1899 138 51 subiecta
1622 1899 104 51 distin-

1017 1940 86 72 cta
1066 1940 183 72 scientiarum
1212 1940 122 72 quibus
1298 1940 159 72 equiualet
1420 1940 98 72 iste
1481 1940 98 72 vnus
1543 1940 147 72 habitus.
1677 1940 73 72 Ad

1015 1993 133 56 vltimum
1112 1993 121 56 dubium
1197 1993 109 56 patet
1269 1993 121 56 prius:
1354 1993 97 56 quod
1415 1993 73 56 de
1451 1993 109 56 eodem
1524 1993 145 56 subiecto
1621 1993 109 56 propter

1014 2033 191 48 diuersitatem
1170 2033 191 48 predicatorum
1325 2033 132 48 possunt
1421 2033 96 48 esse
1481 2033 156 48 distincte
1588 2033 132 48 scientie.

1027 2071 75 60 Et
1065 2071 75 60 si
1102 2071 137 60 dicatur
1201 2071 99 60 quod
1263 2071 87 60 ens
1313 2071 199 60 consideratur
1475 2071 75 60 in
1512 2071 124 60 metha.
1586 2071 137 60 inquantum

1003 2126 98 51 ens:
1064 2126 74 51 et
1101 2126 74 51 in
1138 2126 98 51 alia
1199 2126 147 51 scientia
1309 2126 159 51 inquantum
1432 2126 159 51 subiectum
1554 2126 159 51 aliquarum
1665 2126 61 51 pas

1013 2163 131 65 sionum
1104 2163 248 65 determinatarum.
1314 2163 78 65 et
1353 2163 118 65 tamen
1431 2163 92 65 hic
1484 2163 92 65 non
1536 2163 105 65 sunt
1588 2163 144 65 distincte

1011 2208 160 55 passiones
1134 2208 86 55 sed
1183 2208 123 55 tantum
1269 2208 160 55 distincti
1391 2208 98 55 modi
1453 2208 209 55 considerandi:
1625 2208 98 55 ergo
1674 2208 49 55 so

1001 2246 109 66 lus
1064 2246 140 66 modus
1157 2246 249 66 considerandi
1360 2246 187 66 diuersus
1500 2246 156 66 causat
1593 2246 125 66 diuer-

995 2291 148 65 sitatem
1102 2291 81 65 in
1143 2291 188 65 scientiis.
1317 2291 175 65 Respondeo
1452 2291 108 65 quod
1519 2291 121 65 illud
1600 2291 108 65 quod
1654 2291 67 65 con

1007 2336 165 53 sideratur
1134 2336 76 53 in
1172 2336 127 53 metha.
1261 2336 76 53 et
1299 2336 76 53 in
1337 2336 101 53 alia
1400 2336 152 53 scientia
1514 2336 76 53 de
1552 2336 101 53 ente
1616 2336 101 53 sunt
1666 2336 51 53 di

994 2382 138 58 stincte
1095 2382 175 58 passiones:
1232 2382 88 58 ita
1283 2382 100 58 quod
1345 2382 100 58 sunt
1408 2382 163 58 distincte
1533 2382 150 58 scientie
1646 2382 75 58 de
1671 2382 50 58 il

995 2423 81 65 lo
1035 2423 148 65 propter
1143 2423 229 65 distinctionem
1331 2423 188 65 passionum.
1479 2423 108 65 quia
1546 2423 81 65 in
1586 2423 135 65 metha.
1667 2423 54 65 de

998 2468 107 61 illo
1065 2468 201 61 ostenduntur
1225 2468 174 61 passiones
1359 2468 134 61 entis:
1452 2468 80 61 et
1493 2468 94 61 hoc
1546 2468 94 61 est
1586 2468 134 61 conside-

990 2518 94 43 rare
1049 2518 70 43 de
1084 2518 94 43 illo
1143 2518 152 43 inquantum
1260 2518 82 43 est
1307 2518 94 43 ens.
1365 2518 70 43 in
1401 2518 94 43 alia
1459 2518 105 43 autem
1529 2518 141 43 scientia
1623 2518 94 43 consi-

1006 2557 150 47 derantur
1118 2557 75 47 de
1155 2557 100 47 illo
1218 2557 162 47 speciales
1343 2557 137 47 proprie
1442 2557 175 47 passiones:
1580 2557 75 47 et
1617 2557 87 47 ita
1655 2557 62 47 est

990 2601 184 66 diuersitas
1134 2601 144 66 illarum
1239 2601 197 66 scientiarum
1396 2601 170 66 habentium
1527 2601 105 66 idem
1580 2601 144 66 subiectum
