2217 3072
250 231 185 76 Questio
385 231 168 76 prima.
503 231 286 76 distinctionis
721 231 135 76 prime.

531 284 311 102 Irca
687 284 272 102 prima

547 377 256 53 distinctione:
758 377 90 53 in
803 377 105 53 qua
848 377 105 53 magi-

549 411 108 63 ster
616 411 148 63 tractat
724 411 81 63 de
764 411 108 63 frui
831 411 81 63 et
858 411 81 63 vti-

545 456 140 50 Quero
639 456 140 50 primo
732 456 93 50 de
779 456 124 50 vti.
841 456 109 50 Utrum

537 499 123 62 tantum
623 499 98 62 omni
684 499 98 62 alio
745 499 61 62 a
770 499 86 62 deo
819 499 86 62 sit
855 499 86 62 vten-

543 542 121 65 dum.
618 542 121 65 Quod
694 542 121 65 non.
770 542 136 65 arguo
845 542 106 65 dupli

533 589 87 62 ci
576 589 116 62 via.
648 589 130 62 Primo
735 589 116 62 quod
808 589 101 62 non
851 589 87 62 omni

217 616 114 74 alio
288 616 71 74 a
317 616 100 74 deo
374 616 100 74 sit
431 616 171 74 vtendum.
559 616 128 74 primo
645 616 114 74 sic.
716 616 114 74 Ipso
787 616 114 74 actu
844 616 100 74 vten-

212 679 79 57 di
251 679 92 57 non
304 679 92 57 est
357 679 158 57 vtendum:
476 679 106 57 ergo
542 679 92 57 non
595 679 106 57 omni
661 679 106 57 alio
727 679 66 57 a
753 679 92 57 deo
806 679 92 57 est
846 679 92 57 vten-

218 718 98 61 dum.
279 718 195 61 consequentia
438 718 122 61 patet.
523 718 159 61 Atecedens
645 718 122 61 probo.
730 718 98 61 quia
792 718 73 61 si
828 718 85 61 sit
865 718 73 61 vtem

207 766 109 55 dum
270 766 124 55 ipso
347 766 124 55 actu
425 766 171 55 vtendi.
549 766 109 55 aut
612 766 124 55 ergo
689 766 140 55 eodem
783 766 140 55 actu.
860 766 78 55 aut

211 812 124 52 alio.
294 812 97 52 Non
349 812 124 52 eodem
432 812 124 52 actu.
515 812 111 52 quia
585 812 97 52 non
640 812 97 52 est
695 812 111 52 idem
764 812 124 52 actus
833 812 111 52 rectus

206 846 80 64 et
246 846 174 64 reflexus.
380 846 94 64 Nec
434 846 121 64 alio.
514 846 107 64 quia
581 846 107 64 tunc
648 846 94 64 duo
702 846 121 64 actus
782 846 134 64 essent
863 846 67 64 si-

201 895 100 54 mul
258 895 86 54 in
301 895 186 54 voluntate
444 895 72 54 ⁋
472 895 157 54 Secundo
587 895 114 54 sic.
658 895 186 54 quocumque
787 895 143 54 conuenit

199 941 98 54 vti
255 941 125 54 eodem
338 941 167 54 conuenit
464 941 139 54 abuti.
562 941 98 54 sed
617 941 139 54 aliqua
715 941 112 54 sunt
785 941 139 54 quibus
868 941 70 54 non

208 987 174 52 conuenit
338 987 145 52 abuti.
439 987 116 52 ergo
512 987 145 52 aliqua
613 987 116 52 sunt
686 987 145 52 quibus
787 987 101 52 non
831 987 101 52 conue

205 1025 97 63 nit
260 1025 110 63 vti.
329 1025 124 63 maior
412 1025 138 63 patet:
509 1025 110 63 quia
578 1025 166 63 opposita
702 1025 138 63 habent
799 1025 124 63 fieri
868 1025 69 63 cir

194 1064 84 63 ca
236 1064 126 63 idem.
320 1064 98 63 sed
376 1064 98 63 vti
433 1064 84 63 et
475 1064 126 63 abuti
559 1064 112 63 sunt
629 1064 197 63 contraria.
784 1064 112 63 ergo
840 1064 98 63 circa

189 1107 108 76 quod
256 1107 175 76 contingit
391 1107 108 76 vti:
458 1107 175 76 contingit
593 1107 135 76 abuti.
687 1107 121 76 minor
768 1107 135 76 patet.
849 1107 81 76 quia

184 1167 191 58 virtutibus
335 1167 96 58 non
389 1167 164 58 cotingit
512 1167 137 58 abuti.
608 1167 109 58 quia
676 1167 164 58 secundum
786 1167 150 58 magistrum

179 1199 226 62 virtutibus
357 1199 129 62 nemo
438 1199 129 62 male
519 1199 178 62 vtitur:
648 1199 129 62 ergo
729 1199 129 62 nemo
810 1199 113 62 eis
858 1199 65 62 ab

200 1253 143 57 utitur.
304 1253 65 57 ⁋
330 1253 130 57 Tertio
420 1253 104 57 sic.
485 1253 104 57 illo
550 1253 91 57 est
602 1253 143 57 vtendu:
706 1253 104 57 quod
770 1253 91 57 est
822 1253 78 57 in
848 1253 78 57 deum

194 1297 199 57 referibile:
353 1297 93 57 sed
406 1297 119 57 multa
485 1297 106 57 sunt
552 1297 106 57 quae
618 1297 93 57 non
671 1297 159 57 conuenit
790 1297 146 57 referre
883 1297 53 57 in

194 1334 125 62 deum:
278 1334 112 62 ergo
347 1334 112 62 etc.
417 1334 125 62 Maior
501 1334 139 62 patet.
598 1334 112 62 quia
668 1334 98 62 hoc
724 1334 98 62 est
780 1334 112 62 vti.
835 1334 98 62 dili-

188 1390 101 52 gere
251 1390 138 52 aliquid
352 1390 138 52 propter
453 1390 126 52 aliud.
541 1390 75 52 et
578 1390 88 52 per
629 1390 176 52 consequens
767 1390 101 52 omne
830 1390 113 52 illud

201 1424 94 58 quo
254 1424 94 58 est
308 1424 148 58 vtendum
416 1424 134 58 potest
510 1424 134 58 diligi
604 1424 148 58 propter
711 1424 134 58 aliud.
805 1424 94 58 sed
845 1424 81 58 vnum

195 1474 131 56 quodque
291 1474 131 56 propter
386 1474 96 56 deum
446 1474 84 56 est
494 1474 120 56 maxime
577 1474 179 56 diligendum.
721 1474 96 56 ergo
781 1474 96 56 omne
840 1474 108 56 illud

181 1523 100 57 quo
238 1523 100 57 est
295 1523 156 57 vtendum
408 1523 100 57 est
465 1523 85 57 in
508 1523 114 57 deum
579 1523 213 57 referibile.
749 1523 128 57 minor
820 1523 100 57 patet

187 1555 98 66 Tum
243 1555 112 66 quia
313 1555 210 66 intentiones
481 1555 168 66 secunde:
606 1555 98 66 cum
662 1555 98 66 non
718 1555 154 66 possint
816 1555 98 66 funda

181 1600 83 64 re
223 1600 194 64 relationem
375 1600 138 64 realem
472 1600 83 64 ad
513 1600 124 64 deum.
596 1600 97 64 non
651 1600 111 64 sunt
721 1600 83 64 in
762 1600 111 64 deum
817 1600 111 64 referi

183 1642 118 72 biles:
266 1642 153 72 similiter
384 1642 83 72 non
431 1642 94 72 sunt
490 1642 153 72 diligende
608 1642 83 72 cum
655 1642 83 72 non
703 1642 94 72 sint
762 1642 94 72 res.
821 1642 83 72 Tum
856 1642 71 72 quia

191 1693 119 63 mala:
270 1693 106 63 quae
336 1693 92 63 nec
389 1693 145 63 propter
494 1693 92 63 se:
547 1693 92 63 nec
600 1693 145 63 propter
706 1693 119 63 aliud
785 1693 106 63 sunt
838 1693 92 63 aman-

185 1736 99 60 da.
242 1736 99 60 non
298 1736 114 60 sunt
369 1736 85 60 in
412 1736 114 60 deum
483 1736 227 60 referibilia.
667 1736 71 60 ⁋
696 1736 156 60 Secundo
795 1736 128 60 ostendo

192 1782 95 55 quod
252 1782 83 55 deo
299 1782 83 55 sit
347 1782 143 55 vtendum.
454 1782 95 55 quia
513 1782 95 55 omni
573 1782 95 55 illo
632 1782 95 55 quod
692 1782 119 55 potest
775 1782 95 55 esse
823 1782 95 55 licite

186 1827 163 51 obiectum
309 1827 136 51 amoris
404 1827 245 51 concupiscentie
608 1827 95 51 est
663 1827 163 51 vtendum.
785 1827 95 51 sed
826 1827 82 51 deus

169 1853 141 82 licite
267 1853 141 82 potest
366 1853 127 82 amari
450 1853 127 82 amore
534 1853 267 82 concupiscentie.
759 1853 141 82 igitur
844 1853 70 82 deo

178 1911 96 64 est
233 1911 165 64 vtendum.
357 1911 123 64 Maior
439 1911 137 64 patet.
535 1911 110 64 quia
603 1911 123 64 illud
686 1911 110 64 quod
754 1911 137 64 amatur
836 1911 69 64 amo

175 1956 85 70 re
217 1956 270 70 concupiscentie:
445 1956 142 70 amatur
544 1956 156 70 propter
658 1956 128 70 aliud
743 1956 142 70 amatum
828 1956 71 70 amo

173 2005 95 57 re
221 2005 205 57 amicitie.
378 2005 110 57 hoc
441 2005 110 57 est
505 2005 126 57 enim
583 2005 142 57 amari
678 2005 142 57 amore
757 2005 142 57 concupi

171 2042 178 68 scentie.
305 2042 134 68 amari
394 2042 163 68 propter
512 2042 134 68 aliud
601 2042 148 68 amatum
705 2042 134 68 amore
779 2042 119 68 amici-

171 2091 111 60 tie.
241 2091 111 60 quia
310 2091 125 60 amari
394 2091 125 60 amore
477 2091 264 60 concupiscentie.
699 2091 97 60 est
755 2091 111 60 esse
811 2091 97 60 concu

175 2127 110 75 pitum
248 2127 86 75 vel
297 2127 183 75 desideratum
444 2127 134 75 alteri.
541 2127 86 75 sed
590 2127 98 75 quae
651 2127 134 75 diligit
749 2127 134 75 aliquid
835 2127 73 75 pro-

171 2180 100 60 pter
233 2180 112 60 aliud
308 2180 125 60 vtitur
395 2180 112 60 illo.
470 2180 125 60 TMinor
557 2180 125 60 patet.
645 2180 100 60 quia
707 2180 112 60 illud
782 2180 100 60 quod
832 2180 62 60 est

172 2224 129 62 vtile
258 2224 143 62 alicui
358 2224 129 62 amato
444 2224 129 62 amore
530 2224 186 62 amicitie.
673 2224 143 62 potest
773 2224 115 62 sibi
831 2224 57 62 co

171 2270 166 66 cupisci.
296 2270 83 66 et
337 2270 97 66 per
392 2270 194 66 consequens
544 2270 124 66 amari
627 2270 124 66 amore
696 2270 194 66 concupiscen-

166 2311 104 62 tie.
231 2311 91 62 sed
283 2311 104 62 deus
347 2311 91 62 est
399 2311 129 62 vtilis
490 2311 129 62 alicui
580 2311 155 62 creature
697 2311 168 62 rationali
813 2311 78 62 ama-

173 2355 79 66 te
212 2355 119 66 amore
291 2355 171 66 amicitie.
423 2355 132 66 igitur
516 2355 132 66 potest
608 2355 132 66 licite
700 2355 185 66 concupisci
832 2355 66 66 si-

166 2392 89 64 bi.
217 2392 127 64 igitur
306 2392 102 64 illa
369 2392 152 64 creatura
484 2392 127 64 potest
573 2392 127 64 licite
661 2392 89 64 vti
712 2392 102 64 deo.
776 2392 63 64 ⁋
801 2392 76 64 Ad
827 2392 63 64 op-

165 2445 161 56 positum.
285 2445 107 56 solo
352 2445 107 56 illo
419 2445 94 56 est
472 2445 147 56 vtendum
579 2445 107 56 quod
646 2445 94 56 est
700 2445 80 56 ad
740 2445 120 56 aliud
807 2445 80 56 ordi

172 2489 134 63 nabile
265 2489 80 63 et
305 2489 107 63 omni
372 2489 120 63 illo.
452 2489 94 63 sed
506 2489 174 63 quodlibet
639 2489 120 63 aliud
719 2489 67 63 a
746 2489 94 63 deo
799 2489 94 63 est
840 2489 53 63 or

157 2531 156 69 dinabile
274 2531 78 69 ad
313 2531 117 69 deum:
391 2531 91 69 qui
443 2531 91 69 est
495 2531 117 69 finis
574 2531 143 69 omnium.
678 2531 78 69 et
717 2531 104 69 deus
782 2531 91 69 non
821 2531 65 69 est

135 2583 98 58 lest
196 2583 74 58 ad
233 2583 111 58 aliud
307 2583 197 58 ordinabilis.
466 2583 98 58 ergo
528 2583 98 58 etc.
589 2583 61 58 ⁋
614 2583 111 58 Circa
687 2583 111 58 istam
749 2583 135 58 quaestio-

164 2616 91 88 nem
216 2616 117 88 primo
294 2616 182 88 exponendus
437 2616 91 88 est
489 2616 208 88 intellectus.
657 2616 78 88 q.
696 2616 143 88 secundo
800 2616 91 88 ad.
839 2616 52 88 q.

1044 242 67 82 ⁋
1070 242 120 82 Circa
1150 242 133 82 primum
1244 242 93 82 est
1297 242 160 82 sciendum
1417 242 107 82 quod
1483 242 93 82 non
1537 242 213 82 intelligitur
1710 242 120 82 quaeo
1790 242 80 82 de
1816 242 107 82 Primum

1038 300 92 65 vsu
1090 300 105 65 quae
1156 300 92 65 est
1209 300 158 65 operatio
1327 300 197 65 cuiuscumque
1484 300 171 65 potentie:
1615 300 92 65 quo
1655 300 118 65 accipit

1038 347 84 62 tur
1086 347 96 62 vsus
1146 347 121 62 quando
1231 347 145 62 dicitur.
1339 347 108 62 cuius
1412 347 96 62 vsus
1472 347 121 62 bonus:
1556 347 108 62 ipsum
1628 347 96 62 quam
1677 347 84 62 bonum

1037 392 121 57 etc.
1113 392 106 57 Nec
1173 392 91 57 de
1219 392 106 57 vsu
1280 392 106 57 quo
1340 392 212 57 dicimurvti
1507 392 197 57 potentiis
1659 392 91 57 ad
1689 392 76 57 eli

1038 434 167 63 ciendum
1159 434 137 63 actus
1250 434 243 63 potentiarum.
1447 434 106 63 Nec
1508 434 91 63 de
1554 434 106 63 vsu
1614 434 106 63 quo
1660 434 106 63 dici-

1030 481 97 52 mur
1085 481 97 52 vti
1141 481 180 52 habitibus
1279 481 138 52 quando
1375 481 166 52 volumus.
1500 481 97 52 sed
1555 481 83 52 de
1596 481 97 52 vsu
1652 481 97 52 quo
1693 481 83 52 dici

1033 515 100 73 mur
1090 515 100 73 vti
1147 515 143 73 aliquo
1247 515 157 73 tanquam
1361 515 171 73 obiecto.
1489 515 86 73 Et
1532 515 100 73 sic
1575 515 185 73 intelligen-

1043 560 69 68 do
1077 560 161 68 questione.
1203 560 92 68 dico
1261 560 92 68 quod
1318 560 80 68 vti
1364 560 161 68 dupliciter
1490 560 149 68 accipitur
1605 560 138 68 scilicet
1697 560 69 68 lar-

1028 612 77 59 ge
1067 612 77 59 et
1105 612 154 59 stricte.
1221 612 116 59 Targe
1298 612 90 59 est
1349 612 116 59 omnis
1426 612 116 59 actus
1503 612 180 59 voluntatis
1632 612 128 59 secundum

1034 653 129 57 beatum
1124 653 193 57 augustinum.
1278 653 77 57 x.
1317 653 77 57 de
1356 653 129 57 trini.
1446 653 77 57 c.
1484 653 90 57 xi.
1536 653 141 57 Stricte
1638 653 116 57 autem
1703 653 64 57 ae-

1043 695 126 59 cipitur
1134 695 138 59 secundum
1238 695 92 59 quod
1295 695 80 59 est
1341 695 126 59 aliquis
1433 695 103 59 actus
1502 695 161 59 voluntatis
1616 695 138 59 distinctus

1028 743 133 67 contra
1121 743 120 67 frui.
1201 743 80 67 et
1241 743 93 67 sic
1294 743 120 67 magis
1374 743 80 67 in
1413 743 200 67 particulari
1560 743 186 67 intelligitur

1026 789 184 58 questio.
1164 789 77 58 ⁋
1194 789 138 58 Circa
1286 789 123 58 quod
1363 789 138 58 primo
1455 789 184 58 videndum
1592 789 107 58 est
1654 789 107 58 quo
1700 789 61 58 di

1014 826 211 63 stinguitur
1180 826 136 63 actus
1270 826 151 63 vtendi
1375 826 90 63 ab
1421 826 121 63 actu
1496 826 181 63 fruendi.
1616 826 136 63 Secundo

1021 879 116 49 quod
1093 879 101 49 est
1151 879 174 49 obiectum
1281 879 130 49 actus
1368 879 145 49 vtendi
1470 879 72 49 ⁋
1499 879 130 49 Circa
1586 879 145 49 primum
1673 879 72 49 sci

1022 925 116 52 endum
1099 925 103 52 quod
1163 925 141 52 aliquis
1266 925 128 52 potest
1356 925 154 52 assumere
1472 925 141 52 aliquid
1574 925 77 52 in
1600 925 154 52 facultatem

1032 966 176 52 voluntatis
1171 966 189 52 dupliciter.
1322 966 88 52 vel
1372 966 138 52 propter
1472 966 75 52 se
1510 966 88 52 vel
1560 966 138 52 propter
1648 966 101 52 aliud.

1033 1005 129 60 Primo
1118 1005 114 60 modo
1190 1005 157 60 aliquid
1304 1005 186 60 assumitur
1447 1005 86 60 in
1490 1005 200 60 facultatem
1633 1005 114 60 volun-

1012 1054 120 56 tatis.
1096 1054 120 56 quando
1180 1054 132 56 aliquid
1277 1054 193 56 praesentatum
1433 1054 156 56 voluntati
1553 1054 84 56 per
1590 1054 156 56 intellectum

1011 1093 105 66 etiam
1082 1093 70 66 si
1117 1093 94 66 sine
1175 1093 94 66 omni
1234 1093 94 66 alio
1293 1093 223 66 praesentaretur:
1480 1093 176 66 assumeretur
1621 1093 70 66 in
1644 1093 94 66 facul-

1015 1137 129 68 tatem
1101 1137 216 68 voluntatis.
1274 1137 158 68 Secundo
1389 1137 115 68 modo
1461 1137 187 68 assumitur
1605 1137 86 68 in
1633 1137 101 68 facul

1019 1182 116 63 tatem
1096 1182 180 63 voluntatis
1238 1182 129 63 quando
1328 1182 142 63 aliquid
1431 1182 167 63 assumitur
1560 1182 77 63 in
1586 1182 154 63 facultatem

1017 1219 166 71 voluntatis
1148 1219 95 71 alio
1207 1219 190 71 praesentato.
1361 1219 83 71 ita
1408 1219 95 71 quod
1467 1219 71 71 si
1503 1219 107 71 illud
1574 1219 107 71 aliud
1645 1219 83 71 non
1681 1219 59 71 pre

1018 1266 194 67 sentaretur
1170 1266 180 67 voluntati
1308 1266 97 67 vel
1364 1266 97 67 non
1419 1266 207 67 assumeretur
1585 1266 83 67 in
1613 1266 124 67 faculta

1009 1313 98 62 tem
1065 1313 209 62 voluntatis.
1232 1313 125 62 illud
1316 1313 98 62 non
1372 1313 209 62 assumeretur
1539 1313 84 62 in
1567 1313 167 62 facultatem

1017 1356 198 67 voluntatis.
1175 1356 66 67 ⁋
1202 1356 132 67 Primus
1294 1356 119 67 actus
1373 1356 92 67 est
1426 1356 92 67 non
1479 1356 211 67 referibilis.
1637 1356 106 67 quando

1002 1405 133 57 sicitus
1099 1405 145 57 voluntas
1207 1405 121 57 elicit
1292 1405 133 57 aliquem
1389 1405 109 57 actum
1461 1405 109 57 circa
1534 1405 121 57 illud.
1618 1405 85 57 ita
1654 1405 73 57 quod

1003 1451 138 54 eundem
1100 1451 124 54 actum
1183 1451 166 54 eliceret
1307 1451 124 54 etiam
1390 1451 138 54 posito
1487 1451 111 54 quod
1556 1451 124 54 nihil
1639 1451 124 54 aliud

1007 1492 209 54 ostenderetur.
1179 1492 110 54 sicut
1252 1492 74 54 si
1289 1492 123 54 alicui
1375 1492 196 54 ostenderetur
1535 1492 110 54 deus.
1596 1492 135 54 appeteret

1011 1534 107 59 deum
1078 1534 121 59 nullo
1158 1534 107 59 alio
1225 1534 107 59 sibi
1292 1534 161 59 ostenso.
1412 1534 161 59 Secundus
1533 1534 121 59 actus
1613 1534 94 59 est
1654 1534 80 59 refe

1008 1582 115 54 ribils
1089 1582 115 54 quando
1170 1582 81 54 non
1216 1582 162 54 eliceretur
1343 1582 104 54 actus
1412 1582 104 54 circa
1482 1582 104 54 illud
1551 1582 69 54 si
1586 1582 104 54 nihil
1643 1582 81 54 aliud

1006 1618 99 62 sibi
1068 1618 211 62 ostenderetur.
1241 1618 87 62 vel
1291 1618 74 62 si
1328 1618 112 62 nihil
1402 1618 112 62 aliud
1477 1618 186 62 assumeretur
1625 1618 74 62 in
1650 1618 87 62 facul

998 1658 116 69 tatem
1076 1658 194 69 voluntatis.
1231 1658 116 69 sicut
1308 1658 129 69 quando
1399 1658 142 69 aliquis
1502 1658 142 69 appetit
1593 1658 129 69 potionem

998 1714 159 48 amaram.
1113 1714 116 48 quam
1186 1714 101 48 non
1244 1714 188 48 appeteret
1389 1714 87 48 si
1432 1714 101 48 non
1490 1714 188 48 appeteret
1621 1714 101 48 sani-

999 1752 118 55 tatem.
1082 1752 83 55 Sed
1129 1752 94 55 quod
1188 1752 130 55 aliquis
1282 1752 106 55 actus
1353 1752 83 55 sit
1400 1752 83 55 non
1447 1752 177 55 referibilis
1589 1752 118 55 potest
1659 1752 71 55 esse

1000 1789 180 69 dupliciter.
1144 1789 84 69 vel
1192 1789 96 69 quod
1252 1789 144 69 obiectum
1360 1789 168 69 acceptetur
1491 1789 132 69 tanquam
1587 1789 120 69 summum
1659 1789 72 69 sibi

1002 1847 155 55 possibile
1122 1847 155 55 pauntari.
1241 1847 84 55 hoc
1289 1847 84 55 est
1337 1847 131 55 tamquam
1432 1847 108 55 summe
1504 1847 167 55 diligendum
1635 1847 72 55 ab
1659 1847 60 55 ea.

1004 1889 93 63 vel
1057 1889 159 63 absolute
1176 1889 106 63 quod
1243 1889 186 63 acceptetur
1389 1889 80 63 et
1429 1889 159 63 absolute
1548 1889 173 63 assumatur
1668 1889 53 63 in

994 1923 216 70 facultatem
1163 1923 216 70 voluntatis
1333 1923 108 70 nec
1395 1923 93 70 vt
1441 1923 154 70 summum
1549 1923 108 70 nec
1611 1923 93 70 vt
1642 1923 77 70 not

995 1972 145 57 summum.
1100 1972 132 57 Primus
1193 1972 119 57 actus
1272 1972 92 57 est
1325 1972 119 57 actus
1404 1972 158 57 fruendi.
1523 1972 132 57 quando
1602 1972 119 57 aliquid

992 2022 188 57 acceptatur
1139 2022 147 57 tanquam
1246 2022 201 57 simpliciter
1407 2022 147 57 summum.
1514 2022 161 57 Secundus
1621 2022 94 57 actus

991 2065 90 55 non
1043 2065 90 55 est
1094 2065 142 55 proprie
1198 2065 103 55 frui
1263 2065 90 55 nec
1314 2065 142 55 proprie
1418 2065 103 55 vti.
1482 2065 90 55 sed
1534 2065 142 55 tertius
1625 2065 90 55 actus

982 2114 96 58 est
1037 2114 219 58 propriissime
1215 2114 110 58 vti.
1284 2114 69 58 ⁋
1311 2114 123 58 Circa
1394 2114 165 58 secundum
1517 2114 110 58 dico
1586 2114 110 58 quod
1640 2114 69 58 cub

995 2146 111 59 iectum
1073 2146 89 59 vsus
1129 2146 67 59 in
1162 2146 123 59 communi
1251 2146 78 59 qui
1296 2146 67 59 et
1329 2146 134 59 communis
1429 2146 67 59 ad
1463 2146 89 59 vsum
1519 2146 145 59 ordinatum
1630 2146 67 59 et
1663 2146 67 59 ad

991 2197 102 63 vsum
1055 2197 190 63 inordinatum
1207 2197 89 63 est
1258 2197 165 63 quodlibet
1385 2197 102 63 siue
1448 2197 140 63 creatum
1550 2197 102 63 siue
1600 2197 102 63 increa

984 2237 105 64 tum.
1050 2237 92 64 hoc
1102 2237 131 64 patet.
1194 2237 105 64 quia
1260 2237 171 64 quodlibet
1391 2237 105 64 quod
1457 2237 131 64 potest
1549 2237 158 64 voluntas
1654 2237 53 64 re

995 2277 122 65 ferre
1077 2277 81 65 ad
1117 2277 122 65 aliud
1199 2277 95 65 est
1253 2277 163 65 obiectum
1375 2277 122 65 vsus.
1456 2277 95 65 sed
1511 2277 163 65 voluntas
1633 2277 81 65 ex
1660 2277 54 65 li

978 2326 149 65 bertate
1087 2326 95 65 sua
1141 2326 136 65 potest
1236 2326 190 65 quodcumque
1386 2326 149 65 referre
1494 2326 81 65 ad
1535 2326 136 65 aliud.
1617 2326 81 65 ergo

986 2374 127 63 potvti
1075 2374 178 63 quocumque.
1215 2374 114 63 maior
1291 2374 89 63 est
1342 2374 178 63 manifesta.
1481 2374 114 63 minor
1558 2374 127 63 patet:
1634 2374 76 63 quia

984 2421 171 59 quocumque
1115 2421 105 59 sibi
1181 2421 105 59 onso
1246 2421 131 59 potest
1338 2421 144 59 aliquid
1443 2421 118 59 aliud
1522 2421 118 59 magis
1588 2421 118 59 dilige-

988 2466 72 53 re:
1029 2466 62 53 et
1060 2466 72 53 per
1101 2466 144 53 consequens
1214 2466 103 53 potest
1287 2466 124 53 diligere
1379 2466 93 53 ipsum
1441 2466 103 53 perper
1513 2466 103 53 aliud.
1585 2466 113 53 Secunda
1657 2466 52 53 con

988 2500 109 68 clusio
1065 2500 77 68 est
1108 2500 88 68 quod
1163 2500 88 68 deus
1218 2500 77 68 non
1262 2500 77 68 est
1305 2500 131 68 obiectum
1404 2500 88 68 vsus
1458 2500 142 68 ordinati.
1568 2500 88 68 quia
1622 2500 66 68 si
1644 2500 55 68 sic

980 2553 93 46 aut
1033 2553 106 46 eset
1099 2553 160 46 obiectum
1219 2553 186 46 volitionis
1365 2553 160 46 ordinate
1485 2553 93 46 aut
1525 2553 173 46 nolitionis.

976 2590 84 54 non
1024 2590 180 54 nolitionis.
1168 2590 96 54 quia
1228 2590 120 54 nullus
1312 2590 120 54 potest
1397 2590 144 54 ordinate
1505 2590 108 54 odire
1577 2590 108 54 deum.
1637 2590 60 54 nec

977 2639 189 72 volitionis.
1129 2639 101 72 quia
1192 2639 101 72 tunc
1255 2639 126 72 posset
1343 2639 139 72 aliquid
1444 2639 101 72 plus
1507 2639 113 72 amari
1570 2639 126 72 ordinate
