2215 3074
250 243 87 59 est
299 243 174 59 perfectior
436 243 100 59 quam
498 243 100 59 ille
561 243 112 59 actus
635 243 87 59 qui
685 243 149 59 respicit
797 243 162 59 pauciora.
909 243 62 59 sed

245 298 103 47 isto
310 298 129 47 posito
400 298 155 47 fruitio:
516 298 90 47 seu
567 298 116 47 actus
645 298 142 47 fruendi
748 298 116 47 esset
825 298 129 47 tantum
903 298 64 47 re-

251 337 138 58 spectu
348 337 138 58 finis.
444 337 124 58 actus
527 337 138 58 vtendi
623 337 124 58 esset
706 337 165 58 respectu
830 337 138 58 finis:
913 337 55 58 et

239 384 157 47 respectu
357 384 131 47 illius
448 384 105 47 quod
513 384 92 47 est
566 384 78 47 ad
605 384 131 47 finem:
696 384 78 47 et
736 384 105 47 eque
801 384 157 47 perfecte
906 384 65 47 re-

250 425 120 54 spectu
334 425 120 54 finis:
418 425 108 54 sicut
489 425 108 54 actus
561 425 144 54 fruendi.
669 425 96 54 quia
729 425 84 54 per
777 425 84 54 hoc
824 425 96 54 quod
872 425 108 54 aliquis

235 467 152 58 diligit
346 467 152 58 aliquam
456 467 180 58 creaturam
594 467 152 58 propter
705 467 124 58 deum.
788 467 97 58 non
843 467 124 58 minus
912 467 69 58 di-

238 511 117 66 ligit
316 511 117 66 deum.
394 511 104 66 ergo
460 511 117 66 actus
538 511 130 66 vtendi
629 511 156 66 creatura
746 511 117 66 esset
812 511 156 66 perfectior

246 562 107 56 actu
313 562 147 56 fruendi
420 562 94 56 deo
473 562 67 56 ⁋
500 562 134 56 Tertio
594 562 107 56 sic.
661 562 161 56 voluntas
781 562 94 56 non
835 562 134 56 potest
915 562 54 56 si

245 608 100 46 mul
302 608 86 46 et
345 608 129 46 semel
431 608 143 46 habere
532 608 115 46 duos
603 608 129 46 actus
689 608 187 46 perfectos
819 608 143 46 respectu

245 651 151 47 eiusdem
355 651 164 47 obiecti.
478 651 96 47 sed
533 651 137 47 posito
629 651 110 47 actu
697 651 178 47 meritorio
834 651 82 47 in
861 651 110 47 volun-

243 693 103 48 tate
307 693 90 48 quo
359 693 141 48 aliquis
461 693 141 48 diligit
564 693 103 48 deum
628 693 141 48 propter
730 693 90 48 se.
782 693 128 48 potest
859 693 115 48 offerri

235 737 186 58 voluntati
377 737 100 58 per
435 737 214 58 intellectum
606 737 157 58 aliquid
720 737 200 58 ordinabile
877 737 86 58 et
906 737 71 58 di-

247 778 150 61 ligibile
359 778 138 61 propter
459 778 113 61 deum:
534 778 100 61 quod
597 778 125 61 potest
684 778 150 61 voluntas
797 778 150 61 diligere
897 778 63 61 pro

234 828 105 56 pter
300 828 119 56 deum.
379 828 79 56 et
418 828 92 56 non
471 828 145 56 oportet
577 828 105 56 quod
643 828 158 56 voluntas
761 828 158 56 dimittat
867 828 92 56 actum

228 873 126 44 primum
317 873 190 44 meritorium.
469 873 101 44 ergo
532 873 101 44 tunc
595 873 101 44 ille
658 873 114 44 actus
734 873 152 44 secundus
836 873 126 44 elicitus

228 917 159 44 praecise
347 917 212 44 terminabitur
520 917 80 44 ad
560 917 186 44 creaturam.
706 917 133 44 Aliter
798 917 133 44 essent
878 917 93 44 simul

228 960 95 50 in
276 960 206 50 voluntate
434 960 111 50 duo
497 960 142 50 actus
592 960 190 50 respectu
734 960 127 50 dei.
814 960 79 50 ⁋
829 960 127 50 Quarto

235 997 99 62 sic.
296 997 111 62 sicut
370 997 136 62 aliquos
469 997 123 62 potest
555 997 148 62 diligere
666 997 136 62 aliquid
765 997 136 62 propter
864 997 111 62 aliud

222 1043 169 60 dilectum:
352 1043 91 60 ita
404 1043 130 60 potest
496 1043 169 60 detestari
626 1043 143 60 aliquid
730 1043 143 60 propter
835 1043 117 60 aliud
900 1043 65 60 di-

220 1085 126 61 lectum.
311 1085 92 61 ergo
369 1085 80 61 qua
415 1085 126 61 ratione
507 1085 103 61 actus
576 1085 149 61 diligendi
691 1085 126 61 aliquid
783 1085 126 61 propter
875 1085 103 61 aliud

220 1131 104 61 est
279 1131 118 61 vnus
353 1131 133 61 actus
442 1131 148 61 numero
546 1131 148 61 habens
649 1131 178 61 vtrumque
782 1131 104 61 pro
827 1131 133 61 obiecto

230 1174 114 54 eadem
306 1174 139 54 ratione
407 1174 114 54 actus
483 1174 177 54 detestandi
622 1174 139 54 aliquid
723 1174 139 54 propter
824 1174 126 54 aliud:
900 1174 63 54 seu

222 1223 160 50 propter
339 1223 145 50 amorem
440 1223 189 50 alterius:
586 1223 102 50 est
644 1223 116 50 vnus
717 1223 145 50 habens
804 1223 145 50 vtrumque

223 1271 86 53 pro
272 1271 147 53 obiecto.
382 1271 86 53 sed
431 1271 86 53 hoc
480 1271 86 53 est
530 1271 196 53 impossibile.
689 1271 98 53 quia
750 1271 98 53 tunc
812 1271 110 53 actus
873 1271 86 53 aman-

219 1309 92 49 di:
271 1309 79 49 et
311 1309 118 49 actus
390 1309 145 49 odiendi
495 1309 131 49 essent
587 1309 105 49 vnus
653 1309 118 49 actus
732 1309 145 49 numero.
837 1309 105 49 Ista
889 1309 66 49 vl-

217 1349 97 56 tima
278 1349 195 56 consequentia
436 1349 122 56 patet.
521 1349 97 56 quia
582 1349 73 56 si
618 1349 97 56 ille
679 1349 110 56 actus
752 1349 170 56 terminatur
886 1349 73 56 ad
910 1349 49 56 fi

216 1397 108 49 nem.
283 1397 94 49 Aut
337 1397 108 49 illo
404 1397 108 49 actu
472 1397 135 49 amatur
566 1397 135 49 finis.
661 1397 94 49 aut
715 1397 148 49 oditur.
823 1397 94 49 Non
863 1397 81 49 odi-

218 1440 90 56 tur:
274 1440 90 56 ergo
330 1440 124 56 amatur.
421 1440 90 56 ergo
477 1440 90 56 ille
533 1440 101 56 actus
601 1440 79 56 est
646 1440 101 56 actus
713 1440 124 56 amandi:
804 1440 68 56 et
837 1440 79 56 est
871 1440 79 56 actus

220 1481 127 61 odiedi:
313 1481 92 61 quia
370 1481 127 61 aliquid
463 1481 92 61 illo
520 1481 127 61 oditur:
613 1481 92 61 ergo
670 1481 92 61 etc.
728 1481 58 61 ⁋
751 1481 115 61 Quinto
832 1481 92 61 sic.
878 1481 69 61 idem

219 1529 112 51 actus
293 1529 125 51 numero
381 1529 87 51 non
431 1529 125 51 potest
518 1529 100 51 esse
581 1529 150 51 intensus
693 1529 75 51 et
731 1529 162 51 remissus.
843 1529 100 51 perfe-

206 1581 102 47 ctus
270 1581 76 47 et
308 1581 203 47 imperfectus.
473 1581 89 47 sed
524 1581 165 47 quicumque
651 1581 140 47 diligit
753 1581 140 47 aliquid
842 1581 114 47 propter

211 1611 102 59 aliud
279 1611 137 59 scilicet
381 1611 125 59 propter
472 1611 102 59 finem
541 1611 148 59 intensius
654 1611 68 59 et
688 1611 159 59 perfectius
814 1611 125 59 diligit
893 1611 57 59 fi-

218 1660 102 49 nem.
282 1660 77 49 et
320 1660 166 49 remissius
448 1660 77 49 et
486 1660 204 49 imperfectius
652 1660 140 49 diligit
754 1660 115 49 illud
831 1660 102 49 quod
882 1660 64 49 est

223 1706 74 49 ad
260 1706 123 49 finem.
346 1706 99 49 ergo
408 1706 86 49 non
457 1706 111 49 eodem
531 1706 99 49 actu
593 1706 136 49 diligit
691 1706 160 49 vtrumque.
815 1706 62 49 ⁋
827 1706 111 49 Confir-

219 1742 118 48 matur.
302 1742 94 48 quia
360 1742 71 48 si
396 1742 106 48 eodem
466 1742 94 48 actu
525 1742 153 48 diligeret
643 1742 153 48 vtrumque.
761 1742 94 48 ergo
820 1742 82 48 ita
855 1742 94 48 perfe-

215 1794 100 49 cto
272 1794 114 49 actu
343 1794 157 49 diligit
457 1794 157 49 aliquas
571 1794 185 49 meritorie
713 1794 185 49 creaturam
841 1794 100 49 sicut

222 1831 93 57 deum.
284 1831 62 57 et
315 1831 73 57 per
357 1831 145 57 consequens
471 1831 104 57 tantum
543 1831 145 57 diligeret.
657 1831 62 57 et
689 1831 73 57 ita
730 1831 83 57 deus
782 1831 73 57 non
823 1831 93 57 esset
875 1831 73 57 summe

213 1872 174 60 diligendus
349 1872 75 60 et
386 1872 112 60 super
461 1872 124 60 omnia:
548 1872 99 60 quod
610 1872 87 60 est
660 1872 161 60 absurdum.
784 1872 62 60 ⁋
809 1872 112 60 Sexto
871 1872 62 60 sic

206 1918 132 52 tertio
298 1918 118 52 ethi.
377 1918 145 52 electio
482 1918 92 52 non
535 1918 92 52 est
588 1918 171 52 voluntas.
719 1918 105 52 quia
785 1918 145 52 electio
877 1918 66 52 est

208 1961 109 56 eorum
281 1961 97 56 quae
342 1961 97 56 sunt
402 1961 73 56 ad
439 1961 122 56 finem.
524 1961 73 56 et
560 1961 146 56 voluntas
670 1961 85 56 est
718 1961 122 56 ipsius
803 1961 122 56 finis.
876 1961 61 56 sed

206 2003 70 59 si
241 2003 105 59 esset
311 2003 93 59 vnus
369 2003 70 59 et
404 2003 93 59 idem
462 2003 105 59 actus
532 2003 128 59 electio
624 2003 70 59 ex
659 2003 81 59 hoc
706 2003 81 59 ipo
752 2003 93 59 quod
810 2003 105 59 esset
868 2003 70 59 ali-

201 2053 106 53 cuius
272 2053 130 53 propter
366 2053 94 53 fine
426 2053 106 53 esset
496 2053 118 53 ipsius
579 2053 118 53 finis.
662 2053 59 53 ⁋
685 2053 153 53 Preterea.
803 2053 106 53 sicut
862 2053 83 53 intel

213 2093 134 57 lectus
306 2093 94 57 non
360 2093 134 57 potest
453 2093 201 57 intelligere
614 2093 134 57 plura:
708 2093 94 57 ita
761 2093 94 57 nec
801 2093 134 57 voluntas

204 2139 131 58 potest
296 2139 118 58 velle
375 2139 131 58 plura.
466 2139 105 58 ergo
532 2139 92 58 nec
585 2139 92 58 est
637 2139 105 58 vnus
703 2139 131 58 actus.
795 2139 92 58 nec
847 2139 92 58 est
886 2139 53 58 si

216 2175 94 67 mul
269 2175 174 67 vtriusque
403 2175 147 67 voliti.
510 2175 67 67 ⁋
537 2175 94 67 Sed
591 2175 121 67 istis
671 2175 188 67 rationibus
819 2175 94 67 non
859 2175 67 67 ob-

197 2228 171 52 stantibus
328 2228 144 52 videtur
433 2228 171 52 probabile
564 2228 105 52 quod
630 2228 144 52 possint
735 2228 105 52 esse
801 2228 92 52 duo
840 2228 92 52 actus

199 2275 73 53 et
235 2275 97 53 quod
296 2275 121 53 potest
381 2275 97 53 esse
441 2275 97 53 vnus
502 2275 109 53 actus
575 2275 61 53 ⁋
599 2275 85 53 hoc
647 2275 121 53 potest
732 2275 170 53 declarari:
853 2275 73 53 quia

210 2312 121 55 sicut
290 2312 201 55 intellectus
451 2312 80 55 se
491 2312 121 55 habet
572 2312 80 55 ad
612 2312 174 55 principia
746 2312 80 55 et
773 2312 147 55 conclusio

201 2357 103 60 nes:
266 2357 90 60 ita
317 2357 77 60 se
356 2357 116 60 habet
433 2357 155 60 voluntas
549 2357 77 60 ad
588 2357 129 60 finem:
678 2357 77 60 et
717 2357 77 60 ad
755 2357 77 60 ea
794 2357 103 60 quae
846 2357 77 60 sunt

199 2402 75 53 ad
236 2402 124 53 finem.
323 2402 87 53 sed
373 2402 186 53 intellectus
522 2402 124 53 potest
609 2402 112 53 scire
683 2402 199 53 conclusionem
833 2402 99 53 distin

197 2443 92 52 cto
249 2443 105 52 actu
315 2443 79 52 ab
354 2443 105 52 actu
419 2443 92 52 quo
472 2443 196 52 cognoscitur
629 2443 196 52 principium.
786 2443 79 52 et
812 2443 105 52 potest

202 2494 118 46 vnico
280 2494 104 46 actu
346 2494 183 46 cognoscere
489 2494 170 46 vtrumque.
620 2494 104 46 ergo
685 2494 118 46 eodem
763 2494 104 46 modo
816 2494 104 46 volun-

200 2535 89 54 tas
251 2535 127 54 potest
340 2535 127 54 habere
429 2535 178 54 distinctos
570 2535 115 54 actus
646 2535 153 54 respectu
760 2535 115 54 finis
837 2535 76 54 et
862 2535 64 54 il-

204 2578 99 56 lius
265 2578 99 56 quod
327 2578 86 56 est
377 2578 74 56 ad
414 2578 124 56 finem.
500 2578 74 56 et
537 2578 99 56 vnum
599 2578 111 56 actum
673 2578 148 56 respectu
772 2578 148 56 vtriusque.

197 2622 129 79 Ihaior
287 2622 116 79 patet
365 2622 77 79 de
404 2622 90 79 se.
455 2622 103 79 quia
520 2622 90 79 non
572 2622 116 79 minus
649 2622 129 79 potest
739 2622 155 79 voluntas
843 2622 90 79 super

1068 241 147 74 obiecta
1174 241 93 74 sua
1228 241 107 74 quam
1294 241 200 74 intellectus
1455 241 120 74 super
1535 241 147 74 obiecta
1641 241 107 74 sua.
1695 241 93 74 minor

1066 298 106 64 patet
1137 298 82 64 quo
1184 298 71 64 ad
1219 298 118 64 primam
1302 298 130 64 partem.
1396 298 94 64 quia
1455 298 130 64 notitia
1549 298 153 64 principii
1667 298 82 64 est
1703 298 82 64 causa

1062 345 136 62 notitie
1161 345 173 62 concionis.
1297 345 87 62 sed
1346 345 111 62 causa
1420 345 198 62 distinguitur
1581 345 148 62 realiter
1692 345 74 62 ab
1717 345 74 62 effe

1068 381 82 71 ctu
1115 381 94 71 suo.
1174 381 94 71 ergo
1233 381 118 71 potest
1316 381 94 71 esse
1375 381 106 71 alius
1445 381 106 71 actus
1516 381 82 71 quo
1563 381 177 71 cognoscitur
1693 381 94 71 princi

1065 430 93 58 pium
1123 430 69 58 et
1158 430 81 58 quo
1204 430 174 58 cognoscitur
1343 430 162 58 conclusio.
1471 430 127 58 Secunda
1563 430 93 58 pars
1621 430 127 58 minoris
1702 430 81 58 patet

1055 481 101 49 qui
1112 481 101 49 non
1170 481 129 49 magis
1256 481 173 49 repugnat
1385 481 216 49 intellectui
1558 481 216 49 intelligere
1716 481 72 49 vni

1063 516 71 64 co
1099 516 95 64 actu
1158 516 95 64 vnum
1218 516 154 64 discursum
1336 516 83 64 vel
1384 516 95 64 vnam
1443 516 202 64 consequentiam
1610 516 95 64 quam
1669 516 95 64 vnam
1717 516 59 64 pro

1056 561 193 66 positionem.
1210 561 90 66 sed
1262 561 116 66 vnico
1339 561 103 66 actu
1403 561 128 66 potest
1493 561 193 66 intelligere
1647 561 103 66 vnam
1698 561 77 66 pro-

1057 606 160 65 positionem.
1185 606 96 65 patet
1249 606 75 65 per
1292 606 171 65 philosophum.
1430 606 85 65 iiii
1484 606 64 65 de
1516 606 107 65 anima.
1590 606 75 65 vbi
1633 606 117 65 diuidit
1707 606 75 65 opera

1058 652 127 53 tionem
1147 652 190 53 intellectus
1299 652 76 53 in
1337 652 190 53 operationem
1489 652 178 53 simplicium
1629 652 76 53 et
1654 652 127 53 composi-

1057 692 118 60 torum.
1140 692 95 60 ergo
1199 692 71 60 si
1234 692 130 60 diuisio
1329 692 83 60 sit
1376 692 142 60 propria.
1483 692 83 60 ita
1530 692 95 60 erit
1589 692 83 60 vna
1624 692 154 60 intellectio

1043 747 169 47 complexi
1170 747 127 47 sicut
1254 747 211 47 incomplexi.
1423 747 169 47 Preterea
1550 747 84 47 si
1592 747 99 47 non
1648 747 99 47 sit
1691 747 84 47 vnus

1055 783 139 63 actus.
1153 783 111 63 ergo
1222 783 111 63 sunt
1292 783 97 63 duo
1347 783 125 63 actus
1431 783 223 63 distinctorum
1598 783 181 63 obiectorum.

1044 825 90 61 sed
1096 825 90 61 hoc
1147 825 90 61 est
1199 825 142 61 falsum.
1302 825 103 61 quia
1366 825 103 61 tunc
1431 825 168 61 componere
1560 825 90 61 vel
1611 825 155 61 diuidere
1715 825 64 61 non

1055 869 126 63 esset
1139 869 112 63 nisi
1209 869 140 63 habere
1308 869 168 63 diuersos
1434 869 126 63 actus
1518 869 168 63 respectu
1631 869 140 63 diuerso-

1042 918 101 56 rum
1099 918 216 56 obiectorum.
1272 918 101 56 sed
1329 918 101 56 hoc
1387 918 101 56 est
1444 918 187 56 manifeste
1588 918 158 56 falsum.
1689 918 86 56 quia

1042 953 117 70 tunc
1116 953 102 70 ita
1174 953 117 70 bene
1247 953 146 70 posset
1350 953 146 70 sensus
1452 953 190 70 componere
1598 953 88 70 et
1628 953 146 70 diuidere

1042 1002 107 59 sicut
1113 1002 190 59 intellectus.
1268 1002 95 59 quia
1328 1002 119 59 sensus
1411 1002 119 59 potest
1494 1002 119 59 habere
1578 1002 167 59 distinctos
1697 1002 59 59 act

1049 1045 204 67 distinctorum
1215 1045 191 67 obiectorum.
1368 1045 127 67 potest
1457 1045 102 67 enim
1521 1045 115 67 visus
1597 1045 115 67 simul
1661 1045 102 67 videre

1046 1083 155 69 diuersa
1159 1083 113 69 alba
1229 1083 99 69 vel
1286 1083 141 69 nigrum
1384 1083 85 69 et
1427 1083 141 69 album.
1525 1083 183 69 Preterea.
1666 1083 113 69 iii.
1723 1083 56 69 de

1045 1132 117 64 anima.
1127 1132 117 64 sensus
1209 1132 140 64 communis
1314 1132 152 64 cognoscit
1431 1132 187 64 differentiam
1583 1132 164 64 diuersorum
1700 1132 70 64 sen-

1038 1171 158 70 sibilium
1156 1171 144 70 eiusdem
1261 1171 144 70 sensus.
1366 1171 92 70 aut
1419 1171 105 70 ergo
1484 1171 118 70 vnico
1563 1171 105 70 actu
1629 1171 92 70 aut
1668 1171 105 70 disti-

1036 1216 122 67 ctis.
1118 1216 81 67 si
1158 1216 95 67 vno
1212 1216 122 67 actu.
1293 1216 108 67 ergo
1361 1216 122 67 multo
1442 1216 149 67 fortius
1550 1216 95 67 tam
1590 1216 176 67 intellectus

1047 1257 107 71 quam
1114 1257 161 71 voluntas
1234 1257 121 71 vnico
1315 1257 107 71 actu
1382 1257 147 71 possunt
1489 1257 80 71 in
1529 1257 121 71 multa
1609 1257 161 71 obiecta.
1716 1257 54 71 si

1042 1306 163 60 distinctur
1170 1306 81 60 hoc
1217 1306 116 60 potest
1298 1306 116 60 sensus
1380 1306 198 60 particularis.
1543 1306 93 60 ergo
1601 1306 128 60 propter
1683 1306 81 60 illam

1033 1360 181 49 operatione
1175 1360 90 49 non
1227 1360 116 49 ortet
1304 1360 129 49 ponere
1395 1360 129 49 sensum
1485 1360 168 49 communem.
1614 1360 155 49 Preterea
1717 1360 52 49 in

1040 1390 174 63 tellectus
1173 1390 80 63 in
1214 1390 134 63 patria
1307 1390 120 63 vnico
1387 1390 107 63 actu
1454 1390 187 63 intelligit
1601 1390 134 63 plura.
1682 1390 80 63 quia

1036 1429 92 69 verbum
1100 1429 55 69 et
1128 1429 64 69 res
1164 1429 55 69 in
1192 1429 64 69 vbo
1228 1429 110 69 secundum
1311 1429 128 69 communiter
1412 1429 128 69 loquentes.
1513 1429 119 69 Similiter
1604 1429 101 69 secundu
1668 1429 83 69 communi

1035 1477 163 76 loquentes
1161 1477 113 76 vnico
1237 1477 101 76 actu
1299 1477 138 76 diligit
1400 1477 101 76 deum
1463 1477 75 76 et
1501 1477 176 76 creaturam.
1639 1477 101 76 ergo
1689 1477 63 76 hoc

1030 1513 78 79 non
1075 1513 78 79 est
1119 1513 134 79 negandum
1220 1513 67 79 ab
1253 1513 112 79 istisi
1332 1513 89 79 via.
1387 1513 67 79 ex
1421 1513 89 79 quae
1477 1513 78 79 non
1522 1513 112 79 appret
1600 1513 123 79 euidens
1678 1513 67 79 roti

1028 1560 78 69 in
1067 1560 195 69 contrarium.
1223 1560 91 69 nec
1275 1560 195 69 experientia
1432 1560 91 69 nec
1484 1560 130 69 auctas
1575 1560 182 69 scripture.
1705 1560 52 69 Si

1037 1606 123 63 dicitur
1126 1606 89 63 quod
1182 1606 89 63 sint
1238 1606 145 63 distincti
1350 1606 112 63 actus.
1428 1606 89 63 tunc
1484 1606 112 63 neuter
1562 1606 89 63 erit
1618 1606 101 63 actus
1674 1606 67 63 vter

1038 1651 87 68 di.
1087 1651 87 68 non
1137 1651 124 68 primus
1224 1651 75 68 vt
1261 1651 174 68 manifestum
1398 1651 87 68 est
1447 1651 87 68 nec
1497 1651 149 68 secundus
1609 1651 124 68 probo.
1683 1651 75 68 quia

1030 1693 118 76 quando
1113 1693 130 76 aliquis
1207 1693 106 76 actus
1278 1693 94 76 sine
1337 1693 94 76 alio
1395 1693 59 76 a
1419 1693 82 76 quo
1466 1693 118 76 potest
1549 1693 141 76 separari
1655 1693 82 76 non
1690 1693 59 76 est

1020 1740 110 61 actus
1093 1740 135 61 vtendi.
1192 1740 98 61 ille
1253 1740 98 61 idem
1314 1740 172 61 coniunctus
1449 1740 86 61 cum
1498 1740 98 61 illo
1560 1740 86 61 non
1609 1740 98 61 erit
1658 1740 86 61 actus

1020 1786 144 63 vtendi.
1125 1786 105 63 quia
1190 1786 118 63 actus
1269 1786 118 63 alius
1348 1786 92 63 non
1400 1786 118 63 facit
1479 1786 118 63 actum
1557 1786 131 63 eundem
1636 1786 118 63 numero.

1028 1831 102 64 esse
1092 1831 115 64 actum
1169 1831 128 64 vtendi
1259 1831 102 64 quae
1323 1831 90 64 non
1374 1831 102 64 erat
1438 1831 115 64 prius
1515 1831 115 64 actus
1591 1831 141 64 vtendi.
1681 1831 64 64 nec

1023 1878 167 54 econuerso.
1154 1878 84 54 sed
1202 1878 96 54 ille
1262 1878 108 54 actus
1334 1878 96 54 quae
1393 1878 143 54 praecise
1501 1878 167 54 terminatur
1632 1878 72 54 ad
1656 1878 84 54 illud

1021 1911 99 68 quod
1082 1911 86 68 est
1132 1911 74 68 ad
1169 1911 123 68 finem.
1255 1911 123 68 posset
1341 1911 99 68 esse
1403 1911 99 68 sine
1465 1911 99 68 omni
1526 1911 99 68 actu
1588 1911 148 68 respectu
1687 1911 49 68 fi

1020 1965 98 52 nis.
1081 1965 98 52 quia
1142 1965 146 52 voluntas
1252 1965 122 52 libere
1337 1965 122 52 potest
1423 1965 110 52 ferri
1496 1965 73 52 in
1532 1965 171 52 quodcumque
1655 1965 85 52 obie-

1011 2015 117 54 ctum
1084 2015 117 54 sibi
1158 2015 132 54 onsum
1245 2015 132 54 nullo
1333 2015 117 54 alio
1406 2015 161 54 oblato.
1523 2015 102 54 sed
1581 2015 102 54 hoc
1625 2015 117 54 posito

1013 2059 90 48 non
1065 2059 103 48 erit
1129 2059 116 48 actus
1206 2059 141 48 vtendi.
1308 2059 103 48 quia
1373 2059 90 48 non
1424 2059 167 48 diligitur
1552 2059 141 48 propter
1642 2059 103 48 aliud.

1017 2093 82 61 nec
1064 2093 94 61 ergo
1123 2093 118 61 quando
1206 2093 106 61 simul
1276 2093 82 61 est
1324 2093 82 61 cum
1371 2093 94 61 actu
1430 2093 141 61 respectu
1536 2093 106 61 finis
1606 2093 94 61 erit
1654 2093 82 61 actus

1015 2148 131 54 vtendi.
1111 2148 191 54 Confirmatur.
1266 2148 95 54 quia
1325 2148 107 54 actus
1397 2148 95 54 quae
1457 2148 143 54 praecise
1564 2148 167 54 terminatur
1695 2148 72 54 ad

1015 2184 89 62 vnum
1071 2184 67 62 et
1104 2184 111 62 potest
1182 2184 89 62 esse
1238 2184 89 62 sine
1293 2184 89 62 omni
1349 2184 89 62 alio
1405 2184 78 62 non
1449 2184 111 62 tendit
1527 2184 67 62 in
1561 2184 123 62 aliquid
1639 2184 100 62 propter

1020 2226 115 62 aliud.
1100 2226 92 62 ergo
1157 2226 80 62 non
1203 2226 80 62 est
1249 2226 103 62 actus
1318 2226 115 62 vtendi
1398 2226 80 62 qui
1444 2226 115 62 tendit
1524 2226 69 62 in
1559 2226 126 62 aliquid
1639 2226 103 62 propter

1013 2269 127 59 aliud.
1102 2269 89 59 quo
1153 2269 102 59 enim
1217 2269 127 59 tendit
1306 2269 76 59 in
1344 2269 140 59 aliquid
1446 2269 140 59 propter
1548 2269 127 59 aliud.
1637 2269 76 59 si
1662 2269 64 59 non

1019 2316 126 60 tendit
1107 2316 75 60 in
1145 2316 113 60 illud
1221 2316 126 60 aliud.
1309 2316 75 60 Ad
1346 2316 113 60 istud
1422 2316 126 60 potest
1510 2316 101 60 dici
1573 2316 101 60 quod
1623 2316 113 60 stricte

1017 2357 158 64 loquendo
1135 2357 79 64 de
1175 2357 105 64 actu
1241 2357 132 64 vtendi
1333 2357 119 64 talis
1412 2357 119 64 actus
1491 2357 105 64 quae
1557 2357 158 64 praecise
1662 2357 66 64 ter

1001 2412 143 49 minatur
1105 2412 78 49 ad
1144 2412 143 49 aliquid
1249 2412 91 49 non
1301 2412 117 49 summe
1379 2412 183 49 acceptatum
1522 2412 91 49 hoc
1575 2412 91 49 est
1627 2412 91 49 non
1666 2412 65 49 ac-

1015 2451 175 57 ceptatum
1147 2451 160 57 tanquam
1263 2451 146 57 summum
1365 2451 102 57 non
1424 2451 102 57 est
1482 2451 131 57 actus
1570 2451 160 57 vtendi.
1672 2451 58 57 Et

1011 2490 99 63 ideo
1072 2490 124 63 potest
1159 2490 161 63 distingui
1283 2490 74 63 de
1320 2490 99 63 actu
1382 2490 124 63 vtendi
1468 2490 99 63 quod
1530 2490 185 63 tripliciter
1666 2490 74 63 acci

1004 2542 128 49 pitur.
1094 2542 89 49 Uno
1145 2542 102 49 modo
1209 2542 89 49 pro
1260 2542 102 49 omni
1324 2542 102 49 actu
1388 2542 89 49 qui
1439 2542 89 49 non
1490 2542 89 49 est
1541 2542 153 49 fruitio.
1643 2542 77 49 Alio

1004 2584 105 51 modo
1070 2584 92 51 pro
1122 2584 105 51 actu
1188 2584 171 51 terminato
1320 2584 79 51 ad
1360 2584 145 51 aliquod
1465 2584 158 51 obiectum
1584 2584 145 51 causato
1676 2584 53 51 ex

1003 2625 109 58 actu
1071 2625 149 58 fruendi
1180 2625 163 58 respectu
1302 2625 176 58 alicuius.
1438 2625 136 58 Tertio
1533 2625 176 58 accipitur
1655 2625 81 58 pro
