2276 3136
527 276 173 61 stigantes
660 276 187 61 diligenter
807 276 107 61 quis
873 276 93 61 sit
927 276 120 61 finis
1007 276 147 61 vltimus
1114 276 133 61 operum
1194 276 53 61 hu

517 335 150 50 manorum
626 335 95 50 non
681 335 177 50 potuerunt
817 335 82 50 ad
858 335 122 50 illum
939 335 122 50 finem
1021 335 191 50 attingere.
1157 335 68 50 erg

516 370 83 61 non
564 370 83 61 est
611 370 167 61 verisimile
742 370 95 61 quod
802 370 83 61 hoc
850 370 119 61 possit
933 370 179 61 naturaliter
1076 370 143 61 probari.
1171 370 60 61 Pre

517 421 112 52 terea
591 421 112 52 omnes
666 421 150 52 rationes
779 421 137 52 adducte
879 421 75 52 ad
916 421 162 52 probandum
1041 421 87 52 hoc
1091 421 100 52 sunt
1141 421 100 52 solubi

520 465 86 49 les.
574 465 86 49 ergo
628 465 75 49 non
671 465 107 49 potest
746 465 86 49 illa
799 465 140 49 conclusio
907 465 161 49 naturaliter
1036 465 129 49 probari.
1122 465 107 49 Preterea

514 507 144 50 secundum
622 507 108 50 omnes
694 507 96 50 scos
753 507 72 50 ad
789 507 144 50 tenendum
897 507 108 50 talem
969 507 96 50 fine
1029 507 84 50 nob
1076 507 96 50 esse
1124 507 108 50 possibi

525 554 70 46 lem
565 554 140 46 requiritur
675 554 100 46 fides.
745 554 70 46 sed
785 554 60 46 si
815 554 100 46 posset
885 554 120 46 namliter
975 554 70 46 non
1015 554 90 46 esset
1075 554 90 46 fides
1125 554 110 46 neccsara.

522 597 95 58 Ideo
581 597 130 58 quantum
676 597 71 58 ad
711 597 106 58 istum
782 597 166 58 articuliet
913 597 95 58 dico
972 597 106 58 primo
1043 597 95 58 quod
1102 597 83 58 non
1137 597 95 58 potest

520 631 134 67 ssaliter
621 631 168 67 demonstrari
755 631 90 67 quod
811 631 101 67 talis
878 631 123 67 fruitio
968 631 112 67 divine
1046 631 134 67 essentie
1147 631 78 67 est
1181 631 56 67 nob

516 691 178 50 possibilis.
659 691 95 50 quia
718 691 107 50 istud
789 691 83 50 est
837 691 95 50 mere
896 691 154 50 creditum.
1015 691 71 50 et
1051 691 83 50 ita
1098 691 83 50 non
1134 691 95 50 potest

521 733 155 52 doemonstrari
647 733 126 52 namliter.
744 733 107 52 Secundo
822 733 77 52 dico
870 733 77 52 quod
918 733 68 52 non
957 733 97 52 potest
1025 733 116 52 namliter
1102 733 136 52 demonstrari.

510 780 97 55 quod
570 780 145 55 voluntas
679 780 85 55 non
727 780 121 55 potest
812 780 133 55 satiari
909 780 85 55 nec
957 780 145 55 quietari
1066 780 73 55 in
1102 780 121 55 aliqui
1175 780 60 55 ci-

516 819 71 62 tra
557 819 92 62 deum.
618 819 92 62 Cuius
679 819 92 62 ratio
740 819 82 62 est:
791 819 82 62 quia
842 819 61 62 si
872 819 102 62 posset
944 819 122 62 namliter
1035 819 112 62 probari
1117 819 82 62 quod
1158 819 71 62 volun

508 864 78 59 tas
552 864 78 59 non
597 864 111 59 potest
675 864 134 59 quaetari
775 864 67 59 in
808 864 111 59 aliqua
886 864 122 59 finito.
975 864 78 59 aut
1020 864 78 59 hoc
1064 864 89 59 eset
1120 864 78 59 per
1153 864 78 59 liber

510 920 92 46 tatem
571 920 153 46 voluntatis.
694 920 92 46 quia.
755 920 123 46 scilicet
847 920 123 46 voluntas
939 920 61 46 ex
969 920 72 46 hoc
1010 920 82 46 ipso
1061 920 82 46 quod
1112 920 72 46 est
1143 920 92 46 libera.

517 957 120 51 potest
601 957 144 51 appetere
709 957 168 51 quodcumque
841 957 156 51 volibile.
961 957 72 51 et
997 957 96 51 illa
1057 957 132 51 numquam
1141 957 84 51 satia

508 1003 64 46 ri
540 1003 106 46 potest
615 1003 85 46 nisi
668 1003 64 46 in
700 1003 106 46 vltio.
774 1003 85 46 aunt
827 1003 74 46 per
870 1003 202 46 vniversalitatem
1039 1003 117 46 obiecti
1114 1003 106 46 voluntai

505 1047 77 50 quia.
557 1047 103 50 scilicet
634 1047 103 50 obiectum
711 1047 68 50 suum
753 1047 60 50 est
788 1047 60 50 ens
822 1047 51 50 in
847 1047 103 50 communi.
924 1047 51 50 et
950 1047 60 50 per
984 1047 120 50 consequens
1078 1047 111 50 quodlicet
1155 1047 77 50 conten-

509 1085 83 50 tum.
560 1085 62 50 et
591 1085 72 50 per
633 1085 145 50 consequens
746 1085 72 50 non
788 1085 103 50 potest
860 1085 124 50 quaetari
953 1085 83 50 nisi
1005 1085 62 50 in
1036 1085 93 50 summo
1098 1085 72 50 ant
1139 1085 72 50 per
1170 1085 62 50 capa

511 1134 111 52 citate
589 1134 167 52 voluntatis.
722 1134 100 52 quia.
789 1134 134 52 scilicet
889 1134 78 52 est
934 1134 100 52 capax
1000 1134 89 52 boni
1056 1134 145 52 infiniti.
1156 1134 78 52 primo

504 1177 81 44 modo
554 1177 71 44 non
595 1177 101 44 potest
666 1177 121 44 probari.
757 1177 81 44 quia
807 1177 71 44 non
848 1177 101 44 potest
919 1177 131 44 namaliter
1020 1177 152 44 demonstrari
1141 1177 81 44 quod
1182 1177 40 44 vo

504 1220 120 50 luntas
588 1220 192 50 contingenter
744 1220 132 50 feratur
840 1220 72 50 in
875 1220 156 50 quodlibet
995 1220 144 50 volitum.
1103 1220 108 50 sicut
1163 1220 60 50 on-

501 1261 92 52 detur
562 1261 62 52 in
593 1261 92 52 vltia
655 1261 144 52 quaosoione
767 1261 103 52 istius
839 1261 72 52 di.
880 1261 82 52 ergo
932 1261 72 52 non
973 1261 103 52 potest
1044 1261 154 52 naturaliter
1157 1261 72 52 proba

504 1310 73 47 ri
540 1310 97 47 quod
601 1310 158 47 voluntate
723 1310 134 47 habente
820 1310 110 47 actum
893 1310 146 47 respecum
1003 1310 183 47 cuiuscumque
1137 1310 85 47 finit

505 1354 160 51 poterit
622 1354 189 51 appetitus
767 1354 102 51 seu
825 1354 174 51 voluntas
956 1354 174 51 appetere
1072 1354 145 51 perfecti

504 1399 118 46 bonum.
587 1399 82 46 nec
634 1399 129 46 secundo
728 1399 94 46 modo
787 1399 141 46 probari.
893 1399 94 46 quia
951 1399 82 46 non
998 1399 118 46 potest
1069 1399 153 46 naturaliter

498 1440 146 54 cognosci
607 1440 97 54 quod
668 1440 194 54 quandocumque
826 1440 133 54 aliquid
923 1440 133 54 commune
1020 1440 85 54 est
1056 1440 170 54 apphensibile

499 1484 66 44 ab
532 1484 111 44 aliqua
610 1484 144 44 potentia.
720 1484 89 44 quia
776 1484 144 44 quodlicet
887 1484 144 44 contentum
997 1484 78 44 est
1042 1484 133 44 perfecte
1130 1484 89 44 cogno-

495 1526 130 49 scibile
590 1526 59 49 a
614 1526 95 49 tali
673 1526 154 49 potentia.
791 1526 95 49 quia
850 1526 118 49 potest
933 1526 95 49 esse
992 1526 189 49 impedimentum
1134 1526 83 49 propi

491 1570 217 47 improportionem
672 1570 145 47 alicuius
780 1570 157 47 contenti.
901 1570 84 47 vel
949 1570 133 47 propter
1045 1570 145 47 defectum
1142 1570 84 47 alicu

498 1612 67 48 ius
537 1612 115 48 alterius
623 1612 106 48 causae.
700 1612 115 48 Exemplum
786 1612 86 48 primi
844 1612 115 48 secundum
930 1612 144 48 philosophum
1046 1612 77 48 ests
1094 1612 96 48 primum
1161 1612 67 48 est
1190 1612 38 48 in

500 1658 251 50 proportionatum
709 1658 84 50 ad
751 1658 181 50 causandum
890 1658 181 50 immediate
1030 1658 153 50 aliquem
1127 1658 98 50 effem

505 1706 65 51 in
538 1706 98 51 istis
603 1706 185 51 inferioribus.
756 1706 65 51 et
789 1706 87 51 ideo
843 1706 65 51 si
876 1706 164 51 intellectus
1007 1706 76 51 non
1050 1706 109 51 potest
1116 1706 98 51 aliquid

498 1748 187 45 cognoscere
645 1748 174 45 intuitiue
778 1748 80 45 et
818 1748 80 45 in
858 1748 214 45 particulari.
1032 1748 107 45 nisi
1085 1748 134 45 moueatur

500 1791 165 46 immediate
628 1791 76 46 ab
666 1791 140 46 obiecto
768 1791 89 46 vel
818 1791 165 46 causaetur
946 1791 140 46 aliquis
1048 1791 153 46 effectus
1149 1791 64 46 nou

490 1830 178 50 immediate
627 1830 82 50 ab
668 1830 164 50 obiecto.
791 1830 109 50 ideo
859 1830 96 50 non
914 1830 137 50 potest
1009 1830 191 50 cognoscere
1146 1830 82 50 deum

499 1875 140 50 intuitive
607 1875 64 50 et
639 1875 64 50 in
671 1875 172 50 particulari.
811 1875 129 50 Exemplum
907 1875 129 50 secundi.
1004 1875 64 50 si
1036 1875 97 50 esset
1101 1875 118 50 aliquod
1176 1875 43 50 ob

498 1920 135 51 iectum
592 1920 108 51 quod
659 1920 121 51 nullo
740 1920 108 51 modo
808 1920 135 51 posset
902 1920 175 51 apprehedi
1037 1920 81 51 ab
1064 1920 162 51 intellectu

495 1961 100 49 nisi
557 1961 112 49 prius
632 1961 237 49 apprehenderetur
831 1961 62 49 a
856 1961 112 49 sensu
931 1961 75 49 si
968 1961 112 49 esset
1043 1961 125 49 aliqua
1117 1961 100 49 natura

498 2011 227 50 intelligibilis
687 2011 88 50 cui
738 2011 176 50 repugnaret
876 2011 101 50 ille
939 2011 139 50 sensus.
1040 2011 113 50 talis
1103 2011 126 50 intelle-

511 2052 93 57 ctus
569 2052 128 57 quamuis
662 2052 116 57 posset
743 2052 186 57 apprehendere
894 2052 93 57 vnum
952 2052 128 57 commune
1045 2052 70 57 ad
1080 2052 104 57 omnia
1138 2052 81 57 ista.

496 2097 78 51 non
540 2097 100 51 tamen
607 2097 111 51 posset
685 2097 67 51 in
719 2097 167 51 particulari
852 2097 178 51 apprehendere
997 2097 145 51 quodlicet
1097 2097 123 51 contentum

517 2148 185 45 Confirmatur.
666 2148 173 45 intellectus
805 2148 115 45 noiter
886 2148 81 45 pro
932 2148 104 45 statu
1001 2148 92 45 isto
1059 2148 115 45 potest
1128 2148 92 45 apphen

498 2183 72 50 dere
543 2183 72 50 vuum
588 2183 99 50 commune
660 2183 54 50 ad
687 2183 135 50 substantiam
795 2183 54 50 et
822 2183 117 50 accidens.
913 2183 54 50 et
940 2183 81 50 tamen
994 2183 63 50 non
1030 2183 135 50 substentiam
1129 2183 90 50 secundum

493 2232 114 55 istos.
573 2232 80 55 Nec
618 2232 114 55 potest
698 2232 114 55 tertio
778 2232 91 55 modo
835 2232 137 55 probari.
938 2232 91 55 quia
995 2232 80 55 non
1041 2232 114 55 potest
1110 2232 114 55 probari.

489 2276 94 52 quod
548 2276 141 52 voluntas
653 2276 82 52 est
700 2276 105 52 capax
771 2276 105 52 talis
841 2276 105 52 boni.
911 2276 82 52 cum
958 2276 82 52 hoc
1005 2276 82 52 sit
1052 2276 105 52 solum
1111 2276 105 52 superna

494 2318 125 47 turale
582 2318 75 47 et
620 2318 88 47 non
670 2318 163 47 naturale.
796 2318 100 47 Ideo
858 2318 100 47 dico
921 2318 100 47 quod
984 2318 88 47 non
1034 2318 125 47 potest
1109 2318 113 47 naliter

492 2362 194 54 demonstrari
647 2362 104 54 quin
712 2362 155 54 voluntas
829 2362 129 54 possit
919 2362 155 54 recipere
1036 2362 104 54 vnum
1100 2362 117 54 actum
1165 2362 52 54 ab

504 2405 117 50 aliqua
586 2405 93 50 ente
645 2405 129 50 creato.
738 2405 105 50 sicut
808 2405 58 50 a
831 2405 105 50 causa
902 2405 93 50 toli
960 2405 152 50 immediata
1077 2405 93 50 quae
1124 2405 93 50 satiet

499 2452 100 46 totum
565 2452 144 46 appetitum
676 2452 155 46 voluntatis
798 2452 100 46 sicut
865 2452 78 46 non
909 2452 111 46 potest
986 2452 133 46 probari.
1086 2452 89 46 quod
1130 2452 78 46 nulli

488 2494 199 52 delectabile
647 2494 172 52 sensibsre
779 2494 132 52 potest
872 2494 159 52 quaetare
991 2494 172 52 appetitum
1110 2494 106 52 sesiti

492 2542 84 48 uum
540 2542 145 48 quandium
649 2542 121 48 sensus
733 2542 133 48 retinet
830 2542 109 48 omnem
902 2542 205 48 dispositionem
1071 2542 145 48 praeuiam
1168 2542 48 48 il

486 2583 72 55 li
522 2583 205 55 delectationi.
691 2583 120 55 Tertio
775 2583 96 55 dico
835 2583 96 55 quod
895 2583 84 55 non
943 2583 120 55 potest
1027 2583 144 55 namliter
1124 2583 84 55 proba

487 2634 68 44 ri
521 2634 91 44 quod
578 2634 137 44 voluntas
680 2634 80 44 sit
726 2634 80 44 per
771 2634 159 44 quemcumque
896 2634 102 44 actum
965 2634 182 44 quaetabilis.
1113 2634 91 44 quin
1158 2634 57 44 quo

491 2677 133 52 cumque
584 2677 107 52 actu
651 2677 173 52 possibili
784 2677 133 52 posito
877 2677 80 52 in
917 2677 107 52 ipsa
984 2677 173 52 voluntate
1103 2677 107 52 possit

1331 281 129 60 libere
1421 281 116 60 velle
1498 281 141 60 aliquid
1601 281 129 60 aliud.
1691 281 77 60 et
1730 281 154 60 tristari
1845 281 77 60 si
1884 281 129 60 careat
1961 281 90 60 illo.

1332 337 73 48 Et
1368 337 86 48 ita
1417 337 86 48 nec
1466 337 122 48 potest
1552 337 135 48 probari
1650 337 98 48 quod
1711 337 147 48 voluntas
1822 337 86 48 est
1871 337 171 48 satiabilis
1993 337 49 48 et

1343 378 161 60 quaetabilis
1472 378 140 60 fruitione
1579 378 86 60 quam
1633 378 64 60 de
1665 378 97 60 facto
1730 378 129 60 ponimus.
1826 378 75 60 nec
1869 378 86 60 quod
1923 378 75 60 non
1955 378 86 60 potest

1329 423 147 59 quaetari
1439 423 122 59 aliqua
1525 423 98 59 alia
1586 423 147 59 respecum
1696 423 147 59 alicuius
1806 423 159 59 creature.
1929 423 86 59 nec
1966 423 73 59 quod

1335 473 117 50 potest
1417 473 82 50 per
1464 473 163 50 quancumque
1592 473 152 50 quaetari.
1709 473 82 50 nec
1755 473 140 50 rationes
1860 473 128 50 aliorum
1942 473 105 50 aliquam

1329 519 127 59 istarum
1422 519 185 59 conclusionum
1572 519 127 59 probant
1664 519 196 59 sufficientur.
1849 519 69 59 Ad
1883 519 127 59 primam.
1964 519 81 59 maior

1336 555 82 58 est
1383 555 105 58 falsa
1453 555 105 58 sicut
1523 555 105 58 prius
1593 555 117 58 dictum
1675 555 82 58 est
1722 555 70 58 in
1757 555 117 58 quaone
1838 555 70 58 de
1874 555 140 58 subiecto
1967 555 70 58 theo

1328 607 78 55 qui
1373 607 78 55 ibi
1417 607 157 55 declaratum
1541 607 78 55 est
1586 607 90 55 quod
1642 607 112 55 potest
1720 607 146 55 subiectum
1832 607 146 55 distincte
1944 607 67 55 et
1967 607 78 55 perse

1333 652 85 49 cte
1381 652 145 49 cognosci
1490 652 205 49 quantumcumque
1659 652 73 49 ex
1696 652 97 49 illo
1756 652 85 49 non
1804 652 121 49 possit
1889 652 121 49 haberi
1961 652 85 49 noti-

1329 698 114 45 titia
1405 698 76 45 de
1443 698 165 45 quacumque
1570 698 101 45 alia
1633 698 89 45 re.
1710 698 76 45 Ad
1748 698 152 45 secundam
1862 698 101 45 dico
1925 698 101 45 quod
1976 698 63 45 quo

1326 738 125 47 cumque
1414 738 138 47 causato
1515 738 138 47 cognito
1615 738 125 47 potest
1703 738 151 47 cognosci
1816 738 163 47 quaelibet
1941 738 113 47 causa
2004 738 50 47 in

1331 780 153 47 vniversali.
1454 780 82 47 puta
1505 780 82 47 quod
1556 780 92 47 habet
1617 780 92 47 finem
1679 780 61 47 et
1709 780 153 47 efficiente.
1832 780 61 47 et
1863 780 92 47 multe
1914 780 133 47 conditiones

1327 827 123 50 illarum
1416 827 134 50 causarum
1516 827 123 50 possunt
1605 827 67 50 ex
1639 827 89 50 illa
1695 827 67 50 re
1728 827 145 50 cognosci.
1839 827 78 50 sed
1884 827 100 50 illud
1951 827 89 50 quod
1995 827 56 50 est

1331 869 103 50 causa
1399 869 80 50 non
1445 869 115 50 potest
1525 869 69 50 ex
1560 869 149 50 quocumque
1674 869 126 50 causato
1766 869 69 50 in
1800 869 172 50 particulari
1926 869 115 50 cognosci

1323 917 86 52 vel
1372 917 173 52 cognitione
1508 917 136 52 propria
1606 917 99 52 siue
1668 917 197 52 equiualenti.
1853 917 74 52 Ad
1890 917 136 52 tertiam
1976 917 74 52 dico

1333 961 94 45 quod
1392 961 129 45 aliquid
1486 961 94 45 esse
1544 961 141 45 obiectum
1650 961 117 45 primum
1731 961 152 45 alicutius
1849 961 152 45 potentie.
1966 961 70 45 et
1989 961 47 45 ho

1324 1006 176 52 loquendo
1456 1006 88 52 de
1500 1006 161 52 obiecto
1617 1006 132 52 primo
1705 1006 190 52 primitate
1837 1006 205 52 adequationis

1328 1048 100 52 potest
1398 1048 130 52 intelligi
1498 1048 150 52 dupliciter.
1619 1048 70 52 vel
1659 1048 80 52 quia
1709 1048 70 52 est
1749 1048 90 52 illud
1809 1048 90 52 cuius
1869 1048 130 52 quodlibet
1960 1048 90 52 conten-

1324 1096 77 46 tum
1368 1096 66 46 in
1401 1096 176 46 particulari.
1543 1096 66 46 et
1576 1096 77 46 sub
1620 1096 121 46 propria
1708 1096 121 46 ratione
1796 1096 77 46 est
1840 1096 197 46 apprehensibile
1993 1096 44 46 al

1330 1134 99 54 illa
1391 1134 160 54 potentia.
1515 1134 74 54 et
1552 1134 111 54 nihil
1626 1134 86 54 est
1675 1134 86 54 sic
1724 1134 222 54 apprehensibile
1909 1134 62 54 a
1922 1134 123 54 potentia

1330 1183 85 51 nisi
1383 1183 63 51 de
1415 1183 74 51 quo
1457 1183 95 51 illud
1521 1183 169 51 praedicatur.
1658 1183 74 51 vel
1700 1183 85 51 quia
1753 1183 74 51 est
1795 1183 159 51 connissimum
1922 1183 95 51 inter
1975 1183 74 51 omnia

1325 1225 91 56 quae
1382 1225 125 56 possunt
1473 1225 160 56 apprehendi
1598 1225 68 56 ab
1632 1225 114 56 aliqua
1712 1225 148 56 potentia:
1826 1225 80 56 nec
1872 1225 114 56 potest
1951 1225 125 56 aliquid

1316 1269 185 50 apprehendi
1461 1269 79 50 ab
1500 1269 105 50 illa
1566 1269 158 50 potentia
1685 1269 105 50 nisi
1751 1269 79 50 de
1790 1269 92 50 quo
1843 1269 119 50 ipsum
1909 1269 145 50 praedica-

1319 1312 90 64 tur.
1375 1312 102 64 primo
1443 1312 90 64 modo
1500 1312 90 64 dico
1556 1312 90 64 quod
1613 1312 79 64 non
1658 1312 113 64 potest
1737 1312 136 64 namliter
1839 1312 136 64 cognosci
1940 1312 90 64 quod
1985 1312 57 64 ens

1322 1357 76 56 est
1365 1357 65 56 st
1398 1357 108 56 primum
1474 1357 130 56 obiectum
1571 1357 173 56 intellectus.
1712 1357 87 56 quia
1766 1357 76 56 non
1810 1357 108 56 potest
1885 1357 130 56 cognosci
1972 1357 65 56 quae

1318 1408 162 51 quodlibet
1442 1408 162 51 contentum
1566 1408 87 51 sub
1616 1408 87 51 ete
1666 1408 87 51 est
1716 1408 87 51 sic
1765 1408 199 51 cognoscibile
1927 1408 75 51 ab
1952 1408 87 51 intel

1319 1440 113 52 lectu.
1398 1440 124 52 secundo
1488 1440 90 52 modo
1544 1440 79 52 est
1590 1440 158 52 possibile.
1714 1440 79 52 sed
1759 1440 90 52 tunc
1815 1440 79 52 non
1860 1440 79 52 est
1906 1440 135 52 namliter
1996 1440 45 52 no

1317 1487 82 58 tum
1364 1487 93 58 quod
1422 1487 93 58 omne
1480 1487 151 58 contentum
1597 1487 82 58 sub
1643 1487 93 58 tali
1702 1487 105 58 primo
1772 1487 128 58 obiecto
1865 1487 82 58 est
1900 1487 151 58 naturaliter

1314 1533 205 51 cognoscibile
1480 1533 166 51 distincte
1608 1533 77 51 et
1647 1533 77 51 in
1685 1533 192 51 particulari
1839 1533 64 51 a
1864 1533 102 51 tali
1915 1533 141 51 potentiaa

1338 1574 79 52 Ad
1378 1574 132 52 aliud.
1470 1574 105 52 quod
1536 1574 145 52 deberet
1641 1574 145 52 probari
1747 1574 105 52 quod
1813 1574 158 52 potentia
1931 1574 92 52 non
1971 1574 92 52 quae-

1319 1621 101 50 tatur
1386 1621 90 50 nisi
1443 1621 68 50 in
1476 1621 191 50 perfectissimo
1634 1621 135 50 contento
1735 1621 90 50 sube
1791 1621 124 50 obiecto
1881 1621 135 50 communi.
1971 1621 68 50 quia

1307 1663 79 61 si
1346 1663 131 61 sensus
1438 1663 131 61 potest
1530 1663 131 61 habere
1622 1663 223 61 delectationem
1805 1663 170 61 respectum
1923 1663 118 61 plurium

1320 1704 189 52 sensibilium.
1474 1704 71 52 si
1509 1704 106 52 esset
1580 1704 130 52 aliquod
1675 1704 154 52 sensibile
1793 1704 106 52 minus
1864 1704 154 52 perfectum
1970 1704 71 52 quod

1322 1751 102 51 semper
1393 1751 184 51 approximaretur
1547 1751 82 51 illi
1598 1751 113 51 sensui.
1680 1751 153 51 neccessario
1803 1751 102 51 semper
1874 1751 133 51 quaetaret
1966 1751 72 51 illum

1326 1792 135 55 sensum.
1424 1792 98 55 quia
1485 1792 171 55 excluderet
1619 1792 110 55 omnem
1693 1792 159 55 tristitia
1815 1792 135 55 conriam
1913 1792 98 55 illi
1962 1792 73 55 delo

1327 1839 146 50 ctationi.
1439 1839 67 50 et
1473 1839 101 50 tamen
1540 1839 79 50 non
1585 1839 101 50 esset
1653 1839 202 50 perfectissimum
1821 1839 146 50 contentum
1934 1839 79 50 sub
1968 1839 67 50 illo

1316 1887 116 54 communi.
1403 1887 126 54 Similiter
1500 1887 97 54 quando
1568 1887 68 54 non
1606 1887 126 54 quodlibet
1703 1887 126 54 contentum
1799 1887 68 54 est
1838 1887 126 54 distincte
1935 1887 58 54 et
1964 1887 58 54 in
1983 1887 58 54 per-

1312 1932 165 57 ticulari
1436 1932 221 57 cognoscibile
1616 1932 83 57 ab
1657 1932 110 57 illa
1726 1932 165 57 potentia
1850 1932 97 57 non
1891 1932 152 57 oporteret

1316 1973 106 50 quod
1382 1973 93 50 non
1435 1973 132 50 posset
1527 1973 159 50 quaetari
1646 1973 106 50 nisi
1713 1973 79 50 in
1752 1973 132 50 summo.
1871 1973 93 50 Per
1924 1973 106 50 idem
1977 1973 53 50 ad

1318 2019 104 52 aliud.
1390 2019 83 52 quod
1443 2019 73 52 non
1484 2019 125 52 probatur
1578 2019 167 52 sufficientur
1713 2019 83 52 quod
1765 2019 125 52 potentia
1859 2019 94 52 talis
1921 2019 73 52 non
1953 2019 83 52 potest

1313 2054 155 58 quaetari
1430 2054 104 58 nisi
1494 2054 78 58 in
1533 2054 233 58 perfectissimo.
1753 2054 78 58 Ad
1792 2054 142 58 vltimum
1896 2054 91 58 non
1934 2054 104 58 potest

1317 2100 135 65 probari
1415 2100 159 65 snfficiet
1537 2100 98 65 quod
1598 2100 98 65 omne
1660 2100 110 65 bonum
1733 2100 98 65 quod
1794 2100 122 65 potest
1880 2100 122 65 appeti
1966 2100 61 65 a
1978 2100 61 65 vo-

1316 2150 110 57 luntate
1396 2150 100 57 potest
1467 2150 60 57 ab
1497 2150 60 57 ea
1527 2150 100 57 aliter
1597 2150 100 57 haberi
1667 2150 80 57 quam
1718 2150 100 57 haber.
1788 2150 60 57 Et
1818 2150 70 57 ita
1858 2150 70 57 non
1898 2150 110 57 videtur
1969 2150 60 57 quod

1307 2197 131 44 opinio
1399 2197 158 44 Auicenne
1517 2197 105 44 quae
1583 2197 118 44 ponit
1661 2197 105 44 quod
1727 2197 223 44 intelligentia
1898 2197 131 44 inferior

1319 2231 171 65 beatificatur
1458 2231 64 65 in
1490 2231 182 65 intelligentia
1640 2231 150 65 superiori:
1757 2231 107 65 possit
1832 2231 75 65 per
1864 2231 171 65 rationesnamles

1316 2276 185 67 sufficienter
1466 2276 162 67 improbari.
1617 2276 69 67 Si
1651 2276 127 67 dicatur
1743 2276 92 67 quod
1801 2276 196 67 intelligentia
1951 2276 81 67 infe-

1312 2325 94 52 rior
1371 2325 118 52 videns
1453 2325 176 52 superiorem.
1594 2325 82 52 aut
1641 2325 106 52 videt
1712 2325 82 52 eam
1759 2325 94 52 esse
1818 2325 129 52 finita.
1912 2325 82 52 ant
1947 2325 82 52 videm

1311 2376 76 47 eam
1355 2376 87 47 esse
1409 2376 152 47 infinitam.
1528 2376 119 47 antamen
1615 2376 98 47 videm
1680 2376 87 47 eius
1735 2376 141 47 finitatem
1843 2376 76 47 nec
1876 2376 141 47 infinitatem

1304 2408 70 55 sed
1344 2408 100 55 credit
1414 2408 70 55 eam
1454 2408 80 55 esse
1504 2408 140 55 infinitam.
1614 2408 60 55 si
1644 2408 90 55 primo
1703 2408 70 55 vel
1743 2408 100 55 tertio
1813 2408 90 55 modo.
1873 2408 80 55 ergo
1923 2408 70 55 non
1953 2408 70 55 beati

1310 2455 108 52 ficatur
1389 2455 59 52 in
1419 2455 59 52 ea
1448 2455 79 52 quia
1497 2455 118 52 stultius
1586 2455 79 52 neul
1635 2455 79 52 dici
1685 2455 99 52 potest
1754 2455 79 52 quam
1803 2455 79 52 quod
1852 2455 69 52 fia
1892 2455 118 52 opinione
1971 2455 49 52 sit

1298 2500 94 52 anima
1360 2500 104 52 beatam
1433 2500 125 52 secundum
1527 2500 83 52 aug.
1579 2500 94 52 iiii.
1641 2500 62 52 de
1672 2500 73 52 ci.
1714 2500 83 52 dei.
1766 2500 62 52 si
1797 2500 73 52 aut
1839 2500 73 52 nec
1880 2500 94 52 videt
1943 2500 83 52 eius
1984 2500 42 52 fi

1300 2546 119 58 nitatem
1387 2546 76 58 nec
1430 2546 174 58 infinitatem.
1571 2546 76 58 non
1615 2546 98 58 videm
1680 2546 76 58 eam
1723 2546 130 58 perfecte
1821 2546 76 58 nec
1864 2546 76 58 per
1897 2546 130 58 consequens

1307 2587 72 63 est
1348 2587 93 63 btam:
1410 2587 62 63 si
1441 2587 72 63 ant
1483 2587 93 63 videt
1545 2587 72 63 eam
1586 2587 83 63 esse
1638 2587 124 63 finitam.
1731 2587 83 63 ergo
1783 2587 72 63 pet
1824 2587 145 63 intelligem
1938 2587 114 63 aliquid

1304 2631 117 53 posse
1382 2631 91 53 eam
1434 2631 156 53 excedem.
1551 2631 91 53 ita
1603 2631 91 53 est
1655 2631 169 53 experimur
1786 2631 78 53 in
1825 2631 91 53 nob
1877 2631 104 53 quod
1929 2631 91 53 possu

1292 2681 109 66 mus
1355 2681 140 66 vltra
1448 2681 187 66 appetere
1588 2681 218 66 quodcumque
1759 2681 140 66 bonum
1853 2681 140 66 aliud
1931 2681 93 66 quod
