2215 3076
243 249 171 84 Questio
368 249 140 84 quint
461 249 78 84 a
492 249 264 84 distinctionis
694 249 124 84 prime.

354 305 286 101 Iito
533 305 322 101 quero
712 305 215 101 utru

370 385 178 64 voluntas
504 385 149 64 possit
608 385 119 64 frui
682 385 149 64 aliquo
786 385 119 64 quod
846 385 74 64 est

356 433 182 52 realiter
492 433 121 52 deus
568 433 106 52 non
628 433 167 52 habendo
734 433 182 52 fruitionem

372 479 143 63 respectu
480 479 143 63 alicuius
587 479 96 63 quod
647 479 84 63 est
695 479 143 63 realiter
802 479 108 63 deus.
862 479 60 63 hoc

189 501 111 69 fest.
263 501 111 69 Utrum
337 501 124 69 possit
424 501 99 69 frui
486 501 149 69 essentia
597 501 87 69 non
647 501 136 69 fruendo
746 501 161 69 sapientia
857 501 62 69 vel

198 566 174 52 voluntate
331 566 94 52 vel
385 566 147 52 persona
492 566 107 52 siue
558 566 107 52 frui
625 566 94 52 vna
679 566 147 52 persona
785 566 94 52 non
825 566 94 52 fruem

192 612 69 62 do
227 612 104 62 alia.
296 612 92 62 Quod
354 612 92 62 sic.
412 612 92 62 quia
470 612 92 62 quod
527 612 115 62 potest
608 612 150 62 distincte
724 612 150 62 intelligi
828 612 92 62 potest

190 649 176 71 distincte
326 649 149 71 diligi.
435 649 95 71 sed
489 649 149 71 esentia
597 649 136 71 diuina
692 649 136 71 potest
774 649 149 71 intelligi

199 695 83 60 non
247 695 167 60 intellecta
378 695 143 60 persona.
485 695 95 60 ergo
545 695 119 60 potest
628 695 119 60 diligi
711 695 83 60 non
759 695 131 60 dilecta
843 695 71 60 per-

191 738 111 64 sona.
264 738 111 64 maior
338 738 86 64 est
387 738 172 64 manifesta.
523 738 98 64 quia
584 738 98 64 iste
646 738 148 64 potentie
756 738 98 64 sunt
805 738 111 64 equatur

190 782 205 67 abstractionis.
360 782 102 67 minor
428 782 114 67 patet.
508 782 91 67 quia
565 782 102 67 equae
633 782 136 67 perfecta
735 782 80 67 est
781 782 125 67 fruitio
860 782 57 67 pa-

183 828 104 53 trie
248 828 117 53 sicut
326 828 143 53 fruitio
431 828 104 53 vie.
496 828 91 53 sed
548 828 78 53 in
587 828 91 53 via
639 828 169 53 contingit
757 828 156 53 intellige-

180 871 71 59 re
216 871 155 59 essentiam
335 871 83 59 non
382 871 190 59 intelligendo
537 871 155 59 personam.
656 871 95 59 ergo
715 871 71 59 et
751 871 71 59 in
786 871 131 59 patria.
869 871 48 59 Se

174 921 121 59 cundo
254 921 108 59 omne
322 921 121 59 prius
403 921 135 59 potest
497 921 175 59 intelligi
632 921 94 59 non
686 921 189 59 intellecto
821 921 94 59 poste

175 964 108 52 riori.
251 964 76 52 sed
294 964 130 52 essentia
391 964 76 52 est
434 964 97 52 prior
499 964 130 52 persona.
597 964 86 52 ergo
651 964 108 52 potest
726 964 140 52 intelligi
823 964 76 52 essen

178 1008 82 57 tia
225 1008 82 57 non
272 1008 164 57 intellecta
401 1008 141 57 persona.
507 1008 70 57 et
542 1008 82 57 per
589 1008 164 57 consequens
718 1008 141 57 voluntas
812 1008 94 57 potest

175 1043 98 66 frui
236 1043 146 66 essentia
345 1043 85 66 non
394 1043 122 66 fruedo
480 1043 146 66 persona.
589 1043 195 66 Confirmatur.
748 1043 98 66 quia
796 1043 98 66 intel-

169 1086 136 74 lectus
265 1086 136 74 potest
360 1086 177 74 coniuncta
495 1086 82 74 in
536 1086 109 74 esse
604 1086 163 74 diuidere
713 1086 190 74 intelligendo

174 1137 96 64 vnum
234 1137 72 64 et
270 1137 84 64 non
318 1137 191 64 intelligendo
473 1137 156 64 reliquum.
593 1137 120 64 igitur
677 1137 203 64 quantumcumque
844 1137 84 64 es¬

173 1175 142 61 sentia
272 1175 99 61 sit
329 1175 156 61 persona
442 1175 156 61 poterit
556 1175 213 61 intellectus
712 1175 184 61 intelligere

174 1228 151 55 essentiam
291 1228 81 55 non
337 1228 186 55 intelligendo
488 1228 139 55 personam
593 1228 116 55 Tertio
674 1228 93 55 quod
732 1228 105 55 habet
790 1228 105 55 distin-

157 1269 108 59 ctam
225 1269 176 59 bonitatem
360 1269 135 59 potest
455 1269 176 59 distincte
590 1269 176 59 terminare
725 1269 122 59 actum
793 1269 108 59 volun-

162 1311 123 59 tatis.
248 1311 86 59 sed
297 1311 135 59 relatio
395 1311 110 59 habet
468 1311 172 59 distinctam
603 1311 159 59 bonitatem
726 1311 110 59 sicut
787 1311 98 59 distin

163 1356 96 69 ctam
223 1356 168 69 entitatem.
355 1356 96 69 ergo
415 1356 96 69 etc.
475 1356 144 69 Preterea
582 1356 84 69 vna
630 1356 84 69 res
678 1356 120 69 potest
750 1356 132 69 intelligi

160 1404 84 62 non
208 1404 168 62 intellecta
340 1404 96 62 alia
400 1404 72 62 re
436 1404 144 62 realiter
544 1404 168 62 distincta.
676 1404 96 62 ergo
736 1404 120 62 potest
808 1404 84 62 intel

150 1432 102 76 ligi
214 1432 90 76 vna
265 1432 141 76 persona
368 1432 90 76 non
419 1432 179 76 intellecta
560 1432 102 76 alia
624 1432 154 76 persona.
739 1432 128 76 igitur
816 1432 64 76 con

154 1490 145 66 tingit
255 1490 116 66 frui
327 1490 101 66 vna
385 1490 159 66 persona
501 1490 101 66 non
559 1490 159 66 fruendo
675 1490 130 66 alia.
762 1490 72 66 ⁋
777 1490 101 66 Quito

152 1535 99 53 non
208 1535 127 53 magis
293 1535 170 53 repugnat
421 1535 170 53 essentie
548 1535 184 53 terminare
689 1535 113 53 actu
746 1535 127 53 fruendi

151 1576 94 63 sine
210 1576 117 63 persoa
292 1576 94 63 quam
351 1576 152 63 repugnatt
468 1576 129 63 persone
562 1576 117 63 divine
644 1576 152 63 terminare
749 1576 129 63 dependen-

153 1622 102 53 tiam
217 1622 127 53 nature
306 1622 153 53 assumpte
420 1622 102 53 sine
484 1622 153 53 essentia
598 1622 89 53 vel
649 1622 102 53 sine
713 1622 102 53 alia
764 1622 114 53 persona

156 1655 100 76 ergo
219 1655 88 76 cum
269 1655 138 76 persona
369 1655 150 76 terminat
482 1655 200 76 dependentiam
645 1655 125 76 nature
733 1655 150 76 assumpte
833 1655 50 76 et

157 1710 64 54 n
183 1710 153 54 essentia
297 1710 89 54 nec
348 1710 102 54 alia
412 1710 140 54 persona
513 1710 165 54 terminare
640 1710 114 54 actum
717 1710 140 54 fruendi
806 1710 76 54 sine

155 1745 156 74 persona.
272 1745 65 74 ⁋
298 1745 78 74 Ad
337 1745 183 74 oppositum.
481 1745 143 74 fruitio
585 1745 91 74 non
637 1745 91 74 est
689 1745 104 74 nisi
742 1745 130 74 respecum

154 1798 105 62 vnius
224 1798 163 62 fruibilis.
352 1798 93 62 quia
410 1798 139 62 quicquid
515 1798 81 62 est
561 1798 139 62 obiectum
666 1798 163 62 fruitionis
794 1798 81 62 est
829 1798 46 62 ob

145 1836 117 70 iectum
227 1836 164 70 cuiuslibet
356 1836 176 70 fruitionis.
497 1836 94 70 ergo
555 1836 82 70 non
602 1836 152 70 contingit
719 1836 94 70 frui
766 1836 94 70 aliqua

142 1880 88 72 nisi
197 1880 121 72 fruendo
285 1880 88 72 omni
339 1880 143 72 fruibili.
449 1880 88 72 ergo
504 1880 88 72 etc.
559 1880 66 72 Ad
592 1880 121 72 quaonem
680 1880 121 72 dicitur
767 1880 88 72 quod
811 1880 55 72 nec

156 1922 70 73 in
191 1922 82 73 via
238 1922 82 73 nec
285 1922 70 73 in
320 1922 117 73 patria
401 1922 140 73 includit
506 1922 233 73 contradictionem.
705 1922 93 73 quod
751 1922 117 73 voluntas

148 1966 125 74 fruatur
239 1966 137 74 essentia
341 1966 80 74 non
387 1966 125 74 fruendo
478 1966 137 74 persona.
580 1966 68 74 et
614 1966 91 74 quod
671 1966 125 74 fruatur
762 1966 80 74 vna
796 1966 57 74 per

141 2009 98 74 sona
202 2009 86 74 non
251 2009 135 74 fruendo
350 2009 111 74 alia.
424 2009 135 74 Dicitur
522 2009 123 74 igitur
608 2009 111 74 primo
682 2009 98 74 quod
731 2009 123 74 possibi-

147 2055 73 71 le
183 2055 85 71 est
232 2055 146 71 viatorem
341 2055 97 71 frui
402 2055 146 71 essentia
511 2055 85 71 non
560 2055 134 71 fruendo
657 2055 146 71 persona.
766 2055 73 71 et
790 2055 61 71 hoc

148 2098 147 73 fruitione
261 2098 136 73 ordinata
363 2098 57 73 ⁋
386 2098 91 73 Quod
442 2098 147 73 probatur.
556 2098 91 73 quia
613 2098 136 73 secundum
715 2098 91 73 aug.
771 2098 91 73 vii.
817 2098 45 73 de

140 2150 80 53 tri.
190 2150 60 53 c.
220 2150 70 53 ii.
260 2150 60 53 si
291 2150 100 53 essent
361 2150 60 53 ia
391 2150 121 53 relatiue
481 2150 110 53 dicitur
562 2150 70 53 non
602 2150 70 53 est
642 2150 131 53 essentia.
743 2150 80 53 quia
783 2150 70 53 omnis

157 2185 115 66 sentia
237 2185 92 66 quae
294 2185 138 66 relative
398 2185 126 66 dicitur
490 2185 80 66 est
535 2185 126 66 aliquid
627 2185 126 66 excepto
719 2185 138 66 relatio.
811 2185 46 66 Ex

156 2239 72 65 quo
197 2239 134 65 concludit
300 2239 72 65 li.
342 2239 83 65 iii.
393 2239 62 65 c.
424 2239 83 65 vii.
476 2239 145 65 quapropter
590 2239 62 65 si
621 2239 93 65 pater
683 2239 72 65 non
724 2239 72 65 est
755 2239 93 65 aliquid

157 2280 64 65 id
189 2280 64 65 se
221 2280 75 65 non
264 2280 75 65 est
307 2280 117 65 aliquid
392 2280 85 65 quod
445 2280 64 65 ad
477 2280 117 65 alterum
563 2280 128 65 dicatur.
659 2280 75 65 est
702 2280 85 65 ergo
744 2280 107 65 essentia

145 2316 123 71 divina
231 2316 135 71 aliquod
329 2316 147 71 obiectum
439 2316 209 71 conceptibile.
611 2316 74 71 in
648 2316 110 71 cuius
709 2316 135 71 conceptu-

144 2367 83 67 non
191 2367 165 67 includitur
321 2367 142 67 relatio.
428 2367 118 67 igitur
510 2367 83 67 sic
558 2367 118 67 potest
640 2367 130 67 concipi
735 2367 59 67 a
747 2367 106 67 viatore

150 2403 76 68 sed
193 2403 130 68 essentia
291 2403 108 68 divina
367 2403 65 68 si
399 2403 76 68 sit
442 2403 76 68 sic
486 2403 130 68 concepta
583 2403 97 68 habet
648 2403 130 68 rationem
746 2403 97 68 summi
800 2403 43 68 bo

146 2455 73 59 ni.
187 2455 83 59 ergo
239 2455 62 59 et
270 2455 135 59 perfectam
374 2455 124 59 rationem
467 2455 187 59 fruibilitatis.
623 2455 83 59 ergo
675 2455 124 59 contigit
768 2455 62 59 ea
789 2455 62 59 frui

145 2498 137 67 ordinate
247 2498 57 67 ⁋
270 2498 91 67 Ista
327 2498 103 67 ratio
396 2498 183 67 confirmatur.
544 2498 91 67 quia
602 2498 149 67 possibile
716 2498 80 67 est
750 2498 103 67 conclu-

144 2537 70 72 di
179 2537 70 72 ex
214 2537 105 72 puris
285 2537 175 72 naturalibus
425 2537 94 72 esse
483 2537 94 72 vnum
542 2537 117 72 summum
624 2537 117 72 bonum:
706 2537 70 72 et
741 2537 105 72 tamen
799 2537 47 72 ex

150 2589 189 61 naturalibus
302 2589 88 61 non
352 2589 189 61 cognoscimus
503 2589 101 61 deum
566 2589 76 61 vt
604 2589 126 61 trinus
692 2589 101 61 est.
742 2589 101 61 igitur

143 2625 115 82 circa
220 2625 128 82 summum
310 2625 115 82 bonum
387 2625 90 82 sic
438 2625 154 82 cognitum
553 2625 128 82 potest
643 2625 154 82 voluntas
745 2625 103 82 habere

1032 259 133 78 aliquem
1129 259 109 78 actum
1201 259 73 78 et
1237 259 85 78 non
1286 259 181 78 neccessario
1431 259 193 78 inordinatum.
1588 259 97 78 ergo
1636 259 109 78 habebit

1025 320 117 66 actum
1103 320 181 66 fruitionis
1245 320 169 66 ordinatum
1375 320 117 66 circa
1453 320 169 66 essentiam
1582 320 78 66 et
1621 320 91 66 non
1660 320 91 66 circa

1023 358 161 79 personam.
1146 358 74 79 vt
1184 358 87 79 nos
1233 358 173 79 concipimus
1369 358 161 79 personam.
1493 358 161 79 Econuerso
1617 358 111 79 autem
1679 358 62 79 non

1020 411 88 66 est
1071 411 163 66 possibile
1196 411 151 66 scilicet
1309 411 100 66 quod
1372 411 151 66 ordinate
1485 411 138 66 fruamur
1585 411 138 66 persona
1673 411 63 66 non

1013 449 138 76 fruendo
1114 449 151 76 essentia
1227 449 101 76 quia
1290 449 138 76 persona
1391 449 75 76 in
1428 449 138 76 ratione
1529 449 88 76 sui
1579 449 151 76 includit
1680 449 50 76 et

1018 492 134 77 sentiam.
1118 492 122 77 Secundo
1207 492 122 77 dicitur
1296 492 89 77 quod
1352 492 111 77 viator
1430 492 111 77 potest
1507 492 89 77 frui
1563 492 78 77 vna
1608 492 122 77 persona
1685 492 56 77 or-

1021 533 124 72 dinate
1108 533 87 72 non
1157 533 137 72 fruendo
1257 533 100 72 alia
1319 533 100 72 Quod
1381 533 162 72 probatur.
1506 533 100 72 quia
1568 533 149 72 respecum
1667 533 75 72 tri-

1017 586 77 70 um
1056 586 180 70 personarum
1197 586 103 70 sunt
1261 586 103 70 tres
1326 586 167 70 distincti
1454 586 154 70 articuli
1570 586 129 70 fidei.
1647 586 77 70 ergo

1015 628 121 70 potest
1099 628 133 70 concipi
1196 628 133 70 persona
1293 628 84 70 vna
1341 628 84 70 cui
1389 628 193 70 correspondet
1546 628 97 70 vnus
1594 628 133 70 articulus

1013 677 90 65 non
1065 677 193 65 concipiendo
1219 677 116 65 aliam
1296 677 90 65 cui
1348 677 206 65 correspondet
1515 677 116 65 alius
1579 677 142 65 articulus

1004 713 93 75 tunc
1062 713 69 75 in
1097 713 93 75 illa
1155 713 127 75 persona
1247 713 162 75 concipitur
1375 713 104 75 ratio
1444 713 104 75 summi
1513 713 104 75 boni.
1583 713 93 75 ergo
1629 713 104 75 possibi

1007 753 83 77 le
1049 753 97 77 est
1104 753 111 77 frui
1173 753 97 77 vna
1229 753 152 77 persona
1339 753 97 77 sic
1395 753 152 77 accepta
1506 753 97 77 non
1561 753 138 77 fruedo
1644 753 83 77 alia

992 789 55 87 ⁋
1014 789 121 87 Secundo
1102 789 187 87 principaliter
1256 789 121 87 dicitur
1344 789 88 87 quod
1399 789 77 87 non
1443 789 132 87 includit
1531 789 187 87 contradictionem

1003 844 95 71 quin
1063 844 119 71 possit
1146 844 95 71 esse
1206 844 72 71 ex
1241 844 107 71 parte
1313 844 179 71 intellectus
1456 844 72 71 et
1492 844 72 71 ex
1527 844 107 71 parte
1587 844 143 71 voluntatis

989 898 105 59 quod
1055 898 171 59 vtriusque
1186 898 105 59 actu
1251 898 158 59 terminet
1370 898 158 59 essentia
1488 898 79 59 et
1527 898 118 59 nulla
1593 898 131 59 persona.

1004 939 92 65 vel
1056 939 92 65 vna
1109 939 144 65 persona
1214 939 79 65 et
1253 939 92 65 non
1306 939 118 65 alia.
1385 939 105 65 puta
1450 939 105 65 quod
1516 939 197 65 intellectus
1660 939 66 65 vi-

989 980 93 73 deat
1047 980 151 73 essentiam
1164 980 70 73 et
1198 980 81 73 non
1245 980 151 73 personam.
1361 980 81 73 vel
1407 980 139 73 personam
1512 980 93 73 vnam
1570 980 70 73 et
1605 980 81 73 non
1640 980 81 73 aliam

993 1026 75 68 et
1030 1026 100 68 quod
1092 1026 149 68 voluntas
1204 1026 137 68 fruatur
1304 1026 149 68 essentia
1415 1026 75 68 et
1453 1026 87 68 non
1503 1026 149 68 persona.
1614 1026 87 68 vel
1652 1026 62 68 vna

993 1074 132 73 persona
1089 1074 72 73 et
1125 1074 84 73 non
1173 1074 108 73 alia.
1245 1074 84 73 hoc
1293 1074 180 73 persuadetur
1436 1074 96 73 sic.
1496 1074 108 73 pater
1568 1074 108 73 prius
1628 1074 84 73 origi

987 1120 71 67 ne
1023 1120 94 67 quam
1082 1120 118 67 genuit
1164 1120 118 67 filium
1247 1120 142 67 perfecte
1353 1120 83 67 est
1400 1120 130 67 beatus.
1495 1120 94 67 quia
1554 1120 118 67 nullam
1625 1120 94 67 perfe-

983 1154 133 71 ctione
1076 1154 106 71 sibi
1142 1154 199 71 intrinsecam
1302 1154 120 71 habet
1382 1154 66 71 a
1408 1154 146 71 persona
1515 1154 173 71 producta.
1648 1154 93 71 bea

989 1198 119 68 titudo
1072 1198 83 68 est
1120 1198 155 68 perfectio
1239 1198 167 68 intrinseca
1370 1198 131 68 persone
1465 1198 131 68 beatem.
1560 1198 83 68 sed
1608 1198 71 68 in
1632 1198 71 68 illo

997 1237 113 76 priori
1076 1237 79 76 est
1121 1237 124 76 beatus.
1212 1237 90 76 ergo
1268 1237 68 76 in
1302 1237 90 76 illo
1359 1237 113 76 priori
1438 1237 102 76 habet
1505 1237 136 76 obiectum
1596 1237 113 76 perfecte

987 1287 183 63 beatificans.
1136 1287 80 63 non
1181 1287 103 63 autem
1250 1287 126 63 videtur
1342 1287 69 63 in
1376 1287 92 63 illo
1434 1287 115 63 priore
1514 1287 115 63 habere
1583 1287 126 63 essentiam

980 1332 195 64 communicatam
1138 1332 134 64 tribus.
1236 1332 73 64 vt
1273 1332 159 64 obiectum.
1395 1332 85 64 sed
1444 1332 85 64 vel
1492 1332 159 64 essentiam
1602 1332 98 64 absolu

982 1371 77 76 te:
1026 1371 77 76 vel
1070 1371 66 76 vt
1103 1371 77 76 est
1147 1371 132 76 essentia
1245 1371 66 76 in
1278 1371 77 76 vna
1322 1371 77 76 per
1366 1371 77 76 ona
1410 1371 121 76 tantum.
1498 1371 88 76 ergo
1552 1371 132 76 praecise
1640 1371 55 76 non

972 1412 84 74 est
1020 1412 72 74 de
1056 1412 132 74 ratione
1152 1412 144 74 essentie
1260 1412 72 74 vt
1296 1412 84 74 est
1345 1412 144 74 obiectum
1453 1412 180 74 beatificum.
1597 1412 72 74 vt
1621 1412 72 74 ipsa

972 1462 166 67 beatificet
1103 1462 154 67 inquantum
1222 1462 178 67 communicata
1364 1462 131 67 tribus.
1459 1462 71 67 et
1495 1462 83 67 ita
1542 1462 83 67 non
1578 1462 107 67 videtur

976 1502 189 73 contradictio
1129 1502 94 73 siue
1188 1502 130 73 quantum
1283 1502 71 73 ad
1318 1502 141 73 visionem
1424 1502 94 73 siue
1483 1502 130 73 quantum
1577 1502 71 73 ad
1601 1502 94 73 fruiti

976 1559 97 59 onem.
1041 1559 86 59 ergo
1095 1559 161 59 simpliciter
1224 1559 108 59 primum
1299 1559 129 59 obiectum
1396 1559 151 59 beatificum
1514 1559 75 59 est
1557 1559 86 59 ipsa
1600 1559 86 59 divina

968 1596 168 57 essentia.
1097 1596 168 57 absolute.
1226 1596 103 57 ergo
1291 1596 181 57 comparando
1433 1596 77 57 ad
1472 1596 194 57 intellectum
1614 1596 77 57 cre-

965 1631 99 80 atum
1027 1631 87 80 est
1076 1631 161 80 possibile
1200 1631 149 80 obiectum
1312 1631 124 80 primum
1399 1631 99 80 poni
1461 1631 99 80 sine
1523 1631 136 80 secundo
1610 1631 74 80 quam

970 1684 108 66 etc.
1038 1684 68 66 ⁋
1065 1684 135 66 Mondus
1160 1684 149 66 ponendi
1269 1684 95 66 est
1323 1684 108 66 iste
1390 1684 122 66 omnis
1472 1684 122 66 actus
1553 1684 122 66 habet
1621 1684 54 66 ob

967 1725 123 67 iectum
1053 1725 123 67 primum
1139 1725 61 67 a
1163 1725 86 67 quo
1212 1725 209 67 essentialiter
1384 1725 160 67 dependet.
1507 1725 74 67 et
1544 1725 111 67 habet
1605 1725 74 67 obie

966 1765 93 72 ctum
1025 1765 175 72 secundarium
1165 1765 58 72 a
1188 1765 82 72 quo
1235 1765 198 72 essentialiter
1398 1765 82 72 non
1445 1765 152 72 dependet.
1561 1765 82 72 sed
1596 1765 82 72 temn-

965 1814 99 70 dit
1021 1814 85 70 in
1064 1814 127 70 illud
1149 1814 156 70 virtute
1262 1814 127 70 primi
1347 1814 170 70 obiecti.
1474 1814 127 70 licet
1559 1814 113 70 ergo
1615 1814 71 70 non

963 1856 160 68 possit
1075 1856 160 68 manere
1187 1856 128 68 idem
1267 1856 144 68 actus
1362 1856 128 68 nisi
1442 1856 160 68 habeat
1554 1856 160 68 habitu

964 1903 127 56 dinem
1048 1903 84 56 ad
1091 1903 141 56 primum
1189 1903 183 56 obiectum.
1330 1903 141 56 potest
1429 1903 127 56 tamen
1513 1903 141 56 manere
1598 1903 84 56 idem

947 1936 109 77 sine
1016 1936 191 77 habitudine
1166 1936 82 77 ad
1206 1936 164 77 secundum
1329 1936 177 77 obiectum.
1465 1936 109 77 quia
1534 1936 82 77 ab
1575 1936 82 77 eo
1602 1936 68 77 non

954 1986 187 63 dependet.
1097 1986 172 63 Exemplum
1227 1986 115 63 idem
1298 1986 101 63 est
1356 1986 129 63 actus
1442 1986 172 63 visionis
1557 1986 115 63 diuine

949 2034 138 61 essentie
1052 2034 69 61 et
1087 2034 127 61 aliarum
1179 2034 104 61 rerum
1248 2034 69 61 in
1282 2034 150 61 essentia.
1397 2034 81 61 sed
1443 2034 138 61 essentia
1547 2034 81 61 est
1581 2034 92 61 primum

954 2080 154 64 obiectum
1070 2080 90 64 res
1121 2080 103 64 vise
1185 2080 103 64 sunt
1249 2080 193 64 secundarium
1403 2080 167 64 obiectum.
1532 2080 90 64 Non
1570 2080 103 64 posset

949 2124 122 65 autem
1031 2124 136 65 manere
1126 2124 122 65 visio
1207 2124 122 65 eadem
1288 2124 108 65 nisi
1356 2124 122 65 esset
1438 2124 149 65 eiusdem
1532 2124 136 65 essentie

957 2163 120 70 posset
1041 2163 108 70 tamen
1113 2163 120 70 manere
1198 2163 108 70 eadem
1270 2163 120 70 absque
1354 2163 84 70 hoc
1402 2163 96 70 quod
1462 2163 108 70 esset
1535 2163 108 70 rerum
1595 2163 84 70 visa-

951 2201 72 74 rum
992 2201 62 74 in
1023 2201 72 74 ea.
1064 2201 83 74 ergo
1116 2201 93 74 sicut
1178 2201 83 74 deus
1229 2201 103 74 potest
1302 2201 83 74 sine
1353 2201 186 74 contradictione
1508 2201 134 74 conoprari
1611 2201 62 74 ad
1632 2201 41 74 ac

949 2260 75 62 tum
992 2260 107 62 primum
1067 2260 139 62 inquantum
1175 2260 107 62 tendit
1250 2260 64 62 in
1282 2260 107 62 primum
1357 2260 129 62 obiectum
1453 2260 75 62 non
1496 2260 129 62 iquantum
1582 2260 86 62 tendit

953 2293 59 71 in
983 2293 117 71 secundum
1070 2293 59 71 et
1100 2293 88 71 tamen
1158 2293 78 71 erit
1207 2293 88 71 actus
1266 2293 88 71 idem.
1324 2293 68 71 ita
1363 2293 78 71 sine
1412 2293 176 71 contradictione
1558 2293 98 71 potest
1617 2293 39 71 co

957 2341 113 69 operari
1039 2341 62 69 ad
1070 2341 124 69 visionem
1163 2341 134 69 essentie.
1266 2341 82 69 quia
1317 2341 124 69 essentia
1410 2341 93 69 habet
1471 2341 93 69 quasi
1533 2341 124 69 rationem
1616 2341 51 69 pri

948 2390 75 58 mi
985 2390 137 58 obiecti
1085 2390 87 58 non
1135 2390 187 58 conoperando
1285 2390 112 58 eidem
1359 2390 112 58 actui
1434 2390 150 58 visionis
1547 2390 87 58 vel
1584 2390 75 58 frui

950 2429 98 65 tionis
1019 2429 127 65 inquantum
1117 2429 98 65 tendit
1185 2429 59 65 in
1215 2429 118 65 personam
1303 2429 59 65 et
1333 2429 78 65 pari
1382 2429 108 65 ratione
1460 2429 127 65 inquantum
1558 2429 98 65 tendit
1617 2429 39 65 in

950 2474 80 73 vnam
1000 2474 119 73 personam
1089 2474 60 73 et
1119 2474 70 73 non
1159 2474 60 73 in
1189 2474 99 73 aliam.
1258 2474 99 73 Contur
1328 2474 89 73 istam
1388 2474 119 73 opinione
1477 2474 109 73 quantum
1557 2474 60 73 ad
1576 2474 70 73 primi

933 2524 157 56 articulia
1054 2524 73 56 si
1090 2524 169 56 intelligat
1223 2524 97 56 quod
1284 2524 133 56 aliquis
1381 2524 121 56 viator
1465 2524 121 56 potest
1538 2524 121 56 ordinate

941 2559 118 71 diligere
1030 2559 128 71 essentiam
1128 2559 59 71 et
1157 2559 69 71 non
1196 2559 128 71 personam.
1295 2559 88 71 quia.
1354 2559 118 71 scilicet
1442 2559 98 71 potest
1511 2559 88 71 scire
1570 2559 59 71 se
1589 2559 69 71 dili-

945 2605 94 66 gere
1004 2605 164 66 essentiam.
1133 2605 70 66 et
1168 2605 82 66 non
1214 2605 105 66 scire
1285 2605 70 66 se
1320 2605 140 66 diligere
1425 2605 152 66 personam.
1542 2605 82 66 sic
1577 2605 82 66 habet

938 2654 192 65 veritatem
1086 2654 89 65 et
1130 2654 103 65 hoc
1189 2654 162 65 probant
1307 2654 192 65 argumenta
1455 2654 118 65 sua.
1528 2654 89 65 Si
1558 2654 103 65 autem
