2227 3075
458 201 75 80 te
495 201 112 80 eorum
570 201 150 80 ostendit
682 201 100 80 quod
744 201 125 80 neuter
832 201 112 80 creat
907 201 100 80 sine
969 201 112 80 alio.
1044 201 100 80 ergo
1094 201 87 80 eadem

467 267 138 59 ratione
568 267 126 59 potest
656 267 75 59 ex
693 267 113 59 eodem
769 267 113 59 medio
844 267 138 59 ostendi
944 267 100 59 quod
1007 267 126 59 neuter
1083 267 100 59 intel-

471 312 154 59 ligitur
583 312 112 59 sine
653 312 126 59 alio.
737 312 70 59 ⁋
765 312 84 59 Ad
807 312 140 59 primum
904 312 196 59 argumentum
1044 312 140 59 alterius

469 353 170 73 opinionis
599 353 104 73 dico
665 353 104 73 quod
730 353 157 73 essentia
848 353 91 73 est
900 353 144 73 aliquod
1004 353 157 73 obiectum
1109 353 78 73 con-

461 398 169 70 ceptibile.
594 398 73 70 in
630 398 109 70 cuius
703 398 145 70 conceptu
812 398 85 70 non
860 398 85 70 est
909 398 145 70 relatio.
1018 398 97 70 quia
1066 398 121 70 scilicet

461 450 138 57 relatio
562 450 88 57 non
612 450 188 57 praedicatur
763 450 88 57 per
813 450 75 57 se
850 450 113 57 primo
926 450 100 57 modo
988 450 75 57 de
1026 450 163 57 essentia.
1139 450 50 57 Si

453 500 127 62 autem
538 500 198 62 intelligat
693 500 113 62 quod
764 500 170 62 essentia
891 500 99 62 est
948 500 156 62 aliquod
1047 500 141 62 obiectum

458 538 208 64 conceptibile
627 538 78 64 in
666 538 117 64 cuius
744 538 156 64 conceptu
862 538 91 64 non
914 538 182 64 includitur
1044 538 130 64 relatio.

461 591 92 56 sed
513 591 92 56 est
566 591 144 56 aliquid
670 591 105 56 sibi
735 591 196 56 extrinsecum
892 591 78 56 et
932 591 170 56 differens
1049 591 131 56 realiter

463 624 80 69 ab
503 624 174 69 essentia.
636 624 94 69 sic
690 624 94 69 est
743 624 174 69 negandum.
877 624 94 69 sed
930 624 120 69 primo
1010 624 107 69 modo
1064 624 120 69 concedo

471 666 90 72 quod
527 666 79 72 sic
572 666 113 72 potest
651 666 135 72 concipi.
752 666 90 72 quia
808 666 90 72 illa
865 666 135 72 essentia
966 666 68 72 in
1000 666 101 72 cuius
1056 666 124 72 conceptu-

463 715 104 59 non
523 715 208 59 includitur
686 715 164 59 relatio
805 715 119 59 modo
880 715 178 59 exposito
1013 715 149 59 potest
1103 715 74 59 con

460 758 101 61 cipi
523 758 63 61 a
548 758 151 61 viatore.
662 758 88 61 non
712 758 75 61 in
750 758 75 61 se
787 758 88 61 sed
838 758 75 61 in
875 758 151 61 conceptu
988 758 126 61 aliquo
1064 758 113 61 communi

466 798 94 65 vel
519 798 161 65 proprio.
640 798 81 65 et
681 798 108 65 ideo
748 798 175 65 contingit
882 798 81 65 ea
923 798 108 65 frui
990 798 175 65 ordinate.
1111 798 67 65 Sed

467 845 165 70 arguendo.
594 845 101 70 ergo
657 845 165 70 contingit
784 845 76 70 ea
822 845 101 70 frui
885 845 101 70 sine
948 845 152 70 persona.
1062 845 89 70 est
1100 845 89 70 falla

466 889 98 60 cia
522 889 239 60 consequentis.
719 889 112 60 Unde
789 889 155 60 concedo
902 889 112 60 quod
972 889 183 60 contingit
1099 889 84 60 frui

468 933 150 69 essentia
580 933 225 69 qualiturcumque
768 933 150 69 essentia
880 933 175 69 accipiatur
1018 933 113 69 etiam
1080 933 100 69 abstra

464 978 129 56 ctiue.
554 978 90 56 sed
606 978 90 56 non
657 978 155 56 sequitur
773 978 129 56 vltra.
864 978 103 56 ergo
928 978 142 56 couenit
1031 978 77 56 ea
1070 978 103 56 frui
1122 978 64 56 non

466 1022 126 67 fruendo
557 1022 126 67 persona
649 1022 57 67 ⁋
672 1022 69 67 Si
706 1022 138 67 dicitur.
810 1022 69 67 si
844 1022 149 67 contingit
959 1022 92 67 frui
1016 1022 138 67 essentia
1108 1022 80 67 quali

460 1071 160 52 tercumque
583 1071 185 52 accipiatur.
731 1071 98 52 ergo
792 1071 160 52 contingit
915 1071 74 52 ea
952 1071 98 52 frui
1014 1071 74 52 vt
1051 1071 86 52 est
1100 1071 74 52 in
1124 1071 62 52 vna

466 1109 124 70 persona
556 1109 124 70 tantum.
646 1109 90 70 ergo
702 1109 135 70 conuenit
803 1109 68 70 ea
837 1109 90 70 frui
893 1109 90 70 sine
950 1109 90 70 alia
1006 1109 135 70 persona.
1096 1109 90 70 Respon

468 1156 98 66 deo.
529 1156 135 66 negando
627 1156 122 66 primam
713 1156 220 66 consequentiam.
896 1156 98 66 quia
957 1156 73 66 in
994 1156 184 66 antecedente
1129 1156 61 66 non

472 1200 86 54 est
521 1200 123 54 aliqua
607 1200 110 54 falsa
680 1200 184 54 implicatio.
827 1200 86 54 sed
876 1200 74 54 in
913 1200 184 54 consequente
1060 1200 86 54 est
1097 1200 86 54 falsa

467 1245 186 57 implicatio
613 1245 146 57 quoniam
720 1245 186 57 implicatur
866 1245 107 57 quod
933 1245 173 57 contingit
1066 1245 93 57 eam
1106 1245 93 57 acci-

464 1284 103 66 pere
529 1284 77 66 vt
567 1284 90 66 est
619 1284 77 66 in
658 1284 90 66 vna
709 1284 142 66 persona
813 1284 142 66 tantum.
916 1284 77 66 et
955 1284 90 66 hoc
1006 1284 90 66 est
1045 1284 142 66 manifeste

469 1331 128 61 falsum.
563 1331 93 61 quia
621 1331 82 61 cum
668 1331 93 61 illa
726 1331 82 61 sit
773 1331 175 61 affirmatiua
913 1331 187 61 simpliciter.
1053 1331 140 61 sequeretur

461 1380 100 54 quod
524 1380 113 54 esset
599 1380 75 54 in
637 1380 88 54 vna
687 1380 138 54 persona
788 1380 138 54 tantum.
888 1380 100 54 quod
951 1380 88 54 est
1001 1380 163 54 manifeste
1114 1380 75 54 fal-

471 1416 104 56 sum.
536 1416 65 56 ⁋
562 1416 78 56 Si
601 1416 143 56 dicatur
705 1416 104 56 quod
770 1416 143 56 aliquis
874 1416 130 56 potest
965 1416 143 56 credere
1069 1416 91 56 eam
1108 1416 78 56 esse

462 1462 75 63 in
499 1462 87 63 vna
549 1462 137 63 persona
649 1462 137 63 tantum.
749 1462 75 63 et
786 1462 112 63 tamen
861 1462 112 63 talis
936 1462 125 63 potest
1024 1462 100 63 frui
1086 1462 87 63 ea.
1124 1462 62 63 er-

460 1504 77 68 go
499 1504 116 68 talis
576 1504 141 68 fruetur
678 1504 77 68 et
717 1504 77 68 vt
755 1504 90 68 est
807 1504 77 68 in
845 1504 90 68 vna
897 1504 141 68 persona
999 1504 141 68 tantum.
1089 1504 103 68 Respon

467 1554 86 54 deo
516 1554 134 54 negando
613 1554 220 54 consequentiam.
797 1554 98 54 quia
858 1554 134 54 quamuis
956 1554 134 54 aliquis
1054 1554 122 54 credat
1127 1554 61 54 eam

463 1596 101 55 esse
527 1596 76 55 in
565 1596 89 55 vna
615 1596 127 55 prsona
704 1596 139 55 tantum.
806 1596 76 55 et
844 1596 139 55 fruatur
945 1596 89 55 ea.
996 1596 76 55 et
1034 1596 101 55 ideo
1085 1596 101 55 credat

467 1640 106 55 frui
533 1640 79 55 ea
573 1640 79 55 vt
612 1640 93 55 est
665 1640 79 55 in
705 1640 93 55 vna
758 1640 145 55 persona
864 1640 145 55 tantum.
969 1640 93 55 hoc
1022 1640 106 55 est.
1075 1640 106 55 credit

466 1683 103 63 istam
534 1683 195 63 propositionem
695 1683 92 63 esse
752 1683 115 63 veram.
832 1683 126 63 fruitur
924 1683 69 63 ea
958 1683 69 63 vt
992 1683 80 63 est
1038 1683 69 63 in
1072 1683 80 63 vna
1107 1683 80 63 perso

467 1735 68 51 na
501 1735 124 51 tantum.
591 1735 79 51 non
636 1735 101 51 tamen
703 1735 135 51 sequitur
804 1735 90 51 quod
861 1735 124 51 fruitur
951 1735 68 51 ea
984 1735 68 51 vt
1018 1735 79 51 est
1063 1735 68 51 in
1097 1735 79 51 vna
1131 1735 56 51 per

470 1777 106 48 sona
536 1777 133 48 tantum
629 1777 146 48 propter
735 1777 133 48 falsam
828 1777 239 48 implicationem.
1028 1777 106 48 quia
1094 1777 80 48 in
1121 1777 66 48 con

467 1814 152 56 sequente
581 1814 177 56 implicatur
720 1814 101 56 quod
783 1814 89 56 est
834 1814 76 56 in
872 1814 89 56 vna
923 1814 139 56 persona
1024 1814 139 56 tantum.
1112 1814 76 56 quod

468 1861 114 48 tamen
544 1861 89 48 non
595 1861 177 48 implicatur
734 1861 76 48 in
772 1861 114 48 ista.
848 1861 127 48 credit
937 1861 89 48 eam
987 1861 101 48 esse
1051 1861 76 48 in
1089 1861 89 48 vna
1127 1861 63 48 per

469 1899 89 62 sona
525 1899 123 62 tantum.
614 1899 67 62 et
648 1899 89 62 ideo
703 1899 179 62 consequentia
849 1899 78 62 non
893 1899 112 62 valet.
972 1899 101 62 sicut
1039 1899 78 62 non
1072 1899 112 62 sequitur

466 1942 156 64 aliquis
579 1942 141 64 credit
678 1942 156 64 aliquod
791 1942 141 64 corpus
890 1942 113 64 esse
961 1942 85 64 in
1003 1942 113 64 loco
1074 1942 99 64 vbi
1116 1942 71 64 non

466 1988 98 55 est
522 1988 84 55 et
564 1988 183 55 cognoscit
705 1988 126 55 illud
789 1988 154 55 corpus.
901 1988 112 55 ergo
971 1988 183 55 cognoscit
1098 1988 98 55 ipsum

474 2040 75 55 vt
512 2040 88 55 est
562 2040 75 55 in
600 2040 100 55 loco
663 2040 88 55 vbi
713 2040 75 55 no
750 2040 100 55 est.
813 2040 163 55 Similiter
938 2040 88 55 non
988 2040 150 55 sequitur
1089 2040 100 55 sortes

470 2082 133 53 credit
563 2082 160 53 platonem
683 2082 93 53 non
736 2082 107 53 esse
803 2082 80 53 et
843 2082 173 53 cognoscit
977 2082 133 53 ipsum.
1070 2082 107 53 ergo
1123 2082 67 53 co-

476 2118 140 68 gnoscit
578 2118 115 68 ipsum
655 2118 77 68 vt
693 2118 89 68 non
744 2118 102 68 est.
808 2118 89 68 sed
859 2118 102 68 bene
923 2118 153 68 sequitur
1038 2118 102 68 quod
1089 2118 102 68 credit

476 2164 102 56 istam
544 2164 193 56 propositionem
702 2164 91 56 esse
759 2164 113 56 veram.
839 2164 147 56 cognoscit
952 2164 113 56 sortem
1031 2164 91 56 quae
1088 2164 79 56 non
1122 2164 68 56 est.

473 2210 65 59 ⁋
499 2210 79 59 Ad
538 2210 236 59 confirmationem
735 2210 157 59 concedo.
853 2210 105 59 quod
918 2210 79 59 ex
957 2210 118 59 puris
1023 2210 170 59 naturalibus

474 2263 160 49 possumus
593 2263 186 49 cognoscere
740 2263 120 49 istam
820 2263 239 49 propositionem.
1019 2263 106 49 deus
1086 2263 93 49 est
1125 2263 67 49 sum

468 2301 94 50 mum
521 2301 134 50 bonum.
615 2301 81 50 et
656 2301 121 50 tamen
736 2301 107 50 ipsa
803 2301 161 50 essentia
924 2301 134 50 diuina
1018 2301 94 50 non
1072 2301 107 50 plus
1126 2301 67 50 co-

474 2344 155 65 gnoscitur
593 2344 143 65 secundum
700 2344 107 65 tales
772 2344 155 65 conceptus
891 2344 95 65 quam
951 2344 143 65 trinitas
1046 2344 143 65 personarum

476 2385 103 60 qui
535 2385 132 60 illud
623 2385 117 60 quod
696 2385 220 60 cognoscimus
872 2385 103 60 ita
931 2385 117 60 vere
1004 2385 176 60 competit
1122 2385 73 60 tri

473 2432 129 51 nitati
564 2432 181 51 personarum
706 2432 117 51 sicut
784 2432 129 51 diuine
874 2432 168 51 essentie.
1004 2432 91 51 ita
1056 2432 104 51 enim
1107 2432 78 51 rea-

470 2474 125 53 liter
553 2474 83 53 et
595 2474 97 53 ita
651 2474 111 53 vere
720 2474 167 53 trinitas
845 2474 194 53 personarum
998 2474 97 53 est
1053 2474 139 53 summum
1136 2474 56 53 bo

473 2515 109 58 num.
541 2515 122 58 sicut
623 2515 136 58 divina
718 2515 163 58 essentia
840 2515 95 58 est
894 2515 136 58 summum
989 2515 136 58 bonum.
1071 2515 122 58 quamuis

481 2563 110 53 ista
550 2563 192 53 propositio
701 2563 96 53 sit
756 2563 124 53 nobis
838 2563 124 53 nota.
920 2563 165 53 essentia
1044 2563 137 53 diuina
1126 2563 69 53 est

466 2607 146 70 summum
569 2607 146 70 bonum.
671 2607 88 70 et
714 2607 102 70 hec
773 2607 117 70 non:
846 2607 175 70 trinitas
977 2607 204 70 personarum
1123 2607 73 70 est

1277 206 132 65 summum
1369 206 132 65 bonum.
1462 206 79 65 et
1501 206 92 65 hoc
1554 206 106 65 quia
1620 206 106 65 isti
1686 206 145 65 termini
1792 206 92 65 pro
1845 206 132 65 eisdem
1924 206 79 65 sup-

1286 261 145 58 ponunt.
1391 261 145 58 quamuis
1497 261 92 58 hoc
1550 261 171 58 nesciatur
1681 261 66 58 a
1708 261 132 58 nobis.
1800 261 79 58 Et
1840 261 92 58 ita
1892 261 92 58 non
1932 261 79 58 plus

1275 304 203 53 cognoscitur
1438 304 136 53 diuina
1533 304 163 53 essentia
1655 304 109 53 quam
1723 304 163 53 trinitas
1832 304 176 53 personarum.

1291 352 92 47 Sicut
1352 352 102 47 posito
1424 352 82 47 quod
1475 352 154 47 intellectus
1598 352 72 47 sit
1639 352 123 47 realiter
1731 352 82 47 ipsa
1783 352 143 47 substantia
1895 352 102 47 anime.
1957 352 51 47 nec

1278 398 128 49 aliquo
1368 398 102 49 modo
1431 398 217 49 distinguatur.
1610 398 115 49 sicut
1687 398 102 49 post
1751 398 192 49 ostendetur.
1904 398 102 49 tunc
1955 398 51 49 im

1282 437 145 62 possibile
1393 437 78 62 est
1438 437 89 62 quod
1494 437 156 62 substantia
1616 437 100 62 anime
1683 437 167 62 cognoscatur
1817 437 89 62 nisi
1861 437 145 62 intellectus

1276 481 182 65 cognoscatur.
1424 481 91 65 quia
1481 481 171 65 impossibile
1618 481 80 65 est
1663 481 91 65 quod
1720 481 91 65 idem
1777 481 68 65 de
1811 481 103 65 eodem
1880 481 91 65 vere
1925 481 80 65 affir

1282 536 122 46 metur:
1367 536 73 46 et
1404 536 98 46 vere
1465 536 134 46 negetur
1563 536 73 46 ab
1599 536 122 46 eodem.
1685 536 98 46 ergo
1746 536 85 46 non
1794 536 122 46 potest
1868 536 134 46 cognosci-

1286 571 148 53 substantia
1403 571 95 53 anime
1467 571 85 53 nisi
1520 571 95 53 eodem
1583 571 85 53 modo
1636 571 159 53 cognoscatur
1764 571 170 53 intellectus.
1902 571 64 53 et
1923 571 74 53 tamen

1282 618 91 52 multis
1346 618 73 52 ista
1391 618 128 52 propositio
1492 618 64 52 est
1528 618 82 52 nota.
1583 618 128 52 substantia
1683 618 82 52 anime
1738 618 64 52 est
1774 618 146 52 ssubstantia.
1893 618 55 52 et
1920 618 64 52 hoc
1947 618 55 52 igno

1282 661 97 58 rata.
1347 661 161 58 intellectus
1476 661 75 58 est
1519 661 140 58 subiecta.
1626 661 64 58 Et
1658 661 97 58 ratio
1723 661 86 58 est.
1776 661 86 58 quia
1830 661 129 58 nescitur
1927 661 54 58 a
1938 661 64 58 tali

1289 699 91 58 pro
1341 699 91 58 quo
1393 699 156 58 supponit
1510 699 104 58 iste
1575 699 156 58 terminus
1693 699 208 58 intellectus.
1862 699 91 58 Ita
1914 699 91 58 est
1953 699 52 58 in

1280 744 181 60 proposito.
1423 744 104 60 quia
1487 744 156 60 nescitur
1604 744 91 60 pro
1656 744 91 60 quo
1708 744 156 60 supponit
1825 744 104 60 iste
1876 744 130 60 terminus

1281 794 124 49 summum
1367 794 124 49 bonum.
1454 794 124 49 quando
1541 794 136 49 dicitur
1640 794 99 49 deus
1702 794 87 49 est
1751 794 124 49 summum
1838 794 124 49 bonum.
1912 794 87 49 vtrum

1277 843 153 51 scilicet
1392 843 89 51 pro
1443 843 89 51 vno
1494 843 166 51 supposito
1622 843 166 51 absoluto.
1750 843 89 51 vel
1801 843 89 51 pro
1852 843 128 51 tribus
1928 843 77 51 sup-

1276 881 138 57 positis
1377 881 200 57 respectiuis.
1540 881 138 57 quaeuis
1640 881 125 57 aliqui
1727 881 138 57 credant
1828 881 75 57 se
1865 881 113 57 scire
1928 881 75 57 quod

1288 932 167 45 supponit
1413 932 97 45 pro
1469 932 181 45 supposito
1608 932 181 45 absoluto.
1747 932 84 45 et
1789 932 97 45 non
1845 932 97 45 pro
1887 932 125 45 tribus.

1283 970 180 51 suppositis
1425 970 180 51 relatiuis.
1566 970 103 51 ideo
1630 970 141 51 poterit
1733 970 103 51 haec
1797 970 103 51 esse
1862 970 116 51 nota.
1926 970 77 51 deus

1281 1009 93 55 est
1334 1009 133 55 summum
1427 1009 133 55 bonum.
1520 1009 80 55 et
1560 1009 106 55 haec
1626 1009 146 55 ignota.
1733 1009 106 55 deus
1799 1009 93 55 est
1852 1009 106 55 tria
1906 1009 106 55 suppo-

1290 1058 96 58 sita
1350 1058 156 58 relatiua.
1470 1058 72 58 et
1505 1058 108 58 tamen
1577 1058 84 58 non
1625 1058 96 58 plus
1685 1058 96 58 tunc
1745 1058 191 58 intelligitur
1888 1058 120 58 essentia

1278 1103 117 53 diuina
1360 1103 94 53 quam
1419 1103 141 53 trinitas
1525 1103 176 53 personarum.
1666 1103 70 53 et
1701 1103 106 53 sicut
1771 1103 82 53 non
1818 1103 106 53 poest
1877 1103 129 53 intelligi

1287 1148 157 48 essentia
1405 1148 144 48 diuina.
1509 1148 105 48 nisi
1575 1148 209 48 intelligatur
1745 1148 157 48 trinitas
1850 1148 157 48 personarum

1284 1189 88 51 ita
1335 1189 88 51 non
1385 1189 126 51 potest
1474 1189 152 51 voluntas
1588 1189 101 51 frui
1651 1189 164 51 essentia:
1777 1189 101 51 nisi
1840 1189 139 51 fruatur
1929 1189 88 51 trini

1277 1237 109 46 tate
1346 1237 205 46 personarum.
1510 1237 82 46 Si
1551 1237 164 46 dicatur.
1674 1237 109 46 quod
1743 1237 109 46 tunc
1811 1237 137 46 posset
1893 1237 137 46 trinitas

1286 1281 185 53 personarum
1431 1281 158 53 cognosci
1550 1281 79 53 ex
1589 1281 119 53 puris
1668 1281 211 53 naturalibus.
1840 1281 119 53 sicut
1906 1281 105 53 essen-

1276 1317 90 61 tia
1327 1317 128 61 diuina
1417 1317 128 61 potest
1506 1317 153 61 cognosci
1622 1317 77 61 ex
1660 1317 115 61 puris
1737 1317 205 61 naturalibus.
1903 1317 64 61 ⁋
1916 1317 102 61 Respon

1280 1367 93 49 deo
1333 1367 106 49 quod
1399 1367 80 49 de
1439 1367 146 49 virtute
1546 1367 160 49 sermonis
1665 1367 106 49 haec
1732 1367 120 49 debet
1812 1367 160 49 concedi.
1931 1367 80 49 ex
1958 1367 53 49 pu

1273 1411 103 46 ris
1332 1411 220 46 naturalibus
1508 1411 147 46 potest
1610 1411 103 46 ita
1669 1411 117 46 bene
1742 1411 176 46 cognosci
1859 1411 147 46 trinitas

1282 1455 149 58 personarum
1399 1455 96 58 sicut
1463 1455 127 58 essentia
1558 1455 117 58 diuina.
1643 1455 64 58 Et
1675 1455 96 58 ratio
1739 1455 85 58 est.
1792 1455 85 58 quia
1845 1455 127 58 quicquid
1930 1455 85 58 potest

1285 1496 171 56 cognosci
1413 1496 86 56 ex
1456 1496 128 56 puris
1541 1496 214 56 naturalibus
1713 1496 157 56 quantum
1827 1496 86 56 ad
1855 1496 157 56 conceptus

1291 1542 90 52 quos
1347 1542 157 52 communiter
1470 1542 179 52 concludebant
1616 1542 157 52 philosophi
1739 1542 67 52 de
1773 1542 90 52 deo.
1829 1542 78 52 ita
1874 1542 90 52 vere
1918 1542 90 52 compe-

1269 1593 89 45 tit
1320 1593 165 45 trinitati
1447 1593 178 45 personarum
1587 1593 114 45 sicut
1663 1593 152 45 essentie
1777 1593 140 45 diuine.
1878 1593 102 45 Tame
1942 1593 76 45 ex
1967 1593 51 45 pu

1284 1630 81 49 ris
1331 1630 173 49 naturalibus
1469 1630 115 49 potest
1550 1630 92 49 ista
1608 1630 162 49 propositio
1735 1630 92 49 esse
1793 1630 104 49 nota.
1862 1630 139 49 essentia
1954 1630 58 49 di-

1282 1671 91 54 uina
1338 1671 91 54 est.
1395 1671 68 54 in
1429 1671 80 54 qua
1475 1671 80 54 non
1520 1671 159 54 subiicitur
1645 1671 91 54 illa
1702 1671 136 54 essentia
1804 1671 91 54 quae
1861 1671 91 54 deus
1918 1671 91 54 est.
1963 1671 57 54 sed

1292 1717 102 49 vnus
1356 1717 166 49 conceptus
1484 1717 90 49 qui
1535 1717 90 49 non
1586 1717 90 49 est
1637 1717 128 49 diuina
1727 1717 153 49 essentia
1842 1717 90 49 nec
1893 1717 90 49 est
1932 1717 90 49 deus.

1294 1758 68 52 Et
1328 1758 91 52 ista
1385 1758 160 52 propositio
1510 1758 137 52 trinitas
1613 1758 160 52 personarum
1738 1758 91 52 est.
1795 1758 68 52 in
1830 1758 80 52 qua
1875 1758 80 52 non
1909 1758 103 52 subiici

1285 1806 82 53 tur
1332 1806 94 53 illa
1391 1806 141 53 trinitas
1497 1806 94 53 quae
1556 1806 82 53 est
1603 1806 71 53 in
1638 1806 94 53 deo.
1697 1806 82 53 sed
1744 1806 94 53 vnus
1802 1806 153 53 conceptus
1920 1806 82 53 qui
1955 1806 59 53 non

1287 1849 91 51 est
1339 1849 117 51 deus.
1417 1849 91 51 non
1469 1849 130 51 potest
1561 1849 104 51 esse
1626 1849 104 51 nota
1691 1849 78 51 ex
1730 1849 117 51 puris
1808 1849 209 51 naturalibus.
1965 1849 52 51 Et

1287 1896 84 50 sic
1335 1896 181 50 intelligunt
1480 1896 120 50 sancti
1564 1896 72 50 et
1600 1896 156 50 doctores.
1720 1896 120 50 quando
1804 1896 120 50 dicunt
1889 1896 96 50 quod
1949 1896 72 50 ex
1973 1896 48 50 pu

1281 1939 94 49 ris
1334 1939 201 49 naturalibus
1495 1939 94 49 non
1549 1939 134 49 potest
1643 1939 161 49 cognosci
1764 1939 161 49 trinitas
1871 1939 134 49 personam

1290 1983 107 46 rum.
1356 1983 93 46 hoc
1410 1983 93 46 est
1463 1983 80 46 ex
1503 1983 120 46 puris
1583 1983 200 46 naturalibus
1743 1983 93 46 non
1796 1983 133 46 potest
1876 1983 133 46 cognosci

1289 2029 173 46 euidenter
1422 2029 107 46 ista
1488 2029 186 46 propositio
1635 2029 107 46 esse
1701 2029 120 46 vera.
1781 2029 160 46 trinitas
1888 2029 133 46 persona-

1282 2074 83 46 rum
1330 2074 83 46 est
1377 2074 107 46 deus:
1448 2074 83 46 vel
1496 2074 95 46 deus
1555 2074 83 46 est
1603 2074 95 46 tres
1662 2074 142 46 persone.
1769 2074 71 46 Et
1804 2074 119 46 potest
1887 2074 95 46 esse
1935 2074 83 46 exem-

1290 2116 100 54 plum
1353 2116 75 54 ad
1391 2116 100 54 hoc.
1454 2116 100 54 quia
1516 2116 100 54 ista
1579 2116 113 54 debet
1655 2116 138 54 concedi
1755 2116 75 54 de
1793 2116 138 54 virtute
1880 2116 126 54 sermonis

1282 2162 98 47 res
1338 2162 181 47 creabilis
1477 2162 140 47 potest
1575 2162 168 47 cognosci
1701 2162 84 47 ab
1743 2162 195 47 intellectu
1882 2162 126 47 natura-

1282 2205 114 50 liter.
1361 2205 68 50 et
1396 2205 103 50 tamen
1464 2205 91 50 haec
1521 2205 80 50 non
1567 2205 114 50 potest
1646 2205 91 50 esse
1703 2205 91 50 nota
1760 2205 148 50 euidentur
1874 2205 68 50 ex
1908 2205 103 50 puris
1965 2205 46 50 na

1286 2251 159 52 turalibus.
1410 2251 79 52 res
1456 2251 148 52 creabilis
1569 2251 91 52 est.
1626 2251 68 52 Et
1660 2251 102 52 ratio
1728 2251 91 52 est.
1785 2251 91 52 quia
1842 2251 125 52 quamuis
1921 2251 91 52 aliqua

1285 2294 105 53 res
1345 2294 150 53 possit
1450 2294 180 53 cognosci
1585 2294 90 53 in
1630 2294 150 53 aliquo
1735 2294 180 53 conceptu
1855 2294 150 53 simplici

1287 2335 84 66 vel
1335 2335 156 66 composito
1455 2335 144 66 proprio.
1562 2335 108 66 tamen
1634 2335 108 66 multa
1706 2335 132 66 possunt
1802 2335 72 66 de
1837 2335 96 66 illa
1897 2335 72 66 re
1921 2335 84 66 igno-

1295 2380 99 62 rari:
1361 2380 88 62 quae
1416 2380 99 62 tamen
1483 2380 88 62 eque
1538 2380 188 62 essentialiter
1692 2380 88 62 sibi
1747 2380 154 62 coueniunt.
1869 2380 55 62 ⁋
1891 2380 66 62 Si
1913 2380 99 62 dicatur

1277 2428 103 54 quod
1342 2428 77 54 si
1380 2428 142 54 persone
1483 2428 206 54 cognoscuntur
1651 2428 77 54 ab
1690 2428 193 54 intellectu.
1844 2428 103 54 ergo
1896 2428 116 54 intelle

1282 2468 116 46 ctus
1354 2468 101 46 est
1412 2468 145 46 certus
1513 2468 87 46 se
1557 2468 203 46 cognoscere
1716 2468 116 46 tres
1788 2468 174 46 personas
1919 2468 72 46 ⁋
1933 2468 87 46 Dico

1298 2515 84 56 quod
1350 2515 167 56 consequentia
1486 2515 73 56 non
1528 2515 105 56 valet.
1601 2515 84 56 quia
1653 2515 115 56 quamuis
1737 2515 84 56 iste
1789 2515 115 56 persone
1863 2515 146 56 cognoscantur

1287 2568 78 43 in
1326 2568 155 43 conceptu
1442 2568 104 43 tali
1507 2568 168 43 composito
1637 2568 155 43 proprio.
1753 2568 91 43 non
1805 2568 117 43 tamen
1870 2568 142 43 euidenter

1288 2602 182 60 cognoscit
1428 2602 84 60 se
1470 2602 196 60 cognoscere
1624 2602 112 60 tres
1694 2602 182 60 personas.
1834 2602 98 60 sed
1876 2602 126 60 euiden
