2243 3065
257 196 161 72 realiter
377 196 94 72 vna
431 196 147 72 simplex
538 196 174 72 essentia.
672 196 67 72 ⁋
699 196 80 72 Ad
739 196 147 72 vltimum
846 196 107 72 dico
900 196 80 72 quod

254 259 126 53 plus
333 259 189 53 repugnat
475 259 189 53 essentie
616 259 157 53 diuine
726 259 205 53 terminare
868 259 110 53 actum

259 299 218 57 intelligendi
437 299 109 57 sine
505 299 164 57 persona.
628 299 109 57 quam
696 299 164 57 repugnat
819 299 96 57 vni
860 299 123 57 persone

253 343 215 48 terminare
419 343 165 48 nature
534 343 198 48 assumpte
683 343 264 48 dependentiam
881 343 99 48 sine

256 384 100 48 alia.
322 384 100 48 sicut
389 384 133 48 secundum
488 384 111 48 bectum
566 384 88 48 aug.
621 384 88 48 plus
676 384 144 48 repugnatt
787 384 77 48 vni
831 384 122 48 persone
909 384 77 48 crea-

265 432 70 49 re
300 432 93 49 sine
358 432 93 49 alia
416 432 93 49 quam
475 432 151 49 incarnari
591 432 93 49 sine
649 432 105 49 alia.
719 432 81 49 sed
765 432 93 49 vnde
823 432 81 49 hoc
870 432 81 49 est
905 432 81 49 notum

254 473 108 56 Dico
322 473 108 56 quod
390 473 108 56 vnum
458 473 95 56 est
512 473 122 56 notum
593 473 95 56 per
647 473 203 56 scripturam.
810 473 81 56 et
851 473 122 56 aliud
918 473 68 56 non

255 521 88 48 et
299 521 117 48 ideo
373 521 132 48 debet
461 521 117 48 vnum
534 521 161 48 concedi
651 521 88 48 et
695 521 103 48 non
754 521 191 48 reliquum.
886 521 88 48 Unde

247 562 96 56 per
302 562 164 56 rationem
425 562 123 56 etiam
507 562 192 56 supponendo
658 562 178 56 articulum
795 562 123 56 fidei
877 562 82 56 de
905 562 68 56 tri

251 604 124 54 nitate
337 604 87 54 non
387 604 124 54 potest
474 604 99 54 plus
536 604 136 54 probari
635 604 99 54 quod
697 604 87 54 vna
746 604 136 54 persona
846 604 124 54 potest
920 604 62 54 in-

258 656 138 51 carnari
359 656 101 51 sine
422 656 113 51 alia.
497 656 101 51 quam
560 656 101 51 quod
623 656 88 51 vna
673 656 126 51 potest
761 656 126 51 creare
849 656 101 51 sine
900 656 75 51 alia

262 693 82 51 nec
309 693 117 51 potest
391 693 129 51 probari
485 693 94 51 plus
543 693 94 51 quod
602 693 129 51 relatio
696 693 117 51 potest
778 693 94 51 esse
836 693 105 51 ratio
895 693 82 51 termi

247 739 113 54 nandi
323 739 200 54 dependentiam
485 739 125 54 nature
573 739 163 54 assumpte.
698 739 100 54 quam
761 739 100 54 quod
824 739 125 54 potest
899 739 75 54 esse

245 785 116 52 ratio
322 785 180 52 terminandi
463 785 205 52 dependentiam
630 785 90 52 rei
682 785 141 52 create.
784 785 103 52 Unum
849 785 116 52 tamen
913 785 64 52 est

245 828 165 56 tenendum
369 828 82 56 et
410 828 96 56 non
465 828 137 56 aliud.
561 828 151 56 propter
671 828 165 56 rationem
781 828 124 56 dictam.

255 869 81 56 ⁋
287 869 179 56 Questio
418 869 147 56 sexta
515 869 277 56 distinctionis
727 869 130 56 prime.

409 913 321 94 eraoxto
643 913 263 94 quero
789 913 175 94 dtru

410 983 151 71 voluntas
524 983 201 71 contingenter
687 983 75 71 et
725 983 126 71 libere
813 983 138 71 fruatur
901 983 63 71 fi-

382 1042 85 52 ne
424 1042 155 52 vltimo.
537 1042 70 52 ⁋
565 1042 113 52 Quod
636 1042 113 52 non.
706 1042 113 52 quia
777 1042 169 52 voluntas
889 1042 85 52 natu

416 1087 147 54 raliter
523 1087 187 54 inclinatur
670 1087 80 54 ad
710 1087 160 54 volendum
830 1087 120 54 finem
897 1087 80 54 vlti

241 1111 94 66 mum.
300 1111 105 66 sicut
370 1111 164 66 vnumquoque
499 1111 129 66 naliter
592 1111 164 66 inclinatur
721 1111 70 66 in
756 1111 94 66 suam
803 1111 164 66 perfectionem

240 1168 98 63 ergo
301 1168 85 63 non
350 1168 122 63 potest
435 1168 73 63 in
472 1168 171 63 oppositum.
606 1168 98 63 quia
667 1168 73 63 in
704 1168 159 63 quocumque
826 1168 122 63 fuerit
899 1168 73 63 oppo

245 1214 98 47 situm
310 1214 108 47 illius
386 1214 65 47 ad
419 1214 87 47 quod
473 1214 130 47 namliter
571 1214 152 47 inclinatur
690 1214 174 47 violentatur.
831 1214 76 47 sed
863 1214 98 47 volunta

244 1256 85 51 non
293 1256 122 51 potest
378 1256 170 51 violetari.
512 1256 97 51 ergo
572 1256 97 51 etc.
633 1256 73 51 Ad
670 1256 170 51 oppositum.
804 1256 146 51 voluntas
901 1256 61 51 est

239 1305 168 61 receptiva
369 1305 181 61 volitionis
511 1305 78 61 et
550 1305 181 61 nolitionis
692 1305 155 61 respecum
796 1305 168 61 cuiuscumque

250 1343 136 65 obiecti.
352 1343 79 65 sed
397 1343 125 65 nullius
487 1343 79 65 est
533 1343 147 65 receptiua
646 1343 91 65 nisi
703 1343 102 65 cuius
771 1343 79 65 est
816 1343 125 65 actiua.
895 1343 68 65 ergo

237 1390 128 48 actiue
327 1390 128 48 potest
417 1390 77 48 in
455 1390 179 48 volitionem
596 1390 154 48 respecum
711 1390 192 48 cuiuscumque
852 1390 103 48 obiect

235 1436 75 54 et
272 1436 112 54 etiam
347 1436 75 54 in
384 1436 187 54 nolitionem.
534 1436 100 54 ergo
596 1436 125 54 libere
684 1436 75 54 et
721 1436 212 54 contingenter.
896 1436 62 54 ⁋
908 1436 50 54 Ad

238 1479 119 56 quionem
325 1479 119 56 dicitur
411 1479 87 56 quod
465 1479 130 56 voluntas
563 1479 76 56 non
606 1479 162 56 neccessario
736 1479 119 56 fruitur
822 1479 87 56 fine
865 1479 87 56 vltimo

245 1526 120 59 poiseno
332 1526 65 59 in
365 1526 152 59 vniversali
485 1526 120 59 Secundo
572 1526 87 59 quod
626 1526 76 59 nec
670 1526 87 59 fine
724 1526 109 59 vltimo
801 1526 120 59 ostenso
888 1526 65 59 in
910 1526 54 59 par

239 1569 159 49 ticulari
358 1569 93 49 sed
411 1569 159 49 obscure.
530 1569 132 49 Tertio
623 1569 106 49 quod
689 1569 93 49 nec
742 1569 106 49 fine
808 1569 132 49 vltimo
888 1569 79 49 onso

239 1615 119 51 clare
318 1615 79 51 in
358 1615 212 51 particulari.
530 1615 66 51 ⁋
557 1615 132 51 Primum
649 1615 159 51 probatur
768 1615 119 51 primo
848 1615 106 51 sic.
901 1615 66 51 Ne-

234 1656 142 51 cessitas
341 1656 119 51 namlis
424 1656 83 51 non
471 1656 95 51 stat
531 1656 83 51 cum
578 1656 166 51 libertate.
709 1656 95 51 quia
768 1656 83 51 nam
816 1656 71 51 et
839 1656 119 51 voluntas

232 1701 112 64 sunt
302 1701 183 64 principia
443 1701 140 64 actiua
541 1701 168 64 habentia
667 1701 183 64 oppositum
808 1701 126 64 modum
878 1701 84 64 prin

240 1750 156 47 cipiandi.
360 1750 96 47 ergo
420 1750 84 47 cum
469 1750 96 47 modo
529 1750 193 47 principiandi
685 1750 168 47 voluntatis
818 1750 84 47 non
866 1750 96 47 stat
914 1750 48 47 mo

236 1793 91 58 dus
288 1793 208 58 principiandi
457 1793 143 58 nature.
561 1793 91 58 sed
614 1793 156 58 voluntas
731 1793 130 58 libere
822 1793 104 58 vult
874 1793 91 58 finem

233 1839 77 62 ergo
282 1839 68 62 non
320 1839 97 62 potest
388 1839 145 62 neccesitate
504 1839 87 62 namli
563 1839 87 62 velle
621 1839 97 62 finem.
689 1839 68 62 nec
727 1839 68 62 per
766 1839 136 62 consequens
863 1839 87 62 aliquod

235 1885 91 44 modo
291 1885 182 44 neccessaria.
439 1885 148 44 Assumptum
552 1885 136 44 scilicet
655 1885 91 44 quod
711 1885 136 44 voluntas
813 1885 113 44 libere
882 1885 79 44 velit

226 1926 100 50 finem
293 1926 145 50 probatur.
404 1926 89 50 quia
460 1926 100 50 eadem
526 1926 78 50 est
571 1926 134 50 potentia
671 1926 89 50 quae
727 1926 89 50 vult
782 1926 100 50 finem
849 1926 67 50 et
871 1926 78 50 illud

227 1972 93 55 quod
286 1972 82 55 est
332 1972 70 55 ad
367 1972 117 55 finem.
449 1972 93 55 ergo
507 1972 117 55 eundem
589 1972 105 55 modum
659 1972 117 55 agendi
740 1972 117 55 habet.
822 1972 93 55 quia
868 1972 82 55 diuer

225 2016 90 52 si
270 2016 119 52 modi
344 2016 179 52 operandi
479 2016 164 52 arguunt
598 2016 179 52 diuersas
732 2016 209 52 potentias.
881 2016 75 52 li-

232 2057 91 63 bere
289 2057 103 63 autem
357 2057 137 63 operatur
460 2057 103 63 circa
528 2057 68 63 ea
563 2057 91 63 quae
620 2057 91 63 sunt
677 2057 68 63 ad
711 2057 114 63 finem.
791 2057 91 63 ergo
848 2057 103 63 circa
905 2057 57 63 fi-

231 2100 96 56 nem.
291 2100 60 56 ⁋
315 2100 144 56 Preterea
423 2100 144 56 secundum
531 2100 120 56 beatum
616 2100 168 56 augustinum
748 2100 72 56 id
784 2100 84 56 est
820 2100 132 56 retracta.

241 2151 70 58 c.
276 2151 82 58 ix.
323 2151 105 58 nihil
393 2151 82 58 est
440 2151 82 58 tam
486 2151 70 58 in
521 2151 117 58 ptante
603 2151 163 58 voluntatis
731 2151 93 58 quam
790 2151 93 58 ipsa
836 2151 117 58 voluntas

232 2191 96 59 quod
292 2191 84 59 non
340 2191 192 59 intelligitur
496 2191 96 59 nisi
556 2191 132 59 quantum
653 2191 72 59 ad
689 2191 96 59 actu
749 2191 144 59 elicitum
857 2191 72 59 si
881 2191 72 59 ergo

227 2237 126 46 actus
311 2237 197 46 voluntatis
466 2237 98 46 sit
522 2237 84 46 in
564 2237 140 46 ptante
662 2237 197 46 voluntatis
803 2237 140 46 mediante

228 2282 100 48 actu
290 2282 124 48 alter.
377 2282 62 48 s
402 2282 162 48 potentie.
526 2282 199 48 multofortius
688 2282 87 48 est
738 2282 75 48 in
775 2282 124 48 ptante
849 2282 100 48 volun-

226 2327 125 45 tatis
309 2327 194 45 immediate.
462 2327 97 45 sed
518 2327 83 45 in
559 2327 139 45 ptante
656 2327 194 45 voluntatis
809 2327 97 45 est
851 2327 83 45 vell

227 2371 92 50 vel
279 2371 92 50 non
332 2371 118 50 velle
410 2371 118 50 finem
489 2371 157 50 mediante
607 2371 105 50 actu
672 2371 209 50 intellectus.
842 2371 105 50 quia
895 2371 52 50 in

227 2413 135 52 ptante
321 2413 188 52 voluntatis
469 2413 94 52 est
523 2413 162 52 auertere
644 2413 202 52 intellectum
805 2413 67 52 a
819 2413 121 52 conside

212 2459 144 59 ratione
316 2459 131 59 finis.
408 2459 104 59 ergo
473 2459 104 59 etc.
538 2459 65 59 ⁋
564 2459 196 59 Confirmatur
721 2459 104 59 ista
786 2459 131 59 ratio.
865 2459 78 59 quia

222 2494 134 52 illud
311 2494 119 52 quod
386 2494 104 52 non
446 2494 194 52 impeditum
594 2494 238 52 necessitatur
788 2494 89 52 ad
818 2494 119 52 agendi

214 2545 83 56 de
256 2545 208 56 necessitate
422 2545 152 56 remouet
533 2545 180 56 probibens
672 2545 166 56 actionem
796 2545 83 56 si
824 2545 111 56 potest

222 2590 117 70 ergo
296 2590 88 70 si
340 2590 176 70 voluntas
472 2590 103 70 non
530 2590 191 70 impedita.
677 2590 220 70 necessitata
853 2590 88 70 ex
882 2590 59 70 na

1078 205 120 56 tura
1153 205 105 56 sua
1213 205 90 56 ad
1258 205 165 56 agendum
1377 205 90 56 de
1422 205 239 56 necessitate.
1617 205 165 56 remouet
1721 205 75 56 ne-

1074 257 147 43 cessario
1184 257 98 43 omne
1246 257 160 43 prohibens
1368 257 110 43 illam
1442 257 172 43 volitionem
1577 257 74 43 si
1614 257 135 43 potest.
1700 257 98 43 prohi-

1070 296 105 53 bens
1135 296 118 53 autem
1214 296 105 53 hanc
1280 296 184 53 volitionem
1424 296 92 53 est
1476 296 92 53 non
1529 296 210 53 consideratio
1686 296 105 53 finis.

1066 343 82 48 et
1107 343 109 48 hanc
1175 343 136 48 potest
1271 343 163 48 voluntas
1393 343 163 48 remouere
1516 343 163 48 faciendo
1625 343 177 48 intellectum

1070 384 116 55 stare
1148 384 77 55 in
1186 384 232 55 consideratione
1380 384 129 55 finis.
1470 384 103 55 ergo
1535 384 155 55 voluntas
1651 384 77 55 de
1677 384 116 55 necessi

1066 434 108 48 tate
1134 434 135 48 faciet
1229 434 203 48 intellectum
1391 434 122 48 stare
1472 434 81 48 in
1512 434 243 48 consideratione
1701 434 95 48 finis

1073 470 123 64 haior
1155 470 136 64 patet.
1251 470 109 64 quia
1319 470 109 64 quod
1387 470 82 64 ex
1428 470 82 64 se
1469 470 218 64 necessitatur
1646 470 82 64 ad
1673 470 123 64 agendum

1062 518 136 59 numquam
1161 518 186 59 prohibetur:
1309 518 99 59 nisi
1371 518 87 59 per
1421 518 136 59 aliquod
1520 518 161 59 repugnans
1643 518 136 59 vincens
1730 518 62 59 vir

1064 555 103 55 tute
1128 555 103 55 eius
1192 555 154 55 actiuam.
1308 555 90 55 sic
1359 555 115 55 patet
1436 555 77 55 de
1474 555 128 55 graui.
1564 555 180 55 prohibetur
1705 555 103 55 enim
1757 555 38 55 a

1064 605 169 52 descensu
1191 605 155 52 propter
1304 605 155 52 aliquid
1417 605 184 52 repugnans
1558 605 155 52 vincens
1671 605 113 52 eius
1728 605 56 52 in

1062 653 227 53 clinationem.
1246 653 85 53 et
1289 653 114 53 pari
1360 653 213 53 necessitate
1530 653 156 53 remouet
1630 653 156 53 impedimen

1065 692 83 48 tum
1113 692 71 48 si
1148 692 131 48 potest.
1243 692 59 48 ⁋
1267 692 95 48 Item
1327 692 143 48 arguitur
1434 692 131 48 secundo
1529 692 95 48 sic.
1588 692 95 48 omne
1647 692 107 48 agens
1719 692 71 48 de
1742 692 48 48 ne

1062 740 164 54 cessitate.
1191 740 94 54 agit
1250 740 141 54 secundum
1356 740 129 54 vltimum
1450 740 141 54 potentie
1555 740 94 54 sue.
1614 740 94 54 quia
1673 740 106 54 sicut
1731 740 59 54 non

1065 784 90 55 est
1117 784 77 55 in
1155 784 128 55 ptante
1245 784 103 55 eius
1309 784 128 55 actio.
1399 784 90 55 ita
1450 784 90 55 nec
1502 784 116 55 modus
1579 784 128 55 agendi
1656 784 128 55 scilicet

1064 826 143 54 intense
1168 826 91 54 vel
1220 826 91 54 non
1273 826 143 54 intense
1377 826 130 54 agere.
1468 826 104 54 ergo
1533 826 156 54 voluntas
1651 826 78 54 de
1677 826 104 54 necess

1066 871 92 48 tate
1123 871 103 48 volet
1192 871 115 48 semper
1272 871 103 48 finem
1341 871 195 48 intensissime.
1502 871 69 48 et
1537 871 126 48 quantum
1629 871 115 48 potest
1698 871 80 48 cuius

1054 915 185 48 oppositum
1196 915 199 48 experimur.
1353 915 71 48 ⁋
1381 915 142 48 Tertio
1481 915 114 48 sic.
1552 915 171 48 potentia
1666 915 114 48 libera

1055 964 90 52 per
1107 964 245 52 participationem
1313 964 90 52 non
1365 964 116 52 magis
1442 964 129 52 tendit
1533 964 77 52 in
1571 964 155 52 obiectum
1675 964 103 52 perfe-

1063 1001 88 57 ctu
1113 1001 100 57 quam
1175 1001 75 57 in
1213 1001 113 57 aliud
1288 1001 163 57 obiectum.
1413 1001 100 57 ergo
1475 1001 88 57 nec
1525 1001 150 57 potentia
1638 1001 125 57 libera
1713 1001 63 57 per

1061 1049 154 43 essentiam.
1182 1049 77 43 Non
1226 1049 77 43 est
1270 1049 99 43 autem
1336 1049 165 43 differentia
1469 1049 99 43 inter
1535 1049 99 43 finem
1601 1049 121 43 volitum
1689 1049 66 43 et
1711 1049 66 43 alia

1054 1084 129 59 volita.
1148 1084 94 59 nisi
1207 1084 70 59 ex
1242 1084 105 59 parte
1312 1084 129 59 obiecti
1406 1084 199 59 perfectioris.
1570 1084 164 59 TAtecedens
1687 1084 94 59 patet.

1054 1134 85 60 qui
1102 1134 109 60 visus
1175 1134 97 60 quae
1236 1134 85 60 est
1284 1134 145 60 potentia
1393 1134 121 60 libera
1478 1134 85 60 per
1527 1134 230 60 participatione.
1708 1134 73 60 quia

1053 1178 137 46 tinus
1144 1178 137 46 actus
1235 1178 121 46 eius
1311 1178 152 46 subest
1417 1178 167 46 imperio
1538 1178 228 46 voluntatis.
1705 1178 76 46 non

1053 1224 109 51 magis
1125 1224 181 51 neccessario
1270 1224 109 51 videt
1343 1224 133 51 pulcrum
1440 1224 97 51 quam
1500 1224 109 51 minus
1573 1224 145 51 pulerum.
1681 1224 73 51 et
1705 1224 73 51 ideo

1055 1266 75 57 ab
1093 1266 138 57 vtroque
1193 1266 163 57 equaliter
1319 1266 150 57 auertit.
1431 1266 75 57 et
1469 1266 150 57 vtrumque
1582 1266 100 57 eque
1632 1266 150 57 contingen-

1057 1313 76 42 ter
1100 1313 108 42 videt.
1176 1313 54 42 ⁋
1197 1313 119 42 Secundo
1284 1313 86 42 quod
1338 1313 119 42 dicitur
1424 1313 86 42 quod
1478 1313 76 42 non
1521 1313 162 42 neccessario
1651 1313 119 42 fruitur
1726 1313 54 42 si-

1052 1350 77 53 ne
1091 1350 77 53 in
1129 1350 193 53 particulari
1284 1350 142 53 obscure
1387 1350 193 53 apprehenso.
1542 1350 116 53 patet
1619 1350 77 53 ex
1645 1350 129 53 probatio

1044 1390 70 58 ne
1079 1390 129 58 tertii.
1173 1390 58 58 ⁋
1196 1390 129 58 Tertium
1290 1390 140 58 probatur
1395 1390 140 58 scilicet
1501 1390 94 58 quod
1559 1390 140 58 voluntas
1664 1390 105 58 etiam
1723 1390 70 58 ele-

1048 1442 110 47 uata
1117 1442 96 47 per
1172 1442 178 47 caritatem
1308 1442 96 47 non
1363 1442 192 47 necessario
1514 1442 151 47 fruitur
1623 1442 123 47 vltio
1692 1442 82 47 fine

1056 1479 113 59 clare
1132 1479 101 59 viso
1195 1479 63 59 ⁋
1220 1479 113 59 Primo
1296 1479 101 59 sic.
1359 1479 126 59 quando
1447 1479 176 59 principium
1585 1479 176 59 elicitiuum
1711 1479 63 59 non

1048 1529 206 48 necessario
1210 1529 162 48 elicit.
1327 1529 147 48 habens
1430 1529 132 48 illud
1519 1529 206 48 principium
1680 1529 103 48 non
1724 1529 59 48 ne

1036 1575 162 47 cessario
1158 1575 122 47 agit.
1239 1575 95 47 sed
1293 1575 189 47 principium
1442 1575 189 47 elicitiuum
1591 1575 122 47 eodem
1672 1575 108 47 modo
1726 1575 54 47 se

1046 1612 138 56 habens
1143 1612 97 56 quo
1198 1612 124 56 prius
1281 1612 138 56 quando
1377 1612 179 56 eliciebat
1515 1612 221 56 contingenter
1680 1612 97 56 actum

1055 1661 125 55 nullo
1138 1661 111 55 modo
1208 1661 139 55 elicit
1305 1661 208 55 necessario.
1472 1661 111 55 ergo
1541 1661 97 55 nec
1597 1661 125 55 agens
1666 1661 111 55 habens

1038 1706 136 46 illud
1128 1706 211 46 principium
1294 1706 211 46 necessario
1460 1706 136 46 aget.
1551 1706 181 46 Uoluntas
1671 1706 106 46 autem

1049 1748 138 50 habens
1146 1748 138 50 eandem
1242 1748 179 50 caritatem
1380 1748 110 50 quam
1449 1748 110 50 modo
1518 1748 138 50 habet.
1601 1748 165 50 contingeni

1050 1793 114 54 prius
1127 1793 165 54 eliciebat
1254 1793 114 54 actum
1330 1793 153 54 fruendi.
1444 1793 102 54 ergo
1508 1793 102 54 modo
1571 1793 89 54 non
1609 1793 153 54 neccessari

1040 1836 134 60 elicit
1133 1836 121 60 actum
1214 1836 134 60 illum.
1308 1836 94 60 cum
1361 1836 121 60 nulla
1441 1836 121 60 talis
1522 1836 94 60 sit
1575 1836 121 60 facta
1642 1836 121 60 mutatio

1049 1881 80 65 ex
1089 1881 121 65 parte
1169 1881 121 65 eius.
1250 1881 94 65 hoc
1303 1881 121 65 patet
1384 1881 80 65 in
1424 1881 121 65 raptu
1504 1881 134 65 pauli.
1598 1881 80 65 si
1638 1881 121 65 prius
1705 1881 67 65 ha-

1039 1925 111 61 buit
1108 1925 152 61 equalem
1219 1925 166 61 caritate
1343 1925 97 61 cum
1399 1925 83 61 ea
1440 1925 111 61 quam
1509 1925 138 61 habuit
1606 1925 83 61 in
1648 1925 124 61 raptu
1717 1925 55 61 il

1036 1967 97 63 lo.
1091 1967 124 63 nulla
1174 1967 110 63 erat
1243 1967 152 63 mutatio
1354 1967 83 63 ex
1395 1967 124 63 parte
1478 1967 207 63 voluntatis:
1644 1967 97 63 nec
1685 1967 83 63 prin

1038 2020 118 49 cipii
1117 2020 184 49 elicitiui.
1261 2020 105 49 nlla
1326 2020 105 49 ergo
1392 2020 184 49 necessitas
1536 2020 170 49 eliciendi
1667 2020 105 49 tunc
1720 2020 52 49 ma

1036 2066 100 42 gis
1093 2066 114 42 quam
1164 2066 128 42 nunc.
1249 2066 100 42 nec
1306 2066 100 42 per
1363 2066 199 42 consequens
1520 2066 199 42 necessitas
1662 2066 100 42 agend

1041 2101 88 61 Uel
1092 2101 150 61 formatur
1204 2101 88 61 sic
1254 2101 125 61 ratio.
1342 2101 175 61 necessitas
1480 2101 125 61 agendi
1568 2101 88 61 non
1618 2101 125 61 potest
1693 2101 75 61 esse

1037 2146 107 54 nisi
1104 2146 94 54 per
1157 2146 147 54 aliquid
1264 2146 201 54 intrinsecum
1425 2146 121 54 actio
1505 2146 188 54 principio.
1653 2146 94 54 Per
1693 2146 67 54 hoc

1044 2196 115 57 autem
1121 2196 102 57 quod
1185 2196 192 57 intellectus
1338 2196 102 57 modo
1402 2196 115 57 videt
1479 2196 166 57 obiectum.
1607 2196 115 57 nihil
1671 2196 89 57 nouum

1043 2237 91 62 est
1095 2237 195 62 intrinsecum
1251 2237 169 62 principio
1381 2237 117 62 actio
1458 2237 78 62 in
1497 2237 182 62 fruitione.
1640 2237 104 62 ergo
1692 2237 65 62 nec

1045 2282 120 52 noua
1120 2282 210 52 necessitas
1285 2282 165 52 agendi.
1405 2282 135 52 Maior
1496 2282 195 52 probatur.
1631 2282 135 52 alioqui

1035 2330 174 53 necessitas
1171 2330 124 53 agendi
1258 2330 87 53 non
1308 2330 112 53 esset
1383 2330 87 53 per
1433 2330 149 53 rationem
1545 2330 162 53 principii
1656 2330 100 53 actiui

1042 2370 69 53 et
1076 2370 80 53 ita
1122 2370 80 53 per
1168 2370 126 53 nichil.
1259 2370 80 53 vel
1305 2370 80 53 per
1351 2370 160 53 principium
1477 2370 183 53 extrinsecum.
1626 2370 69 53 et
1660 2370 80 53 per
1694 2370 69 53 con-

1037 2412 145 52 sequens
1142 2412 92 52 per
1195 2412 119 52 illud
1274 2412 119 52 esset
1354 2412 132 52 agere.
1446 2412 119 52 Minor
1525 2412 132 52 patet.
1618 2412 106 52 quia
1671 2412 92 52 visio

1033 2460 87 54 vel
1082 2460 87 54 non
1132 2460 87 54 est
1182 2460 112 54 causa
1256 2460 174 54 fruitionis
1393 2460 87 54 vel
1443 2460 87 54 non
1493 2460 199 54 principalis.
1654 2460 87 54 sed
1692 2460 62 54 ne-

1034 2503 152 52 cessitas
1148 2503 127 52 agendi
1237 2503 89 52 non
1288 2503 89 52 est
1339 2503 101 52 nisi
1402 2503 89 52 per
1453 2503 139 52 aliquid
1554 2503 165 52 principio
1668 2503 89 52 acti-

1026 2545 78 55 uo
1065 2545 182 55 principali
1208 2545 208 55 intrinsecum.
1377 2545 91 55 Nam
1429 2545 195 55 secundarium
1585 2545 91 55 non
1637 2545 91 55 dat
1676 2545 78 55 acti

1026 2587 144 57 uitatem
1130 2587 196 57 principali.
1287 2587 117 57 sicut
1365 2587 91 57 nec
1418 2587 183 57 determinat
1561 2587 117 57 ipsum
1640 2587 78 57 ad
1666 2587 91 57 agen
