2229 3087
438 207 102 98 dum.
502 207 89 98 sed
553 207 165 98 econuerso
680 207 178 98 principale
820 207 114 98 agens
896 207 76 98 ex
934 207 76 98 se
972 207 153 98 secundum
1074 207 89 98 modum

445 293 83 51 sui
493 293 119 51 vtitur
576 293 178 51 secundario.
718 293 83 51 ita
765 293 95 51 quod
824 293 71 51 si
860 293 107 51 nihil
931 293 71 51 in
967 293 166 51 principali
1085 293 83 51 exclu

439 329 94 68 dat
492 329 242 68 contingentiam.
694 329 108 68 tota
761 329 121 68 actio
842 329 108 68 erit
909 329 202 68 contingens.
1071 329 67 68 ⁋
1084 329 81 68 Item

437 378 111 60 aut
500 378 142 60 finis
595 378 158 60 mouet.
706 378 111 60 aut
769 378 190 60 potentia
912 378 158 60 mouet.
1023 378 95 60 Si
1054 378 111 60 fiuis

447 417 124 66 patet.
533 417 99 66 quod
595 417 87 66 non
645 417 87 66 est
694 417 186 66 necessitas.
842 417 99 66 quia
904 417 99 66 ille
966 417 111 66 finis
1040 417 74 66 ad
1065 417 99 66 nullum

433 460 123 63 actum
515 460 150 63 creatum
625 460 205 63 neccessario
789 460 137 63 mouet.
885 460 82 63 Si
926 460 178 63 voluntas.
1063 460 82 63 et
1090 460 82 63 illa

444 507 84 55 non
492 507 107 55 habet
563 507 191 55 differentiam
719 507 72 55 ex
754 507 107 55 parte
826 507 131 55 obiecti
921 507 95 55 nisi
969 507 203 55 approximationem

443 549 166 64 maiorem
563 549 105 64 vel
624 549 181 64 minorem.
759 549 121 64 tunc
835 549 151 64 arguo.
940 549 166 64 Diuersa
1045 549 121 64 appro-

432 594 154 67 ximatio
544 594 126 67 passi
628 594 84 67 ad
670 594 126 67 agens
754 594 98 67 non
809 594 140 67 causat
907 594 238 67 necessitatem:
1089 594 70 67 sed

453 645 102 53 ntum
517 645 191 53 intensiorem
669 645 165 53 actionem.
796 645 114 53 sicut
873 645 114 53 patet
949 645 76 53 de
987 645 127 53 calido
1063 645 102 53 respe-

446 684 100 53 ctu
503 684 273 53 calefactibilium
733 684 115 53 plus
804 684 86 53 et
847 684 129 53 minus
919 684 244 53 approximatorum.

446 727 139 61 Diuersa
548 727 114 61 autem
624 727 177 61 praesentia
763 727 152 61 obiecti.
877 727 101 61 puta
941 727 101 61 visi
1004 727 76 61 et
1042 727 89 61 non
1080 727 76 61 vis-

439 769 98 65 non
495 769 154 65 videtur
607 769 112 65 esse
678 769 112 65 nisi
748 769 154 65 diuersa
860 769 225 65 approximatio
1043 769 112 65 eius
1099 769 70 65 cir

444 808 70 69 ca
479 808 93 69 quod
537 808 104 69 debet
607 808 93 69 esse
665 808 104 69 actus
734 808 162 69 voluntatis
862 808 70 69 ad
896 808 174 69 voluntatem.
1036 808 93 69 ergo
1082 808 81 69 illud

444 858 73 62 non
485 858 168 62 diuersificat
622 858 178 62 neccesitatem:
768 858 63 62 et
800 858 73 62 non
841 858 178 62 neccesitatem.
988 858 73 62 sed
1030 858 105 62 tantum
1093 858 73 62 facit

446 900 196 70 intensiorem
603 900 78 70 et
642 900 118 70 minus
720 900 157 70 intensum
838 900 131 70 actum.
930 900 65 70 ⁋
956 900 118 70 Quuis
1021 900 144 70 conclusio

447 950 84 54 nes
495 950 72 54 vt
531 950 109 54 credo
604 950 97 54 sint
664 950 145 54 tenende.
773 950 109 54 tamen
845 950 145 54 rationes
954 950 84 54 non
1002 950 145 54 videntur
1099 950 60 54 pro

443 992 106 65 bare
509 992 226 65 sufficientur.
695 992 106 65 Ideo
762 992 120 65 arguo
842 992 133 65 contra
935 992 106 65 eas.
1001 992 133 65 Contra
1081 992 80 65 prim

447 1042 85 53 mam
496 1042 110 53 cuius
569 1042 122 53 virtus
654 1042 97 53 stat
715 1042 73 53 in
751 1042 85 53 hoc
800 1042 97 53 quod
861 1042 110 53 eadem
934 1042 146 53 potentia
1043 1042 85 53 non
1080 1042 85 53 habet

459 1088 160 44 diuersum
579 1088 120 44 modum
659 1088 227 44 principiandi.
846 1088 133 44 Arguo.
939 1088 107 44 quia
1006 1088 107 44 ista
1059 1088 107 44 propo-

442 1122 115 61 sitio
519 1122 77 61 si
557 1122 179 61 intelligat
697 1122 102 61 quod
761 1122 115 61 eadem
838 1122 89 61 res
889 1122 166 61 operatiua
1003 1122 166 61 indistincta

441 1169 104 58 omni
506 1169 104 58 modo
571 1169 78 58 ex
610 1169 117 58 parte
689 1169 104 58 rei.
754 1169 91 58 non
806 1169 117 58 habet
884 1169 156 58 respectu
988 1169 183 58 distinctorum

447 1212 191 54 distinctos
598 1212 123 54 modos
679 1212 232 54 principiandi.
871 1212 96 54 est
925 1212 205 54 simpliciter
1075 1212 96 54 falsa

442 1256 103 55 quia
506 1256 154 55 voluntas
622 1256 129 55 diuina
712 1256 193 55 neccessario
866 1256 90 55 est
918 1256 180 55 principium
1046 1256 129 55 spirandi

436 1298 132 61 spiritus
535 1298 110 61 sancti
612 1298 132 61 secundum
712 1298 110 61 istos.
789 1298 66 61 et
822 1298 88 61 ipsa
877 1298 99 61 eadem
943 1298 77 61 est
987 1298 154 61 principium
1098 1298 77 61 cream

446 1339 78 58 di
485 1339 170 58 creaturas
616 1339 209 58 contigentur.
786 1339 65 58 ⁋
812 1339 105 58 Itam
877 1339 157 58 dicerent
995 1339 105 58 illi
1060 1339 78 58 de
1087 1339 78 58 alia

443 1391 180 54 opinione.
581 1391 110 54 quod
650 1391 124 54 eadem
733 1391 166 54 voluntas
857 1391 97 54 est
913 1391 193 54 principium
1051 1391 124 54 natura-

443 1423 73 71 le
479 1423 73 71 et
516 1423 196 71 neccessarium
675 1423 135 71 volendi
773 1423 110 71 finem
847 1423 147 71 vltimum.
957 1423 73 71 et
993 1423 110 71 eadem
1067 1423 86 71 est
1104 1423 73 71 prin

446 1475 128 65 cipium
536 1475 179 65 contingens
676 1475 77 65 et
715 1475 141 65 liberum
817 1475 141 65 volendi
919 1475 77 65 ea
958 1475 102 65 quae
1022 1475 102 65 sunt
1086 1475 77 65 ad
1111 1475 64 65 fi-

448 1515 82 65 ne.
495 1515 59 65 ⁋
519 1515 71 65 Si
554 1515 141 65 dicatur.
660 1515 94 65 quod
719 1515 176 65 principiare
860 1515 165 65 cotigentur
989 1515 71 65 et
1012 1515 153 65 neccessario

443 1559 123 67 potest
529 1559 160 67 competere
652 1559 111 67 eidem
726 1559 148 67 respectu
837 1559 185 67 diuersorum.
984 1559 86 67 non
1034 1559 111 67 autem
1095 1559 74 67 prin

445 1603 140 69 cipiare
547 1603 191 69 naturaliter
700 1603 76 69 et
738 1603 140 69 libere.
839 1603 64 69 ⁋
865 1603 89 69 hoc
916 1603 89 69 non
967 1603 127 69 valet.
1056 1603 102 69 quia
1106 1603 64 69 non

442 1645 113 68 plus
513 1645 184 68 repugnant
654 1645 212 68 principiare
824 1645 212 68 naturaliter
993 1645 85 68 et
1036 1645 141 68 libere
1120 1645 57 68 di

439 1694 111 57 uersa
513 1694 99 57 quam
574 1694 173 57 pricipiare
710 1694 185 57 neccessario
858 1694 74 57 et
895 1694 197 57 contingenter
1043 1694 123 57 diuersa.

448 1735 144 57 Similiter
559 1735 78 57 hoc
603 1735 89 57 dato
659 1735 133 57 habentur
759 1735 155 57 propositum
881 1735 89 57 quod
936 1735 78 57 non
980 1735 78 57 est
1014 1735 155 57 inconueniens

454 1772 84 66 quin
506 1772 126 66 voluntas
600 1772 157 66 neccessario
726 1772 115 66 feratur
810 1772 63 66 in
841 1772 105 66 finem.
915 1772 63 66 et
946 1772 94 66 tamen
1009 1772 168 66 contingentur
1135 1772 42 66 in

449 1823 101 53 illud
516 1823 90 53 quod
572 1823 79 53 est
617 1823 67 53 ad
651 1823 112 53 finem.
729 1823 79 53 ita
774 1823 90 53 quod
830 1823 67 53 ex
864 1823 123 53 talibus
954 1823 123 53 modonis
1032 1823 146 53 principiam-

447 1864 74 56 di
484 1864 148 56 diuersis
595 1864 86 56 non
644 1864 123 56 potest
731 1864 160 56 oppositum
854 1864 148 56 probari.
965 1864 136 56 quamuis
1052 1864 123 56 secundum

442 1907 111 64 istos
515 1907 74 64 in
552 1907 148 64 vtrumque
663 1907 148 64 ferretur
774 1907 135 64 libere.
872 1907 61 64 ⁋
897 1907 160 64 Preterea.
1019 1907 111 64 sicut
1081 1907 86 64 post-

451 1951 82 57 ea
492 1951 192 57 declarabit
643 1951 206 57 intellectus
808 1951 82 57 et
849 1951 165 57 voluntas
972 1951 123 57 nullo
1055 1951 110 57 modo
1109 1951 69 57 di-

446 1995 176 59 stinguuntur
587 1995 70 59 ex
622 1995 105 59 parte
692 1995 94 59 rei.
751 1995 70 59 et
786 1995 105 59 tamen
856 1995 140 59 secundum
961 1995 105 59 istum
1020 1995 152 59 intellectus

450 2040 190 63 neccessario
602 2040 126 63 causat
691 2040 240 63 intellectionem.
893 2040 76 63 et
931 2040 202 63 contingentur
1095 2040 76 63 et
1121 2040 63 63 li-

449 2081 108 62 bere
517 2081 163 62 voluntas
639 2081 135 62 causat
734 2081 203 62 volitionem.
897 2081 68 62 ⁋
924 2081 176 62 Preterea.
1059 2081 108 62 quod
1113 2081 68 62 non

447 2129 124 55 tantum
534 2129 100 55 idem
596 2129 174 55 principium
733 2129 124 55 possit
820 2129 100 55 esse
882 2129 112 55 causa
957 2129 174 55 diuersorum
1081 2129 100 55 specie

453 2173 87 59 ita
502 2173 99 59 quod
564 2173 161 59 aliquorum
688 2173 87 59 sit
738 2173 112 59 causa
812 2173 161 59 naturalis
936 2173 74 59 et
974 2173 161 59 aliquorum
1085 2173 87 59 libe-

438 2217 81 53 ra.
485 2217 81 53 sed
531 2217 92 53 quod
588 2217 138 53 respectu
692 2217 138 53 eorundem
796 2217 115 53 specie
877 2217 115 53 potest
957 2217 92 53 esse
1015 2217 104 53 causa
1073 2217 92 53 natura

446 2262 83 54 lis
494 2262 71 54 et
529 2262 119 54 libera
613 2262 143 54 videtur.
720 2262 95 54 quia
779 2262 143 54 voluntas
886 2262 143 54 secundum
993 2262 107 54 istum
1053 2262 119 54 doctorem

440 2303 214 68 contingentur
613 2303 80 68 et
654 2303 134 68 libere
747 2303 134 68 causat
841 2303 201 68 dilectionem
1001 2303 174 68 suiipsius
1122 2303 53 68 in

453 2346 137 62 seipsa.
552 2346 75 62 et
590 2346 100 62 ipsa
652 2346 112 62 eadem
727 2346 149 62 voluntas
839 2346 187 62 naturaliter
988 2346 75 62 et
1013 2346 162 62 neccessario

444 2395 143 54 causat
544 2395 214 54 dilectionem
715 2395 171 54 suiipius
843 2395 86 54 in
886 2395 114 54 alia
957 2395 200 54 voluntate.
1100 2395 71 54 As-

448 2439 118 59 sumptum
534 2439 107 59 patet.
609 2439 86 59 quia
662 2439 128 59 secundum
759 2439 96 59 istum
823 2439 139 59 doctorem.
930 2439 128 59 obiectum
1026 2439 75 59 est
1069 2439 96 59 causa
1122 2439 54 59 per

459 2478 124 58 tialis:
549 2478 79 58 non
594 2478 112 58 tantum
672 2478 101 58 actus
740 2478 191 58 intelligendi:
897 2478 79 58 sed
942 2478 101 58 etiam
1009 2478 101 58 actus
1066 2478 112 58 volendi.

445 2524 92 56 sed
497 2524 158 56 obiectum
616 2524 184 56 distinctum
760 2524 66 56 a
787 2524 171 56 voluntate
918 2524 105 56 modo
984 2524 92 56 non
1037 2524 131 56 causat
1115 2524 53 56 il

449 2572 79 56 lum
494 2572 101 56 actum
561 2572 112 56 illius
640 2572 157 56 voluntatis
763 2572 180 56 contingentur
909 2572 67 56 et
942 2572 123 56 libere.
1032 2572 90 56 quia
1088 2572 90 56 tunc
1133 2572 45 56 il

449 2611 66 65 le
482 2611 99 65 actus
548 2611 99 65 esset
614 2611 66 65 in
647 2611 110 65 ptante
724 2611 88 65 sua.
779 2611 66 65 et
812 2611 77 65 per
856 2611 154 65 consequens
977 2611 110 65 posset
1054 2611 77 65 non
1087 2611 88 65 diligi

1264 219 71 68 ab
1300 219 95 68 illa
1359 219 154 68 voluntate
1478 219 142 68 secundum
1584 219 131 68 libitum
1679 219 107 68 suum.
1751 219 95 68 quod
1810 219 83 68 est
1845 219 131 68 manifesto

1266 278 132 49 falsum.
1362 278 96 49 ergo
1422 278 168 49 necessario
1554 278 144 49 causatur
1661 278 72 49 ab
1697 278 84 49 ea.
1745 278 72 49 Si
1781 278 132 49 dicatur
1877 278 96 49 quod
1925 278 48 49 vo

1262 324 143 58 luntas
1362 324 100 58 non
1419 324 143 58 causat
1519 324 200 58 volitionem
1676 324 86 58 in
1719 324 114 58 alia
1790 324 186 58 voluntate
1919 324 57 58 im

1267 369 170 62 mediate.
1395 369 99 62 sed
1451 369 142 62 tantum
1551 369 170 62 mediante
1679 369 114 62 actu
1750 369 227 62 cognoscendi.
1920 369 71 62 hoc

1266 416 86 48 non
1315 416 160 48 sufficit.
1438 416 98 48 quia
1499 416 86 48 non
1548 416 135 48 videtur
1647 416 74 48 de
1684 416 172 48 intentione
1819 416 123 48 istius
1893 416 98 48 docto-

1263 455 94 53 ris
1316 455 108 53 quod
1384 455 121 53 actus
1465 455 216 53 intelligendi
1640 455 94 53 sit
1694 455 148 53 precise
1802 455 121 53 causa
1870 455 121 53 effecti

1273 509 84 48 ia
1315 509 127 48 actus
1400 509 169 48 volendi.
1526 509 84 48 et
1569 509 99 48 cum
1625 509 155 48 aliquid
1738 509 127 48 aliud
1822 509 70 48 a
1836 509 155 48 voluntate

1263 550 107 55 est
1324 550 138 55 causa
1416 550 153 55 actiua
1524 550 200 55 partialis
1677 550 138 55 actus
1769 550 184 55 volendi.
1892 550 92 55 ergo

1269 595 91 50 illa
1326 595 103 50 causa
1394 595 148 50 partialis
1508 595 91 50 erit
1565 595 148 50 obiectum.
1679 595 148 50 similiter
1793 595 80 50 hoc
1839 595 103 50 dato.
1896 595 91 50 saltem

1260 637 106 48 haber
1331 637 165 48 propositum
1461 637 94 48 quod
1520 637 141 48 voluntas
1626 637 83 48 est
1673 637 106 48 causa
1743 637 165 48 contingens
1873 637 71 48 et
1897 637 94 48 libera

1269 682 111 53 actus
1342 682 160 53 diligendi
1465 682 147 53 seipsam.
1576 682 74 53 et
1613 682 98 53 quod
1674 682 111 53 eadem
1748 682 147 53 voluntas
1858 682 86 53 est
1895 682 86 53 causa

1269 724 156 54 naturalis
1389 724 72 54 et
1425 724 193 54 neccessaria.
1582 724 84 54 vel
1630 724 108 54 actus
1702 724 132 54 volendi
1798 724 72 54 in
1835 724 96 54 alia
1883 724 96 54 volun-

1257 767 117 56 tate:
1335 767 91 56 vel
1387 767 117 56 actus
1466 767 209 56 intelligendi
1636 767 91 56 vel
1688 767 144 56 speciei
1779 767 209 56 intelligibilis

1260 812 76 53 si
1298 812 178 53 requiritur
1438 812 102 53 ante
1502 812 242 53 intellectionem.
1705 812 76 53 Et
1743 812 178 53 quodcumque
1871 812 114 53 istorum

1260 854 118 50 detur.
1343 854 107 50 haber
1414 854 166 50 propositum
1544 854 95 50 quod
1603 854 95 50 idem
1663 854 142 50 respectu
1769 854 107 50 vnius
1840 854 118 50 potest
1911 854 71 50 esse

1264 905 196 53 principium
1418 905 140 53 namle.
1516 905 84 53 et
1558 905 168 53 respectu
1684 905 168 53 alterius
1810 905 168 53 liberum.
1922 905 56 53 Si

1264 943 123 53 dicatur
1354 943 90 53 quod
1410 943 135 53 obiectum
1511 943 79 53 non
1556 943 79 53 est
1600 943 101 53 causa
1668 943 146 53 effectiua
1780 943 123 53 proprie
1870 943 67 53 et
1903 943 79 53 per
1937 943 45 53 se

1264 992 83 51 sed
1312 992 119 51 quodam
1395 992 142 51 spaciali
1501 992 95 51 modo
1561 992 154 51 causandi.
1679 992 95 51 Ista
1739 992 154 51 responsio
1857 992 83 51 est
1893 992 95 51 contra

1269 1031 169 58 principia
1399 1031 130 58 istius
1490 1031 156 58 doctoris
1607 1031 91 58 qui
1659 1031 130 58 probat
1750 1031 104 58 quod
1815 1031 156 58 obiectum
1919 1031 65 58 est

1271 1085 146 50 partialis
1383 1085 101 50 causa
1450 1085 202 50 intellectionis
1619 1085 79 50 per
1664 1085 79 50 hoc
1709 1085 90 50 quod
1765 1085 79 50 non
1810 1085 112 50 potest
1888 1085 90 50 poni
1933 1085 45 50 in

1268 1120 131 53 tellco
1359 1120 105 53 sine
1425 1120 157 53 obiecto.
1542 1120 105 53 ergo
1608 1120 144 53 videtur
1712 1120 131 53 ponere
1804 1120 105 53 quod
1856 1120 131 53 obiectum

1258 1163 79 66 est
1303 1163 125 66 proprie
1394 1163 113 66 causa.
1473 1163 147 66 Similiter
1586 1163 91 66 eque
1643 1163 147 66 faciliter
1756 1163 113 66 posset
1835 1163 91 66 poni
1892 1163 91 66 quod
1937 1163 57 66 ca-

1263 1212 94 53 lor
1316 1212 94 53 non
1370 1212 134 53 causat
1463 1212 174 53 effectiue
1597 1212 160 53 proprie.
1717 1212 94 53 sed
1770 1212 134 53 quodam
1850 1212 134 53 speciali

1264 1260 90 45 modo
1320 1260 145 45 causandi.
1432 1260 56 45 ⁋
1454 1260 134 45 Preterea
1555 1260 123 45 secunda
1644 1260 101 45 ratio
1711 1260 78 45 non
1756 1260 157 45 concludit.
1879 1260 90 45 quia
1924 1260 67 45 dice

1256 1291 100 66 rent
1318 1291 137 66 leuitur
1417 1291 75 66 ad
1455 1291 125 66 beatum
1542 1291 174 66 augustinum
1679 1291 100 66 quod
1741 1291 174 66 intelligit
1878 1291 75 66 de
1903 1291 75 66 acti

1263 1340 184 52 voluntatis
1407 1340 170 52 respecium
1538 1340 118 52 eorum
1617 1340 92 52 que
1669 1340 105 52 sunt
1735 1340 79 52 ad
1774 1340 118 52 fine.
1853 1340 92 52 non
1892 1340 92 52 autem

1260 1382 83 65 de
1302 1382 110 65 actu
1371 1382 152 65 volendi
1481 1382 166 65 respecum
1605 1382 138 65 finis.
1702 1382 69 65 ⁋
1730 1382 166 65 Preterea
1840 1382 138 65 confirma

1270 1433 86 54 tio
1319 1433 98 54 illa
1380 1433 86 54 non
1429 1433 135 54 videtur
1527 1433 184 54 concludere.
1674 1433 98 54 quia
1736 1433 86 54 non
1785 1433 86 54 est
1821 1433 172 54 inconueniens

1255 1475 103 58 quod
1320 1475 142 58 aliquid
1423 1475 90 58 sit
1474 1475 77 58 in
1513 1475 129 58 ptante
1603 1475 181 58 voluntatis
1745 1475 155 58 mediante
1861 1475 103 58 actu
1913 1475 77 58 ali-

1261 1520 103 47 quo.
1325 1520 77 47 et
1364 1520 116 47 tamen
1441 1520 103 47 quod
1505 1520 167 47 immediate
1634 1520 90 47 non
1685 1520 90 47 sit
1737 1520 64 47 i
1762 1520 90 47 sua
1814 1520 141 47 ptante.
1904 1520 77 47 quin

1259 1555 76 60 si
1297 1555 114 60 illud
1373 1555 114 60 aliud
1450 1555 139 60 ponatur
1551 1555 190 60 neccessario
1703 1555 127 60 tendat
1792 1555 76 60 in
1830 1555 114 60 illum
1893 1555 89 60 actum

1266 1609 148 53 Assumptum
1380 1609 114 53 patet.
1459 1609 91 53 quia
1516 1609 148 53 voluntate
1631 1609 137 53 tendente
1733 1609 68 53 in
1767 1609 125 53 aliquod
1847 1609 137 53 antecedens

1265 1642 150 55 neccessario
1385 1642 100 55 tendit
1455 1642 60 55 in
1485 1642 140 55 consequens
1595 1642 100 55 scitum
1664 1642 80 55 esse
1714 1642 150 55 consequens.
1834 1642 70 55 ita
1874 1642 80 55 quod
1914 1642 80 55 stante

1265 1697 119 51 prima
1344 1697 171 51 volitione
1476 1697 79 51 et
1515 1697 105 51 actu
1581 1697 105 51 illo
1647 1697 211 51 intellectus.
1819 1697 158 51 voluntas
1924 1697 66 51 ne-

1265 1735 175 48 cessitatur
1402 1735 75 48 ad
1439 1735 162 48 secundam.
1564 1735 87 48 nec
1614 1735 125 48 potest
1701 1735 87 48 non
1751 1735 137 48 elicere
1850 1735 150 48 secundam
1950 1735 50 48 ni

1263 1779 73 55 si
1299 1779 146 55 destruat
1409 1779 134 55 primam.
1507 1779 73 55 Et
1543 1779 85 55 ita
1592 1779 146 55 dicerent
1702 1779 110 55 alii.
1775 1779 97 55 quod
1836 1779 122 55 stante
1909 1779 85 55 intel

1262 1823 167 57 lectione
1387 1823 125 57 finis
1471 1823 167 57 voluntas
1596 1823 223 57 necessitatur
1777 1823 84 57 ad
1819 1823 167 57 volendum
1930 1823 70 57 fi-

1262 1868 101 53 nem.
1325 1868 88 53 ita
1376 1868 101 53 quod
1439 1868 88 53 non
1489 1868 126 53 potest
1577 1868 88 53 non
1628 1868 113 53 velle
1704 1868 113 53 finem
1779 1868 101 53 nisi
1842 1868 151 53 destruat
1943 1868 63 53 in-

1262 1904 213 56 tellectionem
1435 1904 133 56 finis.
1528 1904 80 56 Si
1568 1904 146 56 dicatur
1674 1904 106 56 quod
1740 1904 146 56 quamuis
1847 1904 133 56 stante
1927 1904 66 56 vna

1276 1955 144 51 volitione
1387 1955 166 51 neccessario
1519 1955 133 51 sequatur
1619 1955 89 51 alia
1674 1955 133 51 volitio.
1774 1955 100 51 tamen
1840 1955 89 51 haec
1895 1955 77 51 non
1929 1955 55 51 est

1284 1993 151 49 ossibile
1397 1993 75 49 de
1435 1993 226 49 intellectione.
1623 1993 100 49 quia
1686 1993 88 49 non
1736 1993 88 49 est
1787 1993 138 49 similis
1887 1993 100 49 ordo
1937 1993 63 49 vo-

1262 2045 160 45 litionis
1382 2045 80 45 ad
1422 2045 240 45 intellectiones
1622 2045 93 45 seu
1675 2045 240 45 intellectionis
1875 2045 80 45 ad
1902 2045 80 45 voli

1263 2086 133 51 tionem.
1360 2086 121 51 qualis
1445 2086 85 51 est
1493 2086 109 51 vnius
1566 2086 170 51 volitionis
1700 2086 73 51 ad
1736 2086 121 51 aliam.
1821 2086 61 51 ⁋
1845 2086 133 51 Contra.
1930 2086 61 51 hoc

1270 2129 85 52 non
1318 2129 158 52 sufficit.
1440 2129 97 52 quia
1501 2129 146 52 voluntas
1610 2129 134 52 poterit
1707 2129 85 52 sic
1756 2129 134 52 disponi
1853 2129 97 52 quod
1902 2129 85 52 habet

1269 2173 138 46 aliquem
1370 2173 113 46 actum
1445 2173 75 46 in
1483 2173 88 46 sua
1533 2173 138 46 ptante.
1634 2173 100 46 quod
1696 2173 113 46 nulla
1772 2173 113 46 fcaua
1834 2173 151 46 variatione

1272 2218 185 58 praeuialilli
1423 2218 116 58 actui.
1504 2218 116 58 potest
1585 2218 116 58 libere
1666 2218 104 58 illum
1736 2218 104 58 actum
1806 2218 127 58 elicere
1898 2218 81 58 vel
1933 2218 58 58 non

1275 2259 162 50 elicere.
1396 2259 81 50 et
1436 2259 108 50 sola
1503 2259 229 50 intellectione
1692 2259 81 50 de
1732 2259 108 50 nouo
1786 2259 202 50 superueniente

1263 2308 144 48 voluntas
1371 2308 180 48 neccessario
1515 2308 132 48 eliciet
1611 2308 108 48 illum
1682 2308 120 48 actum.
1766 2308 96 48 ergo
1826 2308 84 48 non
1874 2308 84 48 est
1910 2308 84 48 incon

1275 2347 139 52 ueniens
1376 2347 101 52 quod
1439 2347 139 52 aliquis
1540 2347 114 52 actus
1616 2347 88 52 sit
1667 2347 76 52 in
1704 2347 126 52 ptante
1793 2347 177 52 voluntatis
1919 2347 63 52 me-

1270 2394 143 45 diante
1370 2394 114 45 actu
1441 2394 214 45 intellectus
1612 2394 143 45 posito
1712 2394 86 45 in
1755 2394 114 45 esse
1826 2394 100 45 cum
1869 2394 128 45 ceteris

1263 2438 187 53 disponibus.
1412 2438 75 53 et
1449 2438 112 53 tamen
1524 2438 137 53 propter
1624 2438 224 53 intellectionem
1811 2438 75 53 de
1848 2438 100 53 nouo
1898 2438 87 53 super

1275 2478 158 50 ienientem
1396 2478 85 50 non
1445 2478 85 50 sit
1493 2478 182 50 simpliciter
1639 2478 73 50 in
1675 2478 121 50 ptante
1760 2478 194 50 voluntatuis.
1905 2478 85 50 Assum

1258 2525 113 56 pratum
1337 2525 113 56 patet.
1416 2525 91 56 quia
1473 2525 125 56 ponatur
1564 2525 91 56 quod
1620 2525 125 56 aliquis
1711 2525 102 56 velit
1779 2525 170 56 efficacitur
1903 2525 91 56 sanita

1268 2569 107 55 tem.
1335 2569 94 55 sed
1388 2569 147 55 ignoret
1495 2569 80 55 an
1535 2569 120 55 potio
1615 2569 120 55 amara
1696 2569 94 55 sit
1749 2569 201 55 neccessario
1896 2569 94 55 requi

1255 2613 116 71 sita
1327 2613 87 71 ad
1370 2613 188 71 sanitatem
1515 2613 232 71 consequendam
1703 2613 101 71 vel
1761 2613 116 71 non.
1834 2613 101 71 hoc
1877 2613 116 71 posito
