2261 3072
270 231 90 74 sibi
326 231 180 74 impossibile.
472 231 90 74 ergo
529 231 146 74 quodlibet
641 231 113 74 potest
720 231 113 74 nolle.
799 231 56 74 ⁋
821 231 146 74 Preterea.
922 231 79 74 quai-

269 291 102 48 cumque
340 291 102 48 potest
412 291 153 48 efficacitur
535 291 92 48 velle
596 291 113 48 anedes.
678 291 102 48 potest
750 291 92 48 velle
811 291 143 48 consequens
913 291 82 48 scitum

272 331 75 56 vel
315 331 129 56 opinatum
412 331 86 56 esse
466 331 161 56 consequens.
595 331 75 56 sed
638 331 118 56 aliquis
724 331 108 56 potest
799 331 161 56 efficacitur
918 331 75 56 velle

267 369 71 70 non
307 369 91 70 esse.
368 369 61 70 et
399 369 101 70 potest
469 369 91 70 scire
530 369 142 70 euidenter.
642 369 81 70 quod
692 369 71 70 non
733 369 81 70 esse
783 369 91 70 beatm
844 369 71 70 est
874 369 122 70 consequens

270 424 60 54 ad
300 424 70 54 non
340 424 90 54 esse.
400 424 80 54 ergo
450 424 100 54 potest
519 424 90 54 velle
579 424 70 54 non
619 424 80 54 esse
669 424 110 54 beatus.
749 424 60 54 et
779 424 70 54 per
818 424 140 54 consequens
918 424 70 54 nollo

258 458 204 66 beatitudine.
424 458 166 66 Assumptum
551 458 127 66 patet.
640 458 102 66 quia
704 458 115 66 multi
780 458 140 66 vtentes
869 458 115 66 ratione

253 513 91 49 tam
305 513 143 49 fideles
409 513 169 49 credentes
539 513 117 49 vitam
617 513 156 49 futuram.
735 513 104 49 quam
800 513 169 49 infideles
917 513 65 49 nul

252 549 91 65 lam
304 549 117 65 vitam
382 549 143 65 futuram
485 549 181 65 credentes:
628 549 194 65 interfecert
784 549 156 65 seipsos.
900 549 78 65 et
926 549 52 65 ex

251 604 177 57 posuerunt
387 604 81 57 se
428 604 136 57 morti.
523 604 109 57 ergo
591 604 163 57 volebant
713 604 95 57 non
767 604 122 57 esse.
849 604 68 57 ⁋
862 604 109 57 Confir

255 645 109 49 matur
328 645 121 49 ratio.
413 645 97 49 quia
473 645 121 49 aliqua
558 645 134 49 fideles
655 645 158 49 credentes
777 645 73 49 se
813 645 109 49 posse
874 645 97 49 consed

261 680 206 67 beatitudinem
428 680 77 67 si
467 680 90 67 non
519 680 180 67 peccarent.
660 680 154 67 elegerit
776 680 154 67 peccare.
879 680 90 67 scien

249 729 89 56 tes
300 729 76 56 se
338 729 89 56 vel
389 729 165 56 credentes
516 729 140 56 propter
618 729 102 56 tale
682 729 153 56 peccatum
796 729 114 56 penam
860 729 114 56 eternam

255 766 178 68 habituros.
395 766 102 68 quod
459 766 89 68 non
510 766 115 68 esset
587 766 102 68 nisi
650 766 102 68 tunc
714 766 178 68 habuissent
854 766 115 68 nolle
918 766 51 68 re

254 810 110 71 spectu
331 810 187 71 beatitudinis.
485 810 77 71 non
529 810 66 71 in
562 810 121 71 communi
649 810 121 71 tantum.
737 810 77 71 sed
781 810 99 71 etiam
847 810 66 71 in
869 810 99 71 particu

225 851 98 64 lari.
290 851 54 64 ⁋
312 851 120 64 Secunda
399 851 141 64 conclusio
508 851 87 64 est.
562 851 87 64 quod
617 851 120 64 aliquis
704 851 109 64 potest
780 851 98 64 nolle
834 851 131 64 beatitudi-

245 910 78 51 nem
290 910 67 51 in
323 910 179 51 particulari.
468 910 67 51 Et
502 910 112 51 potest
580 910 123 51 probari
669 910 78 51 per
714 910 134 51 rationes
804 910 156 51 praecedentes

244 944 58 67 ⁋
268 944 117 67 Tertia
349 944 152 67 conclusio
466 944 82 67 est
513 944 93 67 quod
571 944 128 67 aliquis
665 944 117 67 potest
746 944 105 67 nolle
805 944 163 67 beatitudinem

245 991 68 64 in
279 991 171 64 particulari
416 991 137 64 creditam
518 991 91 64 esse
575 991 171 64 possibilem.
712 991 80 64 ita
758 991 91 64 quod
815 991 114 64 potest
883 991 80 64 nolle

238 1034 118 68 habere
321 1034 201 68 beatitudinem.
487 1034 83 68 hec
534 1034 154 68 conclusio
652 1034 189 68 persuadetur.
806 1034 95 68 quia
854 1034 118 68 quicquid

240 1082 120 58 potest
324 1082 96 58 esse
384 1082 144 58 dictatum
492 1082 60 58 a
516 1082 108 58 recta
588 1082 132 58 ratione
683 1082 120 58 potest
767 1082 120 58 cadere
851 1082 84 58 sub
887 1082 72 58 actu

240 1129 175 58 voluntatis.
380 1129 82 58 sed
427 1129 105 58 recta
497 1129 105 58 ratio
567 1129 117 58 potest
648 1129 128 58 dictare
741 1129 93 58 quod
800 1129 93 58 iste
846 1129 105 58 carebi-

228 1161 104 76 semper
301 1161 167 76 beatitudine.
436 1161 83 76 ergo
488 1161 104 76 potest
561 1161 94 76 velle
624 1161 104 76 carere
696 1161 104 76 semper
769 1161 167 76 beatitudine.
894 1161 63 76 ergo

229 1212 123 68 potest
315 1212 111 68 nolle
389 1212 86 68 eam
439 1212 62 68 ⁋
463 1212 185 68 Cofirmatur.
611 1212 99 68 quia
673 1212 148 68 damnatus
784 1212 86 68 tam
834 1212 99 68 pena
883 1212 74 68 sen-

224 1260 92 63 sus
276 1260 105 63 quam
342 1260 105 63 pena
408 1260 118 63 damni
487 1260 131 63 posset
579 1260 79 63 si
618 1260 223 63 relinquaretur
802 1260 79 63 se
829 1260 131 63 conforma

225 1306 75 51 re
263 1306 126 51 diuine
351 1306 163 51 voluntati
477 1306 88 51 tam
527 1306 113 51 scite
602 1306 100 51 quam
665 1306 138 51 credite
766 1306 75 51 in
803 1306 138 51 volito.
891 1306 63 51 sed

229 1341 147 78 voluntas
339 1341 122 78 diuina
425 1341 98 78 vult
486 1341 110 78 istum
559 1341 122 78 semper
645 1341 122 78 carere
731 1341 196 78 beatitudine.
878 1341 73 78 ergo

224 1392 108 61 potest
300 1392 87 61 hoec
354 1392 87 61 esse
409 1392 119 61 volitum
495 1392 54 61 a
517 1392 141 61 voluntate
626 1392 98 61 tali.
691 1392 65 61 et
723 1392 76 61 per
767 1392 152 61 consequens
875 1392 76 61 eadem

219 1440 143 60 ratione
323 1440 65 60 a
349 1440 169 60 voluntate
479 1440 169 60 viatoris.
610 1440 65 60 ⁋
636 1440 156 60 Preterea
753 1440 169 60 quicumque
870 1440 78 60 vult

219 1475 192 63 efficacitur
373 1475 154 63 aliquid.
488 1475 102 63 vult
552 1475 102 63 omne
616 1475 115 63 illud
693 1475 102 63 sine
757 1475 90 63 quo
808 1475 128 63 credit
885 1475 64 63 nul

213 1509 72 79 lo
249 1509 95 79 modo
309 1509 72 79 se
344 1509 107 79 posse
416 1509 143 79 consequi
523 1509 107 79 illud
595 1509 143 79 volitum.
702 1509 84 79 sed
750 1509 131 79 aliquis
834 1509 107 79 fidelis

210 1563 131 61 credit
302 1563 79 61 se
341 1563 105 61 nllo
407 1563 105 61 modo
472 1563 118 61 posse
551 1563 157 61 consequi
669 1563 210 61 beatitudinem
839 1563 105 61 sine
892 1563 52 61 bo

218 1612 76 55 na
256 1612 114 55 vita.
332 1612 76 55 et
370 1612 114 55 tamen
446 1612 88 55 non
496 1612 101 55 vult
559 1612 114 55 bonam
635 1612 114 55 vitam
711 1612 76 55 et
749 1612 139 55 sanctam
837 1612 101 55 serua-

215 1651 75 60 re.
258 1651 86 60 ergo
312 1651 75 60 non
355 1651 86 60 vult
408 1651 161 60 efficacitur
537 1651 182 60 beatitudinem.
687 1651 64 60 et
719 1651 75 60 per
762 1651 150 60 consequens
869 1651 75 60 eadem

224 1687 123 69 ratione
313 1687 112 69 potest
392 1687 101 69 nolle
459 1687 78 69 eam
504 1687 56 69 ⁋
526 1687 112 69 Quarta
605 1687 146 69 conclusio
717 1687 90 69 est.
773 1687 90 69 quod
829 1687 112 69 videns
896 1687 45 69 di

216 1736 109 60 uinam
288 1736 169 60 essentiam:
421 1736 72 60 et
457 1736 121 60 carens
542 1736 157 60 fruitione
662 1736 169 60 beatifica.
795 1736 121 60 potest
868 1736 72 60 nol-

218 1778 68 68 le
252 1778 102 68 illam
320 1778 171 68 fruitionem.
456 1778 80 68 hoc
502 1778 148 68 probatur.
616 1778 91 68 quia
672 1778 102 68 sicut
741 1778 102 68 prius
809 1778 114 68 dictum
877 1778 57 68 est

201 1825 166 62 quaelibet
329 1825 153 62 voluntas
444 1825 128 62 potest
533 1825 77 62 se
571 1825 179 62 conformare
711 1825 166 62 voluntati
826 1825 102 62 diuine

206 1864 64 70 in
238 1864 118 70 volito.
324 1864 75 70 sed
367 1864 86 70 deus
421 1864 107 70 potest
496 1864 97 70 velle
561 1864 97 70 ipsum
625 1864 107 70 semper
700 1864 64 70 et
733 1864 75 70 pro
776 1864 107 70 semper
840 1864 86 70 carere

197 1904 141 74 fruitione
306 1904 152 74 beatifica.
425 1904 87 74 ergo
479 1904 87 74 etc.
534 1904 54 74 ⁋
555 1904 141 74 Preterea.
664 1904 130 74 quicquid
761 1904 109 74 potest
837 1904 87 74 esse
881 1904 54 74 vo-

195 1958 104 67 litum
265 1958 81 67 vel
311 1958 127 67 nolitum
404 1958 81 67 pro
450 1958 81 67 vno
496 1958 139 67 tempore.
600 1958 69 67 et
635 1958 81 67 pro
681 1958 127 67 semper.
774 1958 81 67 sed
808 1958 116 67 voluntas

205 1998 106 73 talis
276 1998 118 73 potest
358 1998 106 73 nolle
429 1998 118 73 habere
511 1998 188 73 beatitudinem
664 1998 82 73 pro
711 1998 118 73 aliquo
794 1998 129 73 tempore
876 1998 47 73 de

206 2047 176 61 terminato.
344 2047 100 61 puta
407 2047 138 61 quandiu
507 2047 100 61 deus
570 2047 100 61 vult
633 2047 88 61 eam
683 2047 88 61 non
733 2047 125 61 habere
808 2047 113 61 fruitio

207 2094 71 57 nem
248 2094 153 57 beatificam.
370 2094 82 57 ergo
421 2094 102 57 potest
492 2094 92 57 nolle
553 2094 71 57 eam
594 2094 163 57 simpliciter.
726 2094 51 57 ⁋
747 2094 102 57 Quinta
808 2094 112 57 conclusio

199 2133 97 69 est.
259 2133 97 69 quod
320 2133 109 69 talis
392 2133 121 69 videns
477 2133 133 69 diuinam
574 2133 169 69 essentiam.
706 2133 121 69 carens
791 2133 85 69 per
827 2133 97 69 poten-

189 2176 116 64 tiam
262 2176 160 64 diuinam
378 2176 189 64 absolutam
524 2176 203 64 dilectione
684 2176 102 64 dei
742 2176 87 64 de
785 2176 102 64 quo
829 2176 87 64 pate

189 2219 82 63 bit
236 2219 82 63 in.
283 2219 106 63 iiii.
354 2219 118 63 potest
436 2219 106 63 nolle
507 2219 106 63 deum.
577 2219 82 63 hoc
624 2219 141 63 probatur
730 2219 82 63 vel
765 2219 153 63 persuadetur

189 2260 98 71 sic.
250 2260 98 71 omne
312 2260 172 71 incommodum
447 2260 123 71 potest
533 2260 98 71 esse
594 2260 148 71 obiectum
705 2260 184 71 nolitionis.
840 2260 74 71 siue

182 2312 92 67 sit
234 2312 105 67 vere
300 2312 183 67 incommodum
444 2312 105 67 siue
509 2312 183 67 estimatum.
653 2312 118 67 sicut
732 2312 105 67 omne
784 2312 131 67 commodum

194 2350 103 66 siue
258 2350 116 66 verum
336 2350 103 66 siue
400 2350 167 66 estimatum
528 2350 129 66 potest
618 2350 103 66 esse
683 2350 154 66 obiectum
785 2350 129 66 volitio-

192 2397 101 63 nis.
255 2397 88 63 sed
306 2397 101 63 deus
369 2397 126 63 potest
457 2397 101 63 esse
520 2397 101 63 tale
583 2397 177 63 incommodum
722 2397 126 63 saltem
798 2397 113 63 estima-

195 2441 90 67 tum.
251 2441 90 67 ergo
308 2441 90 67 deus
364 2441 113 67 potest
443 2441 90 67 esse
499 2441 135 67 obiectum
601 2441 169 67 nolitionis.
736 2441 147 67 Assumptum
838 2441 79 67 patet

181 2477 95 76 qui
236 2477 122 76 talis
317 2477 136 76 posset
412 2477 149 76 pruniri
521 2477 68 76 a
548 2477 95 76 deo
602 2477 95 76 tam
656 2477 109 76 pena
724 2477 122 76 damni
805 2477 109 76 quam
860 2477 54 76 pe

178 2520 75 75 na
215 2520 137 75 sensus.
314 2520 62 75 ⁋
339 2520 199 75 Confirmatur.
501 2520 100 75 quia
563 2520 149 75 christus
675 2520 87 75 non
725 2520 149 75 obstante
824 2520 75 75 quod

180 2570 142 61 fuerit
279 2570 156 61 beatus:
393 2570 114 61 fuit
464 2570 156 61 punitus
577 2570 85 61 et
620 2570 170 61 suscepit
748 2570 128 61 penas
819 2570 85 61 cor-

177 2617 148 86 porales.
287 2617 86 86 sed
337 2617 98 86 omne
398 2617 160 86 punitiuum
521 2617 86 86 vel
570 2617 185 86 afflictiuum
718 2617 148 86 alicuius
817 2617 98 86 potest

1092 244 101 76 esse
1156 244 177 76 incommodum
1295 244 114 76 illi.
1371 244 89 76 vel
1422 244 114 76 verum
1497 244 89 76 vel
1548 244 177 76 estimatum.
1687 244 101 76 ergo
1738 244 76 76 deus

1085 306 128 57 potest
1175 306 128 57 habere
1264 306 153 57 rationem
1379 306 166 57 incommodi
1507 306 102 57 veri
1571 306 90 57 vel
1622 306 166 57 estimati.
1737 306 77 57 Con-

1089 349 103 69 tra
1148 349 192 69 praedicta
1296 349 118 69 sunt
1370 349 133 69 multa
1458 349 133 69 dubia
1547 349 89 69 de
1591 349 148 69 quibus
1679 349 133 69 patebit

1084 390 90 67 in
1129 390 149 67 quarto
1233 390 134 67 libro
1323 390 90 67 in
1368 390 164 67 materia
1487 390 90 67 de
1532 390 239 67 beatitudine.
1711 390 90 67 ideo

1087 430 133 72 transeo
1184 430 85 72 pro
1232 430 109 72 nunc.
1304 430 60 72 ⁋
1329 430 73 72 Ex
1365 430 169 72 praedictis
1498 430 121 72 potest
1582 430 169 72 responderi
1715 430 73 72 ad
1740 430 60 72 for

1084 480 84 65 mam
1132 480 181 65 quaestionis
1277 480 97 65 quod
1337 480 109 65 finis
1410 480 133 65 vltimus
1506 480 121 65 potest
1591 480 121 65 accipi
1663 480 145 65 dupliciter

1087 526 87 73 vel
1136 526 87 73 pro
1186 526 187 73 beatitudine
1336 526 125 73 creata
1423 526 162 73 possibili
1548 526 175 73 voluntati.
1685 526 87 73 vel
1723 526 62 73 ura

1069 570 153 61 obiecto
1181 570 139 61 illius
1278 570 223 61 beatitudinis
1459 570 125 61 Primo
1543 570 112 61 modo
1613 570 98 61 non
1669 570 98 61 est
1710 570 84 61 lici

1064 616 100 57 tum
1121 616 185 57 voluntati
1263 616 114 57 frui
1335 616 143 57 vltimo
1435 616 114 57 fine
1506 616 157 57 proprie
1620 616 171 57 loquendo
1734 616 57 57 de

1069 650 101 75 frui.
1136 650 112 75 potest
1214 650 101 75 tamen
1281 650 179 75 contingenter
1427 650 67 75 et
1460 650 112 75 libere
1539 650 101 75 frui.
1606 650 90 75 quia
1662 650 112 75 potest
1729 650 56 75 non

1075 697 85 68 frui
1129 697 64 68 ex
1160 697 74 68 hoc
1203 697 85 68 ipso
1256 697 85 68 quod
1309 697 74 68 est
1352 697 149 68 illicitum:
1469 697 64 68 et
1500 697 106 68 potest
1575 697 96 68 frui.
1639 697 85 68 quia
1692 697 64 68 si
1713 697 85 68 volun-

1063 749 96 66 tas
1118 749 137 66 potest
1214 749 110 66 frui
1283 749 137 66 aliquo
1379 749 137 66 creato
1475 749 124 66 minus
1558 749 124 66 bono.
1640 749 124 66 multo
1709 749 82 66 sor-

1056 787 123 69 tius
1132 787 123 69 bono
1209 787 138 69 summo
1301 787 153 69 creato
1408 787 123 69 sibi
1485 787 214 69 possibili.
1653 787 92 69 Si
1684 787 107 69 autem

1059 832 178 69 accipiatur
1199 832 102 69 frui
1262 832 114 69 large
1339 832 89 69 pro
1389 832 102 69 actu
1453 832 178 69 appetendi.
1592 832 89 69 sic
1643 832 102 69 dico
1694 832 76 69 quod

1072 870 107 76 finem
1144 870 131 76 vltimum
1239 870 95 76 siue
1299 870 131 76 ondatur
1394 870 72 76 in
1430 870 143 76 generali
1537 870 95 76 siue
1597 870 72 76 in
1621 870 155 76 particulari

1060 916 109 68 siue
1128 916 82 68 in
1169 916 95 68 via
1224 916 109 68 siue
1292 916 82 68 in
1332 916 150 68 patria.
1441 916 136 68 potest
1536 916 163 68 absolute
1645 916 136 68 voluntas

1062 967 95 67 cum
1116 967 122 67 velle
1197 967 95 67 vel
1251 967 95 67 non
1305 967 122 67 velle
1386 967 95 67 vel
1440 967 122 67 nolle
1521 967 68 67 ⁋
1548 967 81 67 Et
1588 967 95 67 sub
1642 967 95 67 hoc
1683 967 95 67 sensu

1059 1008 127 67 posite
1148 1008 102 67 sunt
1212 1008 204 67 conclusiones
1378 1008 217 67 praecedentes.
1556 1008 153 67 loquendo
1671 1008 76 67 de
1697 1008 76 67 fine

1057 1056 128 60 secundo
1151 1056 105 60 modo.
1221 1056 82 60 sic
1267 1056 93 60 dico
1325 1056 93 60 quod
1384 1056 70 60 in
1419 1056 82 60 via
1465 1056 117 60 potest
1547 1056 93 60 esse
1605 1056 140 60 obiectum
1698 1056 82 60 voli-

1062 1098 132 69 tionis
1154 1098 79 69 et
1193 1098 197 69 nolitionis.
1351 1098 79 69 Si
1391 1098 118 69 autem
1470 1098 184 69 ostendatur
1614 1098 105 69 nude
1680 1098 79 69 et
1706 1098 66 69 cla

1051 1136 92 67 re.
1103 1136 78 67 et
1142 1136 105 67 deus
1208 1136 170 67 suspendat
1339 1136 196 67 actiuitatem
1495 1136 183 67 voluntatis
1626 1136 144 67 respectus

1059 1187 176 67 volitionis
1198 1187 126 67 potest
1286 1187 88 67 non
1336 1187 101 67 esse
1399 1187 151 67 obiectum
1512 1187 189 67 volitionis.
1663 1187 75 67 Si
1688 1187 88 67 autem

1046 1229 91 61 non
1098 1229 169 61 suspendat
1228 1229 194 61 actiuitatem
1383 1229 194 61 voluntatis.
1539 1229 91 61 sed
1591 1229 169 61 relinquat
1707 1229 65 61 eam

1048 1269 102 73 sue
1107 1269 160 73 nature.
1223 1269 102 73 sic
1281 1269 102 73 est
1339 1269 131 73 magis
1427 1269 218 73 dubitandum.
1601 1269 87 73 de
1645 1269 102 73 quo
1689 1269 87 73 dice

1050 1313 93 70 tur
1103 1313 93 70 in.
1156 1313 120 70 iiii.
1237 1313 93 70 li⁋
1290 1313 80 70 Ad
1330 1313 187 70 argumentum
1477 1313 187 70 principale
1624 1313 107 70 dico
1677 1313 80 70 quod

1051 1365 147 64 voluntas
1161 1365 86 64 non
1210 1365 184 64 naturaliter
1357 1365 171 64 inclinatur
1491 1365 73 64 in
1528 1365 110 64 finem
1602 1365 98 64 nisi
1651 1365 122 64 accipien

1042 1411 71 67 do
1078 1411 200 67 inclinationem
1242 1411 153 67 naturalem
1360 1411 94 67 quod
1418 1411 82 67 sit
1465 1411 141 67 secundum
1571 1411 141 67 communem
1665 1411 94 67 cursum

1052 1445 69 74 Et
1086 1445 69 74 de
1120 1445 92 74 tali
1177 1445 183 74 inclinatione
1326 1445 80 74 non
1372 1445 80 74 est
1418 1445 114 74 verum.
1498 1445 92 74 quod
1555 1445 137 74 quicquid
1658 1445 80 74 fit
1692 1445 69 74 con-

1045 1489 180 68 inclinationem
1193 1489 169 68 violentatur.
1331 1489 63 68 Et
1362 1489 106 68 quando
1436 1489 116 68 dicitur
1521 1489 84 68 quod
1573 1489 84 68 vnum
1626 1489 116 68 quodque
1700 1489 53 68 nam

1045 1536 158 66 turaliter
1166 1536 170 66 inclinatur
1300 1536 73 66 in
1336 1536 146 66 propriam
1445 1536 206 66 perfectionem.
1615 1536 97 66 Ista
1676 1536 85 66 est
1712 1536 49 66 ne

1040 1590 113 48 ganda
1116 1590 138 48 stricte
1216 1590 176 48 accipiendo
1354 1590 213 48 incliationem.
1530 1590 100 48 nisi
1593 1590 126 48 quando
1668 1590 88 48 illud

1038 1626 238 76 perfectibile
1232 1626 104 76 est
1291 1626 164 76 actiuum
1410 1626 193 76 naturale.
1559 1626 193 76 cuiusmodi
1693 1626 74 76 non

1036 1672 102 67 est
1095 1672 190 67 voluntas.
1241 1672 88 67 Et
1285 1672 102 67 hec
1344 1672 88 67 de
1387 1672 132 67 prima
1461 1672 219 67 distinctione.

1051 1698 72 80 ⁋
1079 1698 159 80 Questio
1195 1698 130 80 prima
1282 1698 159 80 distin.
1383 1698 144 80 secunde.

1234 1767 205 103 Irca
1337 1767 385 103 distinctionem

1241 1854 160 54 secundam
1361 1854 80 54 in
1401 1854 93 54 qua
1454 1854 147 54 magiter
1561 1854 147 54 tractat
1668 1854 80 54 de
1694 1854 67 54 vni

1239 1896 97 59 tate
1299 1896 121 59 diviue
1384 1896 145 59 essentie
1493 1896 73 59 et
1530 1896 158 59 trinitate
1639 1896 109 59 persona

1229 1939 114 65 rum.
1300 1939 143 65 Queram
1400 1939 128 65 primo
1485 1939 86 65 de
1528 1939 157 65 vnitate
1628 1939 114 65 diuins

1230 1984 164 68 essentie.
1357 1984 76 68 Ad
1395 1984 114 68 cuius
1470 1984 177 68 euidentiam
1609 1984 76 68 et
1634 1984 114 68 propter

1022 2000 100 77 multa
1088 2000 89 77 quae
1144 2000 133 77 dicentur
1243 2000 100 77 etiam
1310 2000 66 77 in
1343 2000 89 77 isto
1398 2000 100 77 libro
1464 2000 66 77 et
1498 2000 66 77 in
1531 2000 111 77 libris
1597 2000 144 77 sequentibus

1018 2067 135 64 Queram
1113 2067 122 64 primo
1194 2067 81 64 de
1235 2067 149 64 vnitate
1343 2067 135 64 divine
1438 2067 162 64 essentie
1560 2067 81 64 ad
1587 2067 149 64 perfectio

1021 2111 95 62 nes
1076 2111 231 62 attributales.
1266 2111 150 62 secundo
1375 2111 82 62 de
1416 2111 190 62 identitate
1565 2111 82 62 et
1592 2111 150 62 diuersita

1013 2150 85 68 te
1055 2150 142 68 divine
1155 2150 171 68 essentie
1283 2150 85 68 ad
1326 2150 199 68 creaturas.
1483 2150 85 68 Et
1525 2150 142 68 tertio
1625 2150 85 68 de
1654 2150 85 68 vni-

1011 2201 107 62 tate
1078 2201 94 62 dei
1131 2201 67 62 ⁋
1158 2201 134 62 Circam
1251 2201 134 62 primum
1345 2201 134 62 quaero
1439 2201 134 62 primo.
1533 2201 120 62 Utrum
1613 2201 120 62 tanta
1693 2201 94 62 sit

1017 2238 161 71 identitas
1140 2238 124 71 divine
1227 2238 148 71 essentie
1338 2238 74 71 et
1375 2238 136 71 omnibus
1474 2238 111 71 modis
1548 2238 186 71 identitatis
1685 2238 49 71 ex

1009 2284 144 71 natura
1109 2284 101 71 rei
1167 2284 86 71 ad
1210 2284 230 71 perfectiones
1397 2284 230 71 attributales
1584 2284 86 71 et
1613 2284 129 71 ipsarum

1006 2331 193 60 perfectionum
1162 2331 205 60 attributalium
1331 2331 108 60 inter
1403 2331 72 60 se
1439 2331 120 60 qualis
1523 2331 84 60 est
1572 2331 120 60 divine
1644 2331 84 60 essen

1010 2365 88 82 tie
1061 2365 76 82 ad
1099 2365 139 82 divinam
1199 2365 164 82 esentiam.
1325 2365 63 82 ⁋
1351 2365 76 82 Et
1389 2365 139 82 videtur
1489 2365 101 82 quod
1552 2365 88 82 non
1603 2365 113 82 Primo
1678 2365 88 82 sic
1716 2365 38 82 a

1012 2411 219 74 contradictoria
1195 2411 195 74 verificantur
1353 2411 73 74 ex
1390 2411 122 74 natura
1475 2411 85 74 rei
1524 2411 73 74 de
1560 2411 122 74 divina
1634 2411 85 74 esset

996 2467 84 60 tia
1044 2467 72 60 et
1080 2467 72 60 de
1116 2467 216 60 perfectionibus
1296 2467 228 60 attributalibus.
1488 2467 96 60 ergo
1548 2467 84 60 non
1596 2467 96 60 sunt
1644 2467 72 60 idem

996 2507 127 63 omnibus
1089 2507 104 63 modis
1158 2507 69 63 ex
1193 2507 115 63 natura
1274 2507 92 63 rei.
1331 2507 150 63 Atecedens
1447 2507 115 63 patet.
1528 2507 92 63 quia
1585 2507 81 63 hoc
1632 2507 81 63 est
1666 2507 58 63 ve-

996 2553 108 60 ra.
1057 2553 246 60 perfectiones
1257 2553 246 60 attributales
1457 2553 262 60 demonstrantur
1657 2553 62 60 de

1004 2593 132 56 diuina
1096 2593 172 56 essentia.
1228 2593 79 56 et
1268 2593 92 56 hec
1321 2593 92 56 est
1374 2593 119 56 vera.
1453 2593 132 56 diuina
1545 2593 158 56 essentia
1651 2593 66 56 non

999 2628 184 88 demonstratur
1149 2628 69 88 de
1184 2628 115 88 divina
1264 2628 150 88 essentia.
1380 2628 92 88 ergo
1437 2628 92 88 etc.
1495 2628 58 88 ⁋
1518 2628 138 88 Preterea
1610 2628 115 88 essentia
