2313 3172
584 271 141 86 biuina
682 271 98 86 est
739 271 211 86 fundamentum
907 271 141 86 omnium
1006 271 225 86 perfectionum
1174 271 127 86 attribu

575 342 138 49 talium.
676 342 113 49 nulla
751 342 113 49 autem
827 342 163 49 perfectio
953 342 201 49 attributalis
1116 342 88 49 est
1154 342 138 49 fundamen-

575 381 89 56 tum
626 381 127 56 omnium
715 381 204 56 perfectionum
881 381 229 56 attributalium.
1072 381 102 56 quia
1136 381 89 56 non
1174 381 102 56 suiipi

570 419 102 73 ergo
634 419 102 73 etc.
698 419 64 73 ⁋
724 419 77 73 Ad
762 419 166 73 oppositum
890 419 89 73 est
941 419 153 73 Anselmus
1056 419 77 73 in
1094 419 115 73 mono.
1171 419 77 73 c.
1197 419 89 73 xvii.

571 473 207 61 Quemadmodum
737 473 138 61 itaque
833 473 110 61 vnum
902 473 97 61 est
958 473 152 61 quicqud
1068 473 221 61 esentialiter
1234 473 55 61 de

570 510 94 69 summa
632 510 147 69 substantia
748 510 126 69 dicitur.
842 510 73 69 ita
884 510 73 69 vno
926 510 84 69 modo
979 510 73 69 vna
1021 510 189 69 consideratione
1178 510 84 69 est.
1220 510 63 69 quid

569 554 90 64 quid
625 554 79 64 est
670 554 203 64 essentialiter.
839 554 90 64 ergo
895 554 135 64 essentia
997 554 113 64 divina
1075 554 101 64 nullo
1143 554 90 64 modo
1188 554 90 64 disti-

559 597 135 64 guitur
654 597 81 64 ex
695 597 135 64 natura
790 597 95 64 rei
844 597 68 64 a
871 597 244 64 perfectionibus
1060 597 217 64 attributalibus

580 646 56 64 ⁋
602 646 67 64 Ad
636 646 112 64 quonem
714 646 135 64 dicitur.
815 646 90 64 quod
871 646 101 64 inter
939 646 123 64 diuinam
1028 646 135 64 esentiam
1129 646 67 64 et
1163 646 101 64 inter
1219 646 56 64 per

560 683 144 69 fectiones
671 683 178 69 attributales
815 683 78 69 non
860 683 78 69 est
904 683 111 69 tantum
982 683 167 69 differentia
1115 683 144 69 rationis.
1215 683 56 69 hoc

555 730 94 70 est
608 730 148 70 modorum
716 730 215 70 considerandi
890 730 107 70 idem
958 730 161 70 obiectum
1078 730 161 70 formale.
1186 730 94 70 talis

562 778 173 65 distinctio
697 778 86 65 est
747 778 111 65 inter
821 778 136 65 sapiens
919 778 74 65 et
956 778 185 65 sapientiam.
1104 778 74 65 et
1141 778 123 65 vtique
1215 778 62 65 ma-

552 817 82 71 ior
599 817 105 71 inter
669 817 164 71 sapientiam
798 817 70 71 et
833 817 164 71 veritatem.
962 817 82 71 Nec
1009 817 82 71 est
1055 817 82 71 ibi
1102 817 117 71 tantum
1172 817 94 71 distin

541 875 107 49 ctio
607 875 187 49 obiectorum
754 875 174 49 formalium
888 875 80 49 in
928 875 200 49 intellectu.
1088 875 107 49 quia
1155 875 107 49 ista
1209 875 53 49 ni

541 906 103 63 quam
606 906 90 63 est
657 906 77 63 in
696 906 181 63 cognitione
838 906 168 63 intuitiua
967 906 103 63 nisi
1032 906 90 63 sit
1083 906 77 63 in
1122 906 142 63 obiecto
1212 906 52 63 in

551 960 151 58 tuitiue
661 960 164 58 cognito.
784 960 96 58 sed
839 960 96 58 est
894 960 96 58 ibi
949 960 137 58 tertia
1045 960 192 58 distinctio
1182 960 82 58 pri-

557 1001 112 66 cedens
635 1001 167 66 intellectum
769 1001 89 66 omni
825 1001 100 66 modo.
892 1001 67 66 et
925 1001 78 66 est
970 1001 89 66 ista
1026 1001 89 66 quod
1081 1001 145 66 sapientia
1193 1001 78 66 est
1226 1001 45 66 in

545 1041 83 68 re
587 1041 83 68 et
628 1041 83 68 ex
670 1041 138 68 natura
767 1041 111 68 rei.
836 1041 83 68 et
877 1041 152 68 bonitas
988 1041 97 68 est
1044 1041 111 68 inre
1113 1041 83 68 et
1154 1041 83 68 ex
1182 1041 83 68 natu

543 1091 74 59 ra
580 1091 98 59 rei.
641 1091 147 59 Sapintia
751 1091 110 59 autem
825 1091 74 59 in
861 1091 74 59 re
898 1091 172 59 formaliter
1033 1091 86 59 non
1082 1091 86 59 est
1131 1091 135 59 bonitas
1217 1091 49 59 in

544 1135 73 57 re
580 1135 61 57 ⁋
605 1135 98 57 Quod
666 1135 159 57 probatur.
789 1135 98 57 quia
850 1135 73 57 si
887 1135 147 57 infinita
997 1135 159 57 sapientia
1119 1135 110 57 esset
1180 1135 86 57 forma

544 1169 105 67 liter
614 1169 139 67 infinita
719 1169 139 67 bonitas.
823 1169 151 67 sapientia
940 1169 70 67 in
974 1169 128 67 communi
1067 1169 105 67 esset
1126 1169 139 67 formaliter

554 1216 114 69 bonitas
636 1216 62 69 in
667 1216 124 69 communi.
760 1216 93 69 tabet
822 1216 176 69 consequentia.
967 1216 83 69 quia
1018 1216 134 69 infinitas
1122 1216 72 69 non
1153 1216 103 69 destruit

536 1255 143 73 rationem
643 1255 143 73 formalem
750 1255 119 73 illius
833 1255 83 73 cui
881 1255 143 73 additur.
988 1255 95 73 quia
1047 1255 71 73 in
1083 1255 154 73 quocumque
1190 1255 71 73 ergo

531 1306 64 65 du
563 1306 171 65 intelligitur
702 1306 85 65 esse
755 1306 107 65 aliqua
830 1306 149 65 perfectio.
947 1306 85 65 quia
1000 1306 96 65 tamen
1064 1306 75 65 est
1107 1306 107 65 gradus
1171 1306 96 65 illius-

531 1352 205 61 perfectionis.
700 1352 84 61 non
748 1352 193 61 intelligitur
905 1352 133 61 destrui
1001 1352 108 61 ratio
1073 1352 145 61 formalis
1170 1352 96 61 illius

542 1396 181 68 perfectionis
688 1396 124 68 propter
779 1396 102 68 istum
847 1396 124 68 gradum.
937 1396 68 68 et
971 1396 79 68 ita
1016 1396 68 68 si
1050 1396 79 68 non
1095 1396 135 68 includit
1185 1396 68 68 for-

541 1442 135 58 maliter
639 1442 74 58 vt
676 1442 74 58 in
713 1442 148 58 communi.
824 1442 86 58 nec
873 1442 74 58 vt
910 1442 172 58 infinitum.
1046 1442 62 58 ⁋
1070 1442 86 58 hoc
1107 1442 148 58 declaratur

536 1484 95 64 qui
591 1484 176 64 includere
726 1484 203 64 formaliter.
888 1484 95 64 est
943 1484 176 64 includere
1078 1484 122 64 aliud
1159 1484 81 64 in
1186 1484 68 64 sua

527 1526 118 74 ratione
613 1526 160 74 essentiali.
741 1526 75 74 ita
784 1526 86 74 quod
838 1526 64 74 si
870 1526 139 74 diffinito
977 1526 160 74 includenter
1094 1526 150 74 assignfiretr

522 1566 147 73 inclusum
632 1566 110 73 esset
705 1566 171 73 diffinitio
840 1566 86 73 vel
889 1566 98 73 pars
950 1566 220 73 diffinitionis.
1134 1566 86 73 sic
1170 1566 86 73 autem

526 1613 158 61 diffinitio
650 1613 147 61 bonitatis
763 1613 68 61 in
797 1613 124 61 communi
888 1613 79 61 non
933 1613 102 61 habet
1001 1613 68 61 in
1035 1613 68 61 se
1069 1613 170 61 sapientiam.
1193 1613 57 61 ita

524 1663 86 64 nec
573 1663 147 64 infinite
683 1663 172 64 infinitam.
818 1663 86 64 Est
867 1663 98 64 ergo
928 1663 123 64 aliqua
1014 1663 86 64 non
1063 1663 159 64 identitas
1173 1663 74 64 for-

519 1702 114 65 malis
595 1702 114 65 inter
672 1702 178 65 sapientiam
811 1702 76 65 et
849 1702 178 65 bonitatem.
989 1702 165 65 inquantum
1116 1702 127 65 essent
1192 1702 51 65 ea

517 1747 95 59 rum
572 1747 231 59 diffinitiones
762 1747 217 59 distinguende
938 1747 81 59 si
979 1747 136 59 essent
1060 1747 190 59 diffinibiles

528 1782 174 76 Diffinitio
664 1782 112 76 autem
739 1782 87 76 non
789 1782 124 76 tantum
876 1782 137 76 indicat
975 1782 149 76 rationem
1087 1782 149 76 causatam
1186 1782 50 76 ab

504 1831 206 67 intellectu.
669 1831 96 67 sed
724 1831 206 67 quidditatem
888 1831 110 67 rei.
957 1831 96 67 est
1012 1831 110 67 ergo
1080 1831 96 67 non
1122 1831 123 67 identi-

512 1876 89 63 tas
563 1876 153 63 formalis
678 1876 77 63 ex
717 1876 115 63 parte
793 1876 102 63 rei.
857 1876 77 63 Et
896 1876 179 63 intelligut
1036 1876 89 63 sic
1087 1876 102 63 quod
1139 1876 89 63 intel

518 1914 122 61 lectus
603 1914 159 61 componens
726 1914 122 61 istam.
812 1914 159 61 sapientia
934 1914 86 61 non
983 1914 86 61 est
1032 1914 171 61 formaliter
1154 1914 86 61 boni-

515 1963 83 69 tas
563 1963 83 69 non
610 1963 119 69 causat
694 1963 95 69 actu
753 1963 155 69 collatiuo
873 1963 155 69 veritatem
992 1963 119 69 illius
1063 1963 179 69 compositionis

508 2001 101 72 sed
565 2001 86 72 in
608 2001 158 72 obiecto
723 2001 158 72 inuenit
839 2001 173 72 extrema.
968 2001 86 72 ex
1011 2001 144 72 quorum
1098 2001 129 72 compone

507 2049 100 71 fit
564 2049 129 71 actus
650 2049 143 71 verus.
750 2049 72 71 ⁋
779 2049 86 71 Et
821 2049 114 71 idem
893 2049 200 71 argumentum
1050 2049 86 71 de
1079 2049 143 71 noidenti

504 2098 123 67 tate
580 2098 169 67 formali
703 2098 184 67 dixerunt
842 2098 138 67 antid
934 2098 200 67 doctores.
1072 2098 154 67 ponentes

502 2136 71 72 in
538 2136 130 72 divinis
633 2136 95 72 esse
692 2136 130 72 aliquam
787 2136 213 72 praedicationem
964 2136 107 72 veram
1035 2136 83 72 per
1071 2136 154 72 identitatem

511 2186 68 68 vt
545 2186 147 68 veritatem
657 2186 90 68 esse
714 2186 158 68 bonitatem.
838 2186 79 68 non
883 2186 101 68 tamen
950 2186 135 68 veritate
1052 2186 90 68 esse
1097 2186 124 68 bonitatem

504 2222 177 77 formaliter
644 2222 63 77 ⁋
669 2222 114 77 Istam
745 2222 266 77 opinioconfirmatur
973 2222 190 77 auctoritate
1112 2222 114 77 damasce

498 2271 80 75 ni.
543 2271 69 75 c.
578 2271 91 75 iiii
635 2271 69 75 li
669 2271 69 75 id
703 2271 80 75 est
749 2271 80 75 vbi
795 2271 91 75 vult
852 2271 91 75 quod
909 2271 103 75 inter
978 2271 103 75 omnia
1046 2271 114 75 nomina
1126 2271 103 75 dicta
1183 2271 46 75 de

495 2312 86 84 deo
544 2312 209 84 propriissimum
716 2312 98 84 est.
777 2312 86 84 qui
827 2312 98 84 est.
888 2312 98 84 quia
950 2312 98 84 esse
1011 2312 111 84 dicit
1085 2312 135 84 quoddam
1171 2312 49 84 pe

498 2357 103 69 lagus
566 2357 138 69 infinite
670 2357 172 69 substantia.
807 2357 115 69 cetera
888 2357 103 69 autem
957 2357 69 69 vt
991 2357 115 69 dicit.
1071 2357 69 69 c.
1106 2357 103 69 iiii.
1163 2357 46 69 di

498 2406 89 68 cut
549 2406 101 68 illa
612 2406 101 68 quae
676 2406 190 68 circumstant
828 2406 152 68 naturam.
942 2406 114 68 Illud
1018 2406 89 68 non
1069 2406 114 68 esset
1132 2406 76 68 nis-

500 2445 108 72 esset
572 2445 119 72 aliqua
655 2445 167 72 distinctio
787 2445 72 72 ex
823 2445 108 72 parte
894 2445 96 72 rei.
954 2445 84 72 non
1002 2445 96 72 enim
1062 2445 84 72 est
1097 2445 108 72 pelagus

494 2489 130 78 infinite
592 2489 151 78 substantia
711 2489 119 78 propter
797 2489 76 78 hoc
840 2489 87 78 quod
894 2489 97 78 multe
959 2489 151 78 relationes
1078 2489 130 78 rationis
1165 2489 54 78 pos

499 2530 99 78 sunt
561 2530 136 78 causari
660 2530 111 78 circa
734 2530 124 78 ipsum.
820 2530 87 78 ita
870 2530 99 78 enim
932 2530 87 78 per
981 2530 111 78 actum
1043 2530 161 78 intellectus

483 2579 167 71 possunt
604 2579 167 71 causari
725 2579 136 71 circa
816 2579 212 71 quodlibet.
983 2579 76 71 ⁋
998 2579 212 71 Confirmatur.

482 2628 81 76 per
529 2628 162 76 Agustinum.
656 2628 104 76 viii.
725 2628 69 76 de
760 2628 93 76 tri.
818 2628 69 76 c.
853 2628 81 76 ii.
899 2628 81 76 vbi
945 2628 116 76 probat
1026 2628 93 76 quod
1084 2628 69 76 in
1107 2628 104 76 divinis

482 2674 89 70 non
533 2674 89 70 est
584 2674 140 70 aliquid
686 2674 115 70 maius
762 2674 89 70 due
813 2674 140 70 persone
915 2674 102 70 quod
979 2674 102 70 vna.
1042 2674 102 70 quia
1106 2674 89 70 non
1144 2674 64 70 ali

1390 300 90 92 quid
1446 300 124 92 verius.
1536 300 90 92 quae
1593 300 102 92 ratio
1660 300 79 92 non
1706 300 124 92 valeret
1796 300 68 92 si
1830 300 102 92 tamen
1897 300 102 92 esset
1954 300 135 92 distinctio

1386 363 146 76 rationis
1495 363 109 76 inter
1568 363 158 76 veritatem
1689 363 170 76 sapientiam
1823 363 73 76 et
1859 363 206 76 magnitudinem.
2017 363 73 76 quia

1378 403 85 81 non
1426 403 134 81 videtur
1524 403 109 81 aliud
1596 403 170 81 argumentum
1730 403 97 81 quam
1791 403 73 81 si
1827 403 170 81 probaretur
1948 403 134 81 sapientia

1377 445 105 84 ergo
1443 445 145 84 sapiens
1548 445 79 84 et
1588 445 171 84 econuerso
1720 445 66 84 ⁋
1746 445 79 84 Ad
1786 445 105 84 quid
1851 445 119 84 etiam
1931 445 158 84 doctores
2049 445 92 84 qui
2089 445 92 84 Seio.

1381 500 128 64 tenet
1466 500 185 64 oppositam
1608 500 185 64 opinionem
1751 500 185 64 implerent
1893 500 100 64 tot
1936 500 156 64 quaternos

1375 546 177 60 ostendendo
1515 546 101 60 vnum
1578 546 177 60 attributum
1717 546 76 60 ex
1756 546 114 60 alio.
1832 546 76 60 si
1870 546 89 60 non
1920 546 89 60 est
1971 546 114 60 inter
2034 546 51 60 ea

1380 588 97 68 nisi
1441 588 170 68 tamtummodo
1574 588 146 68 diuersus
1684 588 158 68 respectus
1805 588 158 68 rationis:
1927 588 85 68 Sic
1976 588 97 68 enim
2024 588 49 68 et

1379 626 152 79 perfecte
1493 626 215 79 cognosceretur
1671 626 101 79 deus
1734 626 139 79 quantum
1836 626 76 79 ad
1874 626 114 79 omnem
1937 626 152 79 conceptum-

1379 672 129 75 realem
1470 672 90 75 cum
1521 672 194 75 cognoscitur
1676 672 90 75 sub
1728 672 90 75 vno
1780 672 181 75 attributo.
1922 672 116 75 sicut
2000 672 78 75 si
2025 672 65 75 co-

1375 713 188 77 gnosceretur
1526 713 88 77 sub
1576 713 138 77 ratione
1677 713 126 77 omnium
1765 713 213 77 attributorum.
1940 713 100 77 quia
1991 713 100 77 cogni-

1363 766 91 69 tio
1415 766 142 69 plurium
1518 766 181 69 relationum
1661 766 155 69 rationis
1777 766 91 69 non
1829 766 117 69 facit
1894 766 181 69 perfectiorem

1376 807 209 81 cognitionem.
1546 807 92 81 nec
1598 807 144 81 aliquid
1703 807 118 81 facut
1781 807 78 81 ad
1820 807 209 81 perfectiorem
1977 807 105 81 cogni-

1358 854 127 70 tionem
1447 854 127 70 realem
1537 854 153 70 habendam
1651 854 76 70 de
1689 854 140 70 aliquo.
1791 854 166 70 Similiter
1918 854 115 70 iuxta
1982 854 102 70 auctem

1363 895 123 75 dama.
1445 895 192 75 praedictam
1596 895 82 75 ad
1637 895 109 75 quid
1705 895 178 75 assignant
1842 895 151 75 ordinem
1938 895 137 75 attribu-

1361 933 108 72 torum
1433 933 108 72 quasi
1505 933 144 72 essentia
1613 933 84 72 sit
1661 933 192 72 fundamentum.
1816 933 72 72 et
1852 933 120 72 quadam
1936 933 96 72 sint
1984 933 96 72 propi-

1368 978 122 72 quaiora
1457 978 144 72 essentie.
1567 978 66 72 et
1601 978 111 72 quadam
1678 978 166 72 propinquora
1811 978 188 72 emanationibus
1966 978 66 72 si
1988 978 89 72 tantum

1362 1022 93 82 sint
1421 1022 163 82 relationes
1549 1022 152 82 rationis:
1666 1022 58 82 ⁋
1689 1022 152 82 Similiter
1806 1022 93 82 aug.
1864 1022 117 82 contra
1946 1022 140 82 maximum.
2039 1022 47 82 Si

1359 1077 129 70 potens
1450 1077 103 70 deum
1514 1077 129 70 patrem
1605 1077 194 70 intelligere
1760 1077 181 70 simplicem.
1902 1077 78 70 et
1941 1077 116 70 tamen
2005 1077 65 70 sap

1353 1123 123 62 entem
1435 1123 82 62 et
1476 1123 136 62 bonum.
1572 1123 82 62 et
1612 1123 177 62 annumerat
1749 1123 95 62 ibi
1803 1123 136 62 multas
1885 1123 191 62 perfectiones

1359 1163 117 76 tales.
1441 1163 175 76 quantomagis
1581 1163 93 76 vnus
1639 1163 93 76 deus
1697 1163 117 76 potest
1779 1163 93 76 esse
1837 1163 128 76 simplex
1930 1163 70 76 et
1965 1163 105 76 tamen
2024 1163 58 76 tri

1362 1208 128 73 nitas.
1452 1208 90 73 ita
1503 1208 102 73 quod
1567 1208 102 73 tres
1631 1208 141 73 persone
1733 1208 90 73 non
1785 1208 102 73 sunt
1849 1208 128 73 partes
1938 1208 115 73 vnius
2002 1208 77 73 dei.

1352 1242 128 77 Arguit
1442 1242 128 77 etiam.
1531 1242 77 77 Si
1570 1242 166 77 intelligi
1697 1242 102 77 sine
1761 1242 205 77 compositione
1927 1242 77 77 et
1953 1242 115 77 partia-

1346 1286 125 74 litate
1434 1286 138 74 possunt
1535 1286 113 74 multe
1610 1286 201 74 perfectiones
1773 1286 201 74 simpliciter.
1923 1286 151 74 multomagis

1358 1334 115 80 possunt
1441 1334 83 80 esse
1493 1334 83 80 tres
1545 1334 115 80 persone
1628 1334 63 80 in
1660 1334 146 80 divinitate
1774 1334 83 80 sine
1826 1334 167 80 compositione
1962 1334 63 80 et
1983 1334 83 80 parti-

1346 1383 154 72 alitate.
1462 1383 103 72 Quod
1526 1383 180 72 argumentum
1667 1383 116 72 esset
1744 1383 116 72 istud
1821 1383 77 72 si
1860 1383 167 72 attributa
1975 1383 103 72 tantum

1344 1422 174 71 differrent
1480 1422 162 71 relatione
1605 1422 162 71 rationis.
1729 1422 75 71 et
1766 1422 137 71 persone
1854 1422 211 71 distinguerentur

1351 1466 146 75 realiter:
1463 1466 79 75 Non
1508 1466 67 75 ei
1542 1466 169 75 sequeretur.
1677 1466 67 75 si
1710 1466 157 75 relationes
1834 1466 135 75 rationis
1935 1466 79 75 non
1969 1466 101 75 faciunt

1349 1512 190 72 compositionem
1505 1512 67 72 in
1539 1512 123 72 aliquo.
1628 1512 89 72 ergo
1684 1512 78 72 nec
1729 1512 156 72 relationes
1852 1512 123 72 reales.
1941 1512 56 72 ⁋
1952 1512 123 72 Similiter

1343 1550 95 74 aug.
1402 1550 107 74 patet
1474 1550 71 74 de
1509 1550 95 74 tri.
1569 1550 71 74 c.
1604 1550 59 74 i
1628 1550 107 74 dicit
1699 1550 107 74 omnia
1770 1550 95 74 ista
1830 1550 95 74 esse
1889 1550 142 74 equalia.
1984 1550 83 74 nihil

1340 1607 108 72 autem
1412 1607 132 72 proprie
1508 1607 84 72 est
1557 1607 96 72 sibi
1617 1607 120 72 equale
1701 1607 96 72 Quid
1761 1607 96 72 enim
1821 1607 84 72 est
1869 1607 120 72 dicere
1954 1607 96 72 quod
2002 1607 72 72 ali-

1334 1644 105 79 quid
1400 1644 92 79 sub
1452 1644 92 79 vna
1505 1644 171 79 relatione
1636 1644 158 79 sibiipsi
1755 1644 92 79 est
1807 1644 131 79 equale
1899 1644 92 79 sub
1952 1644 105 79 alia
2004 1644 66 79 re-

1341 1682 116 74 latione
1426 1682 137 74 rationis:
1532 1682 53 74 ⁋
1553 1682 85 74 Ista
1606 1682 116 74 opinion
1690 1682 127 74 probatur
1785 1682 190 74 multipliciter.
1944 1682 106 74 Primo.
2007 1682 53 74 sic

1332 1735 156 67 distintio
1452 1735 180 67 emanationum
1596 1735 156 67 divinarum
1717 1735 144 67 neccesse
1825 1735 192 67 praesupponit
1969 1735 96 67 disti-

1335 1781 135 67 ctionem
1433 1781 196 67 principiorum
1592 1781 208 67 elicitiuorum.
1763 1781 86 67 sed
1812 1781 86 67 non
1861 1781 208 67 praesupponunt
2020 1781 49 67 di

1338 1815 179 86 stinctionem
1481 1815 155 86 rationis.
1601 1815 96 86 ergo
1661 1815 155 86 principia
1780 1815 155 86 elicitiua
1888 1815 179 86 distinguuntur

1326 1860 74 84 ex
1363 1860 87 84 nam
1412 1860 99 84 rei.
1474 1860 62 84 ⁋
1499 1860 149 84 Preterea
1611 1860 74 84 si
1648 1860 99 84 illa
1710 1860 173 84 distinctio
1846 1860 74 84 ex
1883 1860 87 84 nam
1933 1860 87 84 rei
1970 1860 99 84 praece

1319 1907 90 79 dit
1371 1907 219 79 distinctionem
1551 1907 193 79 emanationum
1705 1907 193 79 personarum.
1859 1907 103 79 ergo
1924 1907 90 79 non
1975 1907 90 79 est
2014 1907 64 79 vna

1331 1951 153 78 producto
1446 1951 77 78 in
1485 1951 141 78 divinis
1587 1951 90 78 per
1638 1951 115 78 modum
1715 1951 192 78 intellectus
1868 1951 141 78 factiue
1971 1951 77 78 et
1996 1951 77 78 alia

1331 1998 82 75 per
1378 1998 106 75 modum
1449 1998 176 75 libertatis.
1590 1998 94 75 quia
1649 1998 118 75 nullum
1731 1998 165 75 principium
1860 1998 153 75 praecedit
1978 1998 94 75 quod
2025 1998 47 75 ex

1320 2028 69 88 le
1355 2028 116 88 aliter
1436 2028 69 88 se
1471 2028 116 88 habeat
1552 2028 69 88 ad
1586 2028 92 88 hanc
1644 2028 185 88 productionem
1794 2028 92 88 quam
1852 2028 69 88 ad
1887 2028 116 88 illam.
1968 2028 69 88 et
1991 2028 69 88 iste

1322 2079 202 83 productiones
1487 2079 76 83 in
1525 2079 127 83 quibus
1613 2079 89 83 est
1664 2079 114 83 prima
1740 2079 177 83 distinctio
1879 2079 127 83 omnino
1955 2079 114 83 vnifor-

1326 2132 87 71 mes
1375 2132 74 71 st
1412 2132 74 71 in
1449 2132 161 71 namlitate
1573 2132 74 71 vt
1610 2132 87 71 iam
1659 2132 124 71 posite
1746 2132 74 71 st
1783 2132 74 71 in
1820 2132 99 71 esse
1882 2132 62 71 ⁋
1907 2132 148 71 Preterea
2006 2132 49 71 an

1319 2168 115 81 gnitur
1399 2168 92 81 sic.
1456 2168 137 81 quicquid
1559 2168 92 81 vnum
1616 2168 69 81 et
1651 2168 92 81 idem
1708 2168 160 81 formaliter
1834 2168 92 81 ests
1891 2168 80 81 est
1926 2168 137 81 principium

1308 2217 203 76 producendi
1467 2217 130 76 plura
1554 2217 188 76 supposita
1699 2217 261 76 eiusdemnature.
1916 2217 130 76 ipsum
1989 2217 72 76 non

1309 2261 210 72 determinatur
1480 2261 79 72 ex
1519 2261 79 72 se
1559 2261 79 72 ad
1598 2261 131 72 certam
1690 2261 210 72 pluralitatem
1848 2261 210 72 producendorum.

1315 2298 91 80 hoc
1367 2298 117 80 patet
1445 2298 169 80 inductiue
1574 2298 91 80 tam
1626 2298 78 80 in
1665 2298 130 80 agente
1756 2298 156 80 equiuoco
1873 2298 104 80 quam
1937 2298 117 80 vniuo
2002 2298 52 80 co

1304 2340 87 82 ergo
1359 2340 65 82 si
1391 2340 131 82 essentia
1490 2340 109 82 divina
1566 2340 98 82 prout
1631 2340 76 82 est
1675 2340 164 82 intellectus
1806 2340 65 82 et
1839 2340 131 82 voluntas
1937 2340 76 82 est
1981 2340 87 82 vnus
2024 2340 33 82 a

1298 2391 73 79 et
1334 2391 110 79 eadem
1408 2391 183 79 formaliter.
1554 2391 73 79 et
1591 2391 85 79 est
1639 2391 171 79 principium
1773 2391 171 79 producendi
1908 2391 110 79 plura
1969 2391 85 79 supr-

1308 2435 124 75 posita
1394 2435 74 75 in
1432 2435 87 75 nam
1481 2435 136 75 divina.
1580 2435 99 75 ipsa
1642 2435 87 75 non
1692 2435 198 75 determinatur
1853 2435 74 75 ex
1890 2435 74 75 se
1927 2435 74 75 ad
1952 2435 99 75 certam

1310 2479 202 72 plilralitatem
1477 2479 214 72 producendorum.
1655 2479 155 72 Assumptum
1774 2479 119 72 patet.
1858 2479 95 72 quia
1917 2479 71 72 si
1953 2479 131 72 aliquid

1309 2525 116 74 vnum
1381 2525 87 74 et
1424 2525 116 74 idem
1497 2525 174 74 formalis
1627 2525 130 74 exnes
1713 2525 101 74 sit
1771 2525 174 74 pricipum
1887 2525 159 74 producedi

1301 2567 142 75 plura
1396 2567 206 75 supposita
1554 2567 142 75 vnius
1649 2567 174 75 nature.
1775 2567 158 75 virtus
1886 2567 111 75 sua
1934 2567 126 75 produ-

1291 2618 117 76 ctiua
1369 2618 91 76 non
1421 2618 91 76 est
1473 2618 156 76 adequata
1590 2618 91 76 per
1642 2618 104 76 vnam
1707 2618 208 76 productionem
1876 2618 91 76 nec
1928 2618 91 76 per
1967 2618 91 76 vnium

1286 2664 211 62 productiuum.
1457 2664 106 62 quia
1523 2664 185 62 principium
1668 2664 198 62 productiuum
1827 2664 106 62 quod
1893 2664 92 62 est
1945 2664 106 62 vnum
1998 2664 66 62 for

1300 2704 135 75 maliter.
1401 2704 67 75 si
1435 2704 112 75 habeat
1513 2704 90 75 vnam
1569 2704 180 75 productionem
1715 2704 146 75 adequatam
1827 2704 79 75 non
1872 2704 112 75 potest
1951 2704 101 75 simul
2007 2704 45 75 in
