2202 3079
247 196 186 67 Auicenne.
390 196 129 67 eadem
475 196 243 67 intelligentia
675 196 100 67 est
732 196 200 67 principium
875 196 86 67 imme

238 261 122 46 diate
320 261 190 46 producendi
469 261 122 46 aliam
551 261 258 46 intelligentiam.
768 261 81 46 et
809 261 136 46 corpus
890 261 68 46 ce-

246 303 124 58 leste.
332 303 74 58 et
369 303 198 58 determinatur
530 303 74 58 ex
568 303 74 58 se
605 303 74 58 ad
642 303 124 58 certam
729 303 111 58 istam
791 303 173 58 pluralitatem

233 350 100 57 Ita
290 350 86 57 in
333 350 172 57 essentia
461 350 157 57 diuina.
576 350 129 57 vnica
662 350 172 57 existens
790 350 100 57 est
833 350 129 57 princi-

250 398 94 47 dium
309 398 164 47 producendi
438 398 117 47 filium
520 398 70 47 et
556 398 211 47 spimtsctantum.
732 398 70 47 et
767 398 70 47 ex
802 398 70 47 se
826 398 129 47 detminatu

245 441 76 51 ad
283 441 114 51 istam
359 441 215 51 pluralitatem.
536 441 63 51 â‹
561 441 76 51 Ad
599 441 189 51 probationem
750 441 126 51 quando
826 441 139 51 accipitur

242 484 106 56 quod
308 484 120 56 talis
388 484 173 56 principii
521 484 106 56 vtus
588 484 186 56 productiua
734 484 93 56 non
787 484 93 56 est
827 484 133 56 adequata

228 531 84 54 per
276 531 96 54 vnam
336 531 191 54 productionem
491 531 84 54 nec
539 531 84 54 per
587 531 96 54 vnum
647 531 168 54 productum.
779 531 96 54 Dico
838 531 96 54 quod
886 531 72 54 ver-

229 577 110 49 tutem
302 577 184 49 productiuam
450 577 147 49 adequari
560 577 86 49 per
609 577 135 49 aliquam
707 577 196 49 productionem
855 577 98 49 potest

240 615 160 51 intelligi
363 615 221 51 multipliciter.
547 615 86 51 Uno
596 615 98 51 modo
658 615 98 51 quod
719 615 160 51 productum
842 615 98 51 sibi
892 615 61 51 ade

238 662 113 51 quatur
317 662 135 51 secundum
418 662 191 51 perfectionem.
575 662 79 51 ita
620 662 90 51 quod
677 662 79 51 sit
722 662 90 51 eque
778 662 158 51 perfectum.
890 662 68 51 Alio

225 708 101 53 modo
289 708 101 53 quod
352 708 165 53 productum
479 708 89 53 sit
529 708 228 53 perfectissimum
719 708 165 53 productum
846 708 76 53 in
871 708 76 53 quod

232 750 117 53 potest.
317 750 64 53 Et
349 750 74 53 hoc
391 750 106 53 potest
466 750 138 53 intelligi
572 750 159 53 dupliciter.
699 750 74 53 vel
741 750 138 53 positiue.
848 750 85 53 quia
890 750 53 53 est

227 794 182 53 perfectius
370 794 104 53 omni
435 794 117 53 alio.
513 794 91 53 vel
565 794 169 53 negatiue.
695 794 104 53 quia
760 794 117 53 nihil
838 794 91 53 est
877 794 78 53 illo

219 839 197 58 perfectius
374 839 211 58 producibile
543 839 85 58 ab
585 839 113 58 illo
656 839 197 58 principio.
811 839 113 58 Alio
867 839 85 58 modo

225 883 141 51 accipitur:
336 883 81 51 quod
386 883 141 51 producatur
498 883 121 51 secundum
588 883 91 51 totam
649 883 131 51 virtutem.
750 883 61 51 et
780 883 121 51 secundum
861 883 91 51 vltimum

217 927 171 57 potentie
345 927 86 57 et
388 927 114 57 toto
459 927 171 57 conamine
588 927 143 57 illius
687 927 200 57 virtutuis.
830 927 114 57 Quarto

229 977 96 52 modo
289 977 120 52 potest
373 977 156 52 intelligi
492 977 96 52 ista
552 977 168 52 adequatio.
684 977 108 52 quasi
756 977 168 52 extensiua.
875 977 72 52 quia

216 1017 122 54 potest
301 1017 73 54 in
338 1017 110 54 istam
411 1017 196 54 productionem
570 1017 73 54 et
607 1017 73 54 in
643 1017 122 54 nullam
729 1017 122 54 aliam.
815 1017 110 54 Primo
876 1017 73 54 modo

218 1063 108 50 dico
285 1063 108 50 quod
352 1063 121 50 talis
433 1063 135 50 virtus
527 1063 188 50 productiua
675 1063 135 50 potest
769 1063 161 50 adequari
877 1063 67 50 per

219 1103 134 53 primam
313 1103 215 53 productione.
487 1103 107 53 quia
554 1103 134 53 primum
648 1103 175 53 productum
783 1103 134 53 potest
863 1103 81 53 esse

215 1151 140 55 equale
313 1151 112 55 sibi
383 1151 84 55 in
424 1151 223 55 perfectione.
606 1151 84 55 Et
648 1151 140 55 quando
746 1151 168 55 dicitur.
857 1151 84 55 ergo

222 1193 92 52 non
274 1193 131 52 potest
366 1193 79 52 in
406 1193 118 52 aliam
484 1193 105 52 eque
550 1193 184 52 perfectam.
695 1193 105 52 nego
747 1193 197 52 consequentiam

235 1237 139 58 Ponatur
336 1237 101 58 enim
399 1237 101 58 quod
462 1237 88 58 sit
513 1237 139 58 aliquis
613 1237 113 58 calor
689 1237 88 58 qui
739 1237 76 58 in
777 1237 126 58 aliquo
853 1237 88 58 passo

230 1269 131 64 possit
322 1269 171 64 producere
453 1269 197 64 caliditatem
611 1269 105 64 sibi
677 1269 145 64 equalem
782 1269 66 64 â‹
808 1269 105 64 Iste
861 1269 92 64 calor

217 1323 110 53 simul
290 1323 73 53 et
327 1323 110 53 semel
400 1323 73 53 in
437 1323 98 53 alio
498 1323 110 53 passo
571 1323 159 53 equaliter
694 1323 171 53 disposito.
828 1323 73 53 et
852 1323 86 53 equa-

201 1372 127 52 liter
286 1372 113 52 sibi
356 1372 226 52 approximato.
540 1372 169 52 producet
667 1372 127 52 alium
751 1372 155 52 calorem
850 1372 99 52 equa-

207 1410 82 50 lem
254 1410 93 50 sibi
312 1410 70 50 et
347 1410 93 50 alii
405 1410 128 50 calori.
498 1410 105 50 Cuius
568 1410 105 50 ratio
638 1410 93 50 est.
696 1410 93 50 quia
755 1410 116 50 virtus
825 1410 116 50 producti

211 1454 75 52 ua
248 1454 137 52 caloris
348 1454 87 52 per
398 1454 87 52 hoc
448 1454 100 52 quod
510 1454 150 52 producit
622 1454 112 52 istum
697 1454 137 52 calorem
797 1454 75 52 in
835 1454 112 52 nullo
897 1454 50 52 pe

204 1500 113 45 nitus
280 1500 164 45 impeditur
406 1500 63 45 a
431 1500 176 45 producendo
570 1500 113 45 alium
645 1500 139 45 calorem
746 1500 101 45 eque
796 1500 139 45 perfectum

205 1547 95 58 nisi
264 1547 107 58 forte
336 1547 83 58 per
383 1547 154 58 accidens.
501 1547 95 58 quia
561 1547 71 58 in
596 1547 119 58 agendo
679 1547 166 58 divinuitur
810 1547 59 58 a
833 1547 71 58 re
857 1547 83 58 agen-

208 1586 81 47 te.
255 1586 69 47 Et
289 1586 115 47 quando
370 1586 127 47 dicitur
462 1586 92 47 quod
520 1586 92 47 tale
578 1586 162 47 principium
705 1586 173 47 productiuum
832 1586 115 47 producit

213 1629 104 52 toto
278 1629 168 52 conamine.
407 1629 78 52 et
446 1629 155 52 secundum
563 1629 117 52 omnem
640 1629 129 52 gradum
731 1629 194 52 actiuitatis
873 1629 65 52 sue

199 1676 149 48 concedo
308 1676 109 48 quia
376 1676 122 48 calor
457 1676 190 48 producendo
607 1676 95 48 huc
661 1676 149 48 calorem
770 1676 163 48 producit
878 1676 68 48 to-

202 1720 84 51 to
244 1720 167 51 conamine
369 1720 84 51 et
411 1720 167 51 secundum
537 1720 125 51 omnem
620 1720 153 51 gradum.
732 1720 98 51 Sed
788 1720 84 51 ex
829 1720 98 51 hoc
871 1720 70 51 non

206 1761 145 50 sequitur.
317 1761 89 50 quod
373 1761 78 50 non
417 1761 111 50 potest
495 1761 100 50 alium
562 1761 89 50 eque
618 1761 145 50 perfectum
729 1761 156 50 producere.
852 1761 78 50 ita
885 1761 56 50 eti

205 1804 71 55 am
241 1804 83 55 sol
288 1804 142 55 secundum
395 1804 107 55 totum
466 1804 131 55 conamen
561 1804 107 55 suum.
632 1804 71 55 et
668 1804 142 55 secundum
775 1804 107 55 omnem
834 1804 95 55 gradum

202 1849 183 52 perfectionis
351 1849 92 52 sue:
408 1849 69 52 et
442 1849 138 52 secundum
545 1849 103 52 omnem
614 1849 115 52 gradum
694 1849 172 52 actiuitatis
832 1849 80 52 sue
866 1849 69 52 pro-

205 1896 106 51 ducit
276 1896 130 51 aliquid
371 1896 201 51 imperfectius.
536 1896 71 51 et
572 1896 106 51 tamen
643 1896 83 51 per
690 1896 118 51 eandem
773 1896 142 51 virtutem
867 1896 71 51 tota

193 1936 99 51 liter
259 1936 110 51 potest
336 1936 143 51 producere
446 1936 99 51 aliud
512 1936 77 51 non
556 1936 110 51 tantum
632 1936 99 51 equae
698 1936 154 51 perfectum.
819 1936 77 51 sed
852 1936 77 51 etiam

189 1991 136 52 aliquid
288 1991 112 52 multo
362 1991 186 52 perfectius.
511 1991 87 52 Ita
561 1991 99 52 dico
622 1991 74 52 in
660 1991 174 52 proposito.
796 1991 99 52 quod
846 1991 74 52 pati

188 2025 148 60 secundum
298 2025 111 60 omnem
372 2025 123 60 gradum
458 2025 197 60 perfectionis
618 2025 86 60 sue
668 2025 74 60 et
705 2025 98 60 toto
766 2025 135 60 conamie
852 2025 74 60 pro-

193 2068 103 54 ducit
261 2068 126 54 filium.
352 2068 68 54 et
387 2068 103 54 eadem
455 2068 126 54 virtute
546 2068 68 54 et
581 2068 171 54 perfectione
718 2068 137 54 producit
809 2068 114 54 spiritum

184 2108 150 54 sanctum
293 2108 109 54 eque
361 2108 191 54 perfectum.
511 2108 82 54 Et
552 2108 95 54 ita
607 2108 109 54 isto
675 2108 109 54 modo
729 2108 191 54 intelligendo

197 2156 216 46 adequatione.
372 2156 135 46 virtus
466 2156 189 46 productiua
615 2156 94 46 est
669 2156 94 46 per
723 2156 175 46 quanlibet
844 2156 81 46 ade-

200 2201 113 52 quata.
279 2201 79 52 ita
324 2201 79 52 per
370 2201 113 52 primam
449 2201 102 52 sicut
517 2201 79 52 per
563 2201 148 52 secundam.
676 2201 57 52 â‹
699 2201 125 52 Secundo
790 2201 91 52 modo
835 2201 91 52 intel-

183 2239 136 64 ligendo
282 2239 198 64 adequitionem
443 2239 74 64 et
480 2239 87 64 hoc
529 2239 161 64 positiue.
653 2239 99 64 Dico
715 2239 99 64 quod
777 2239 124 64 virtus
851 2239 62 64 pro

182 2291 139 47 ductiua
284 2291 152 47 adequata
398 2291 89 47 per
448 2291 101 47 vnum
512 2291 177 47 productum.
651 2291 89 47 non
702 2291 127 47 potest
790 2291 76 47 in
828 2291 114 47 aliud

193 2338 95 49 equae
257 2338 148 49 perfectum.
373 2338 74 49 sed
415 2338 84 49 isto
467 2338 84 49 modo
520 2338 105 49 virtus
594 2338 105 49 divina
668 2338 74 49 non
710 2338 137 49 adequatur
815 2338 74 49 per
847 2338 63 49 ali-

195 2374 84 52 qua
243 2374 95 52 vnam
302 2374 203 52 productionem.
470 2374 95 52 quia
529 2374 84 52 nec
577 2374 84 52 per
625 2374 119 52 primam
708 2374 84 52 nec
756 2374 84 52 per
792 2374 119 52 secundam

180 2420 83 47 Sed
228 2420 83 47 per
275 2420 107 47 illas
347 2420 95 47 duas
407 2420 119 47 simul.
490 2420 95 47 quia
550 2420 143 47 scilicet
657 2420 95 47 illa
716 2420 83 47 duo
764 2420 143 47 producta
859 2420 60 47 stu

192 2465 184 48 perfectiora
339 2465 135 48 omnibus
437 2465 110 48 aliis
510 2465 220 48 producibilibus
694 2465 61 48 a
718 2465 98 48 deo.
779 2465 73 48 et
816 2465 86 48 ibi
853 2465 61 48 est

187 2502 151 51 status.
297 2502 96 51 nec
352 2502 96 51 est
407 2502 193 51 possibilis
559 2502 151 51 tertia.
669 2502 83 51 Et
710 2502 96 51 hoc
765 2502 96 51 est
820 2502 83 51 ex
847 2502 69 51 na-

184 2556 106 50 tura
250 2556 92 50 rei
303 2556 106 50 quae
369 2556 79 50 ex
408 2556 79 50 se
448 2556 211 50 determinatur
620 2556 79 50 ad
659 2556 132 50 istas.
752 2556 79 50 Si
791 2556 119 50 autem
857 2556 53 50 in

185 2598 178 54 telligatur
325 2598 102 54 illa
389 2598 166 54 productio
516 2598 166 54 negatiue.
644 2598 89 54 sic
695 2598 102 54 dico
758 2598 115 54 sicut
822 2598 89 54 prius

1063 215 114 68 quod
1134 215 142 68 virtus
1233 215 199 68 productiua
1390 215 171 68 adequata
1518 215 100 68 per
1575 215 114 68 vnum
1632 215 156 68 productum

1054 270 124 43 potest
1140 270 74 43 in
1178 270 112 43 aliud
1252 270 112 43 equae
1327 270 174 43 perfectum.
1463 270 87 43 sic
1513 270 174 43 declaratum
1649 270 87 43 est
1699 270 74 43 de
1724 270 62 43 ca-

1049 308 124 60 lore.
1132 308 96 60 Si.
1187 308 96 60 di.
1242 308 110 60 quod
1310 308 96 60 hoc
1365 308 96 60 est
1420 308 151 60 propter
1530 308 151 60 diuersa
1640 308 137 60 passa.
1722 308 69 60 hoc

1049 359 123 55 nihil
1131 359 137 55 refert
1227 359 150 55 quantum
1336 359 82 55 ad
1377 359 232 55 adequationem.
1569 359 109 55 quia
1624 359 150 55 equaliter

1048 401 155 61 adequatur
1168 401 72 61 si
1203 401 167 61 producatur
1335 401 84 61 per
1383 401 84 61 se.
1430 401 108 61 sicut
1502 401 72 61 si
1538 401 191 61 produceretur
1693 401 72 61 in
1717 401 60 61 pas

1054 437 82 71 so.
1101 437 70 71 et
1136 437 163 71 econuerso.
1264 437 70 71 Et
1299 437 82 71 ita
1346 437 117 71 semper
1428 437 128 71 habetur
1521 437 93 71 ista
1579 437 163 71 propositio
1696 437 70 71 quod

1050 481 127 62 virtus
1139 481 178 62 productiua
1279 481 152 62 adequata
1393 481 89 62 per
1444 481 102 62 vnum
1507 481 178 62 productum.
1647 481 127 62 potest
1723 481 51 62 in

1054 528 104 61 aliud
1124 528 104 61 equae
1193 528 162 61 perfectum.
1320 528 58 61 â‹
1343 528 116 61 Tertio
1424 528 92 61 modo
1482 528 92 61 dico
1540 528 92 61 quod
1598 528 116 61 virtus
1667 528 104 61 adequa-

1048 576 69 60 ta
1082 576 80 60 per
1128 576 91 60 vnum
1185 576 148 60 productum
1299 576 80 60 non
1344 576 114 60 tantum
1424 576 114 60 potest
1504 576 69 60 in
1539 576 91 60 eque
1596 576 148 60 perfectum
1710 576 80 60 sed

1044 622 115 52 etiam
1121 622 128 52 potest
1211 622 77 52 in
1249 622 192 52 perfectius.
1403 622 115 52 Sicut
1480 622 90 52 sol
1531 622 77 52 in
1569 622 179 52 producendo
1697 622 77 52 calo

1047 663 83 58 rem
1095 663 119 58 virtus
1178 663 83 58 sua
1225 663 166 58 adequatur.
1356 663 95 58 quia
1416 663 143 58 producit
1522 663 143 58 secundum
1629 663 131 58 vltimum
1713 663 59 58 sue

1041 711 155 54 potentie
1157 711 77 54 et
1196 711 103 54 toto
1260 711 155 54 conamie.
1376 711 77 54 et
1415 711 116 54 tamen
1492 711 129 54 potest
1583 711 168 54 producere
1699 711 64 54 vel

1048 753 96 63 men
1103 753 96 63 qui
1158 753 96 63 est
1212 753 123 63 multo
1294 753 191 63 perfectior
1444 753 150 63 calore.
1554 753 68 63 â‹
1581 753 82 63 Si
1622 753 123 63 dicas
1690 753 82 63 quod

1044 791 91 61 hoc
1096 791 91 61 est
1148 791 142 61 propter
1251 791 207 61 diuersitatem
1419 791 129 61 passi.
1510 791 104 61 Dico
1575 791 104 61 quod
1640 791 117 61 nihil
1704 791 65 61 re-

1036 841 94 64 fert
1095 841 94 64 quin
1154 841 118 64 semper
1236 841 82 64 sit
1283 841 94 64 illa
1342 841 165 64 propositio
1472 841 106 64 vera.
1542 841 94 64 quod
1601 841 118 64 virtus
1672 841 94 64 adequa

1041 883 68 67 ta
1075 883 91 67 isto
1131 883 91 67 modo
1188 883 113 67 potest
1267 883 68 67 in
1301 883 170 67 perfectius.
1437 883 147 67 Similiter
1551 883 68 67 si
1585 883 102 67 esset
1653 883 113 67 aliqua
1721 883 45 67 vo

1036 926 136 65 luntas
1132 926 109 65 quae
1199 926 136 65 posset
1295 926 217 65 contingenter
1471 926 177 65 producere
1607 926 163 65 diuersas
1716 926 54 65 vo

1041 971 155 61 litiones
1157 971 180 61 diuersarum
1299 971 129 61 sperum
1389 971 90 61 per
1441 971 77 61 se
1479 971 219 61 subsistentes.
1660 971 103 61 illa
1711 971 52 61 vo

1041 1012 133 67 luntas
1134 1012 160 67 secundum
1254 1012 147 67 vltimum
1361 1012 93 67 sue
1414 1012 160 67 potentie
1534 1012 133 67 posset
1614 1012 147 67 producere

1043 1062 89 60 vnum
1098 1062 144 60 indiuidum
1210 1062 122 60 speciei
1298 1062 211 60 imperfectioris.
1476 1062 67 60 et
1510 1062 78 60 per
1554 1062 156 60 consequens
1665 1062 89 60 virtus

1034 1105 93 67 sua
1087 1105 186 67 productiua
1233 1105 119 67 esset
1312 1105 172 67 adequata.
1445 1105 80 67 et
1485 1105 119 67 tamen
1564 1105 133 67 posset
1644 1105 119 67 produce

1040 1152 78 62 re
1079 1152 117 62 aliud
1157 1152 182 62 perfectius
1300 1152 65 62 â‹
1326 1152 130 62 Quarto
1416 1152 104 62 modo
1481 1152 104 62 dico
1546 1152 104 62 quod
1611 1152 130 62 virtus
1689 1152 65 62 pro

1028 1189 139 70 ductiua
1129 1189 152 70 adequata
1243 1189 88 70 per
1294 1189 101 70 vnum
1357 1189 177 70 productum.
1496 1189 88 70 non
1546 1189 126 70 potest
1635 1189 76 70 in
1673 1189 114 70 aliud

1028 1239 110 55 equae
1101 1239 171 55 perfectum.
1235 1239 85 55 Sed
1284 1239 97 55 isto
1345 1239 97 55 modo
1406 1239 122 55 virtus
1491 1239 171 55 productiva
1625 1239 122 55 diuina
1698 1239 61 55 non

1041 1282 86 62 est
1090 1282 148 62 adequata
1201 1282 86 62 per
1250 1282 98 62 vnam
1311 1282 197 62 productionem
1471 1282 86 62 nec
1520 1282 86 62 per
1570 1282 123 62 aliam.
1656 1282 86 62 sed
1693 1282 61 62 per

1031 1327 119 69 ambas
1110 1327 132 69 simul.
1203 1327 79 69 et
1242 1327 106 69 ideo
1309 1327 79 69 in
1348 1327 132 69 nullam
1441 1327 119 69 aliam
1520 1327 198 69 intrinsecam
1666 1327 119 69 potest.

1024 1365 73 65 â‹
1054 1365 88 65 Ad
1097 1365 263 65 confirmationem
1316 1365 117 65 dico
1389 1365 117 65 quod
1462 1365 131 65 eadem
1550 1365 161 65 virtute
1652 1365 102 65 produ

1035 1417 123 51 cuntur
1121 1417 98 51 ista
1182 1417 86 51 duo
1231 1417 160 51 supposita
1354 1417 123 51 ordine
1440 1417 135 51 quodam.
1539 1417 98 51 quia
1600 1417 148 51 scilicet
1699 1417 61 51 pri

1037 1455 98 58 mum
1093 1455 183 58 productum
1234 1455 98 58 est
1290 1455 211 58 productiuum
1459 1455 155 58 secundi
1571 1455 183 58 producti.
1698 1455 56 58 Et

1030 1503 116 58 quando
1112 1503 140 58 dicitur.
1217 1503 93 58 ergo
1275 1503 70 58 in
1310 1503 105 58 prima
1380 1503 175 58 productione
1519 1503 116 58 virtus
1601 1503 93 58 illa
1659 1503 82 58 non
1694 1503 70 58 fuit

1032 1549 171 53 exhausta.
1163 1549 145 53 concedo
1269 1549 105 53 quod
1335 1549 92 53 nec
1387 1549 79 53 in
1427 1549 118 53 prima
1506 1549 92 53 nec
1558 1549 145 53 secunda
1664 1549 92 53 est
1703 1549 66 53 ex-

1025 1583 138 61 hausta.
1126 1583 113 61 Sicut
1201 1583 113 61 nihil
1276 1583 176 61 exhauritur
1414 1583 75 61 de
1452 1583 113 61 sole.
1527 1583 88 61 per
1577 1583 88 61 hoc
1628 1583 100 61 quod
1678 1583 75 61 pro-

1019 1626 125 61 ducit
1102 1626 111 61 vnum
1172 1626 166 61 effectum
1296 1626 97 61 vel
1352 1626 139 61 alium.
1449 1626 111 61 Unde
1518 1626 125 61 illud
1601 1626 97 61 est
1643 1626 111 61 verbum

1030 1679 192 57 metaphoricum
1186 1679 72 57 et
1222 1679 156 57 improprie
1342 1679 132 57 dictum.
1438 1679 72 57 Et
1474 1679 120 57 quando
1558 1679 144 57 dicitur.
1666 1679 72 57 si
1690 1679 60 57 non

1033 1718 92 63 est
1085 1718 170 63 exhausta.
1216 1718 105 63 ergo
1281 1718 92 63 non
1334 1718 92 63 est
1386 1718 170 63 adequata.
1517 1718 118 63 Patet
1595 1718 92 63 quo
1647 1718 92 63 est
1687 1718 65 63 ade

1029 1770 116 54 quata
1106 1770 77 54 et
1145 1770 90 54 quo
1196 1770 103 54 non.
1261 1770 64 54 â‹
1286 1770 90 54 Per
1338 1770 167 54 praedicta
1466 1770 129 54 patet.
1556 1770 90 54 quo
1608 1770 129 54 virtus
1685 1770 64 54 pro

1022 1807 153 63 ductiua
1133 1807 83 63 si
1175 1807 167 63 producat
1300 1807 167 63 pluribus
1425 1807 250 63 productionibus
1620 1807 125 63 eiusdem

1021 1850 142 66 rationis
1128 1850 83 66 vel
1175 1850 142 66 alterius
1281 1850 154 66 rationis.
1399 1850 83 66 quo
1447 1850 95 66 vnum
1506 1850 130 66 illorum
1588 1850 154 66 productorum

1029 1894 162 63 idequat
1147 1894 177 63 virtutem
1280 1894 236 63 productiuam.
1471 1894 88 63 et
1515 1894 103 63 quo
1574 1894 103 63 non
1618 1894 133 63 adequat

1024 1938 86 62 et
1067 1938 101 62 quo
1124 1938 115 62 idem
1196 1938 144 62 potest
1297 1938 187 62 producere
1441 1938 129 62 plura
1527 1938 173 62 producta
1642 1938 115 62 adequa

1010 1986 79 59 ta
1049 1986 105 59 sibi
1115 1986 79 59 in
1154 1986 210 59 perfectione.
1324 1986 79 59 Et
1364 1986 131 59 quando
1456 1986 157 59 dicitur.
1574 1986 92 59 Sme
1613 1986 144 59 productum

1013 2031 177 51 adequatum
1149 2031 190 51 producenti
1299 2031 82 51 in
1340 2031 204 51 perfectione
1503 2031 177 51 entitatis
1626 2031 122 51 adequa-

1022 2072 92 58 tur
1074 2072 105 58 sibi
1140 2072 78 58 in
1179 2072 196 58 perfectione
1336 2072 92 58 sue
1388 2072 209 58 actiuitatis.
1558 2072 105 58 Dico
1623 2072 105 58 quod
1676 2072 78 58 ali-

1013 2112 113 57 quid
1084 2112 170 57 adequari
1211 2112 142 57 alicui
1311 2112 85 57 in
1353 2112 213 57 perfectione
1523 2112 99 57 sue
1566 2112 184 57 actiuitatis

1027 2165 107 53 potest
1102 2165 139 53 intelligi
1209 2165 160 53 dupliciter.
1337 2165 75 53 Uel
1380 2165 86 53 quia
1434 2165 75 53 est
1476 2165 86 53 eque
1530 2165 139 53 perfectum
1637 2165 75 53 cum
1669 2165 64 53 illo

1016 2210 164 51 principio
1143 2210 139 51 actiuo.
1244 2210 76 51 et
1282 2210 88 51 sic
1332 2210 139 51 concedo
1433 2210 101 51 quia
1496 2210 101 51 idem
1559 2210 101 51 est.
1622 2210 88 51 Uel
1660 2210 76 51 quia

1012 2254 95 49 est
1067 2254 109 49 omne
1135 2254 177 49 productum
1270 2254 95 49 vel
1325 2254 204 49 producibile
1488 2254 81 49 ab
1528 2254 109 49 illo
1583 2254 149 49 principio

1011 2296 147 49 actiuo.
1118 2296 80 49 et
1158 2296 94 49 hoc
1212 2296 94 49 est
1265 2296 121 49 nihil
1346 2296 121 49 aliud
1426 2296 121 49 posse
1506 2296 228 49 correspondere
1680 2296 54 49 il

1008 2331 79 62 li
1047 2331 171 62 principio
1179 2331 145 62 actiuo.
1284 2331 79 62 et
1324 2331 92 62 sic
1376 2331 105 62 dico
1442 2331 105 62 quod
1508 2331 145 62 aliquid
1600 2331 145 62 adequatur

1005 2383 120 60 alicui
1089 2383 72 60 in
1125 2383 179 60 perfectione
1268 2383 167 60 entitatis.
1399 2383 72 60 et
1435 2383 108 60 tamen
1507 2383 84 60 non
1555 2383 72 60 in
1579 2383 155 60 perfectione

1015 2421 82 59 sue
1062 2421 188 59 actiuitatis.
1215 2421 71 59 Et
1251 2421 82 59 ita
1298 2421 82 59 est
1345 2421 71 59 in
1380 2421 165 59 proposito.
1509 2421 106 59 sicut
1580 2421 106 59 patet
1651 2421 71 59 de
1674 2421 59 59 vno

1003 2466 145 66 calore
1104 2466 202 66 producente
1263 2466 116 66 duos
1335 2466 159 66 calores
1451 2466 116 66 sibi
1523 2466 159 66 equales
1639 2466 87 66 in
1668 2466 72 66 per

1010 2512 144 56 fectione.
1121 2512 111 56 quorum
1199 2512 100 56 tamen
1265 2512 111 56 neuter
1343 2512 78 56 est
1388 2512 89 56 sibi
1443 2512 122 56 equalis
1532 2512 67 56 in
1565 2512 144 56 perfcione
1665 2512 67 56 acti

1002 2557 138 62 uitatis
1103 2557 88 62 sue
1153 2557 100 62 isto
1216 2557 138 62 secundo
1316 2557 113 62 modo.
1391 2557 113 62 Primo
1467 2557 113 62 modo.
1542 2557 75 62 si
1579 2557 100 62 vnum
1630 2557 100 62 produ-

1000 2602 97 57 ctum
1061 2602 134 57 adequat
1158 2602 146 57 virtutem
1268 2602 183 57 productiuam
1414 2602 73 57 in
1451 2602 171 57 perfctione
1573 2602 158 57 actiuitatis
