2217 3080
217 258 95 58 res
272 258 163 58 realiter
394 258 190 58 distinctas
543 258 122 58 circa
624 258 136 58 eandem
719 258 109 58 rem.
787 258 95 58 sed
841 258 95 58 non
882 258 68 58 ob-

213 307 133 50 stante
306 307 106 50 quod
372 307 120 50 circa
452 307 133 50 eandem
545 307 93 50 rem
598 307 80 50 et
638 307 80 50 in
678 307 120 50 eadem
758 307 80 50 re
798 307 120 50 fiant
864 307 67 50 res

212 347 139 54 diuerse
313 347 151 54 realiter
427 347 164 54 distincte
553 347 139 54 nunquam
654 347 139 54 dicetur
755 347 101 54 quod
818 347 101 54 illa
868 347 63 54 res

211 393 149 61 realiter
322 393 198 61 distinguitur
483 393 62 61 a
508 393 136 61 seipsa.
607 393 87 61 Sed
657 393 99 61 quod
718 393 136 61 precise
818 393 99 61 ille
867 393 62 61 res

198 435 137 61 facte
289 435 107 61 vel
350 435 199 61 aggregate
503 435 92 61 ex
549 435 122 61 illa
625 435 107 61 vna
687 435 92 61 et
732 435 153 61 duabus
824 435 107 61 rebus

205 479 122 54 factis
290 479 194 54 distinguntur
448 479 158 54 realiter.
569 479 109 54 sicut
642 479 73 54 si
679 479 73 54 in
715 479 109 54 lacte
788 479 109 54 fiant
849 479 85 54 albe-

207 522 78 56 do
246 522 65 56 a
272 522 157 56 dulcedo.
390 522 144 56 nunquam
494 522 144 56 propter
599 522 91 56 hoc
651 522 144 56 dicetur
755 522 104 56 quod
821 522 91 56 lac
860 522 65 56 di-

201 567 176 65 stinguatur
339 567 151 65 realiter
452 567 63 65 a
477 567 125 65 seipo.
565 567 88 65 sed
615 567 100 65 quod
678 567 125 65 albedo
753 567 176 65 distinguitur

203 618 165 59 realiter
327 618 69 59 a
354 618 192 59 dulcedine.
505 618 82 59 et
546 618 192 59 aggregatum
697 618 82 59 ex
738 618 123 59 lacte
820 618 82 59 et
848 618 82 59 albe

206 657 111 63 dine
276 657 222 63 distinguitur
456 657 167 63 realiter
581 657 83 63 ab
623 657 181 63 aggregato
762 657 83 63 ex
804 657 125 63 lacte
873 657 56 63 et

200 701 209 56 dulcedine.
364 701 134 56 sicut
454 701 119 56 vnum
529 701 209 56 compositum
693 701 90 56 ex
738 701 105 56 hac
783 701 134 56 materia

192 752 79 51 et
231 752 93 51 hac
284 752 119 51 forma
364 752 212 51 distinguitur
536 752 159 51 realiter
655 752 79 51 ab
694 752 93 51 vno
747 752 172 51 composito
866 752 53 51 ex

191 795 127 58 eadem
276 795 156 58 materia
389 795 85 58 et
431 795 113 58 vlla
502 795 113 58 alia
573 795 141 58 forma.
672 795 85 58 et
714 795 156 58 nunquam
813 795 113 58 dicere

192 831 88 63 tur
243 831 101 63 vere
306 831 101 63 quod
369 831 88 63 hec
419 831 139 63 materia
520 831 202 63 distinguitur
684 831 63 63 a
710 831 126 63 seipsa
785 831 139 63 realiter.

189 875 101 64 ergo
252 875 214 64 quantumcumque
429 875 189 64 intellectus
580 875 151 64 fabricet
693 875 151 64 diuersas
794 875 126 64 rationes

195 929 121 56 circa
275 929 134 56 eandem
369 929 94 56 rem
422 929 147 56 nunquam
530 929 147 56 dicetur
637 929 107 56 quod
704 929 94 56 hec
757 929 94 56 res
797 929 121 56 distin-

184 967 116 64 guitur
265 967 127 64 ratione
358 967 58 64 a
381 967 116 64 seipa.
462 967 81 64 sed
508 967 92 64 quod
566 967 81 64 hec
612 967 104 64 ratio
681 967 185 64 distinguitur
820 967 104 64 ratione

190 1019 74 52 ab
227 1019 98 52 illa
288 1019 147 52 ratione.
399 1019 74 52 et
435 1019 98 52 quod
497 1019 172 52 aggregatum
632 1019 74 52 ex
669 1019 86 52 hac
718 1019 98 52 reet
780 1019 86 52 hac
816 1019 111 52 ratione

190 1055 236 58 distinguitur
382 1055 147 58 aliquo
485 1055 118 58 modo
559 1055 162 58 ratione
676 1055 88 58 ab
721 1055 191 58 aggregato
853 1055 59 58 ex

177 1097 89 54 hac
228 1097 76 54 re
266 1097 76 54 et
305 1097 102 54 illa
368 1097 153 54 ratione.
483 1097 76 54 Et
521 1097 89 54 ita
572 1097 140 54 nunquam
674 1097 127 54 aliqua
763 1097 89 54 res
801 1097 115 54 distin-

181 1148 142 54 guitur
280 1148 71 54 a
309 1148 128 54 seipa
394 1148 156 54 ratione
507 1148 156 54 propter
621 1148 213 54 diuersitate
777 1148 142 54 rationum

192 1191 94 47 que
245 1191 94 47 non
299 1191 107 47 sunt
366 1191 121 47 ipsa.
446 1191 121 47 sicut
527 1191 94 47 nec
580 1191 214 47 distinguitur
755 1191 161 47 realiter
862 1191 40 47 a

185 1229 109 62 seipa
258 1229 134 62 propter
355 1229 194 62 diuersitatem
513 1229 109 62 rerum
586 1229 194 62 quarumcumque
744 1229 97 62 quae
805 1229 85 62 non
841 1229 73 62 sunt

187 1273 106 55 ipsa.
258 1273 82 55 Nec
305 1273 141 55 secundum
411 1273 153 55 sufficit.
529 1273 94 55 quia
587 1273 71 55 si
623 1273 118 55 aliqua
705 1273 82 55 res
752 1273 82 55 sit
799 1273 118 55 aliter
870 1273 47 55 et

183 1320 142 66 aliter
282 1320 255 66 conceptibilis.
494 1320 99 66 aut
551 1320 127 66 illud
636 1320 255 66 quodconcipitur
834 1320 71 66 est

175 1365 118 59 idem
249 1365 163 59 omnibus
368 1365 148 59 modis.
471 1365 118 59 siue
545 1365 207 59 accipiatur
708 1365 104 59 vno
767 1365 118 59 modo
826 1365 89 59 siue

179 1407 104 58 alio
244 1407 117 58 modo.
322 1407 91 58 ita
374 1407 104 58 quod
439 1407 117 58 illud
517 1407 104 58 quod
581 1407 91 58 est
633 1407 156 58 obiectum
750 1407 117 58 nullo
828 1407 104 58 modo

171 1447 83 66 nec
219 1447 142 66 secundum
325 1447 83 66 rem
372 1447 83 66 nec
420 1447 142 66 secundum
526 1447 142 66 rationem
633 1447 213 66 multiplicatur.
798 1447 107 66 quamuis

170 1491 111 57 ipsi
240 1491 111 57 modi
309 1491 209 57 concipiendi
476 1491 97 57 qui
532 1491 97 57 non
587 1491 111 57 sunt
657 1491 111 57 ipsa
726 1491 97 57 res
768 1491 139 57 concepta

164 1539 271 61 multiplicentur.
392 1539 100 61 aut
449 1539 128 61 ipsum
534 1539 171 61 obiectum
663 1539 143 61 aliquo
762 1539 114 61 modo
819 1539 86 61 mul-

175 1577 165 62 tiplicetur
305 1577 118 62 saltem
387 1577 141 62 secundum
493 1577 153 62 rationem.
610 1577 82 62 ita
657 1577 94 62 quam
716 1577 94 62 sint
775 1577 106 62 plura
833 1577 71 62 obie

177 1627 90 58 cta
229 1627 154 58 formalia
344 1627 154 58 secundum
460 1627 116 58 modum
537 1627 154 58 loquendi
652 1627 180 58 aliquorum.
793 1627 77 58 si
819 1627 77 58 pri-

176 1673 81 55 mo
217 1673 108 55 modo
285 1673 122 55 arguo
366 1673 122 55 sicut
448 1673 136 55 prius.
543 1673 108 55 quod
610 1673 108 55 ipsa
678 1673 95 55 res
732 1673 95 55 non
773 1673 122 55 distin-

179 1709 113 56 guitur
258 1709 124 56 ratione
348 1709 56 56 a
370 1709 124 56 seipsa.
460 1709 79 56 sed
506 1709 90 56 quod
562 1709 90 56 illi
618 1709 90 56 modi
675 1709 169 56 concipiendi
810 1709 79 56 sic
844 1709 56 56 di-

173 1747 194 68 stinguuntur
328 1747 78 68 re
367 1747 90 68 vel
419 1747 155 68 ratione.
535 1747 78 68 et
574 1747 103 68 ipsa
638 1747 90 68 res
690 1747 116 68 nullo
768 1747 116 68 modo.
832 1747 65 68 hoc

176 1803 173 58 confirmo.
309 1803 106 58 quia
375 1803 120 58 sicut
455 1803 106 58 idem
521 1803 252 58 multiplicatione
734 1803 66 58 a
760 1803 120 58 parte
827 1803 66 58 ob-

164 1848 101 55 iecti
231 1848 112 55 potest
309 1848 112 55 aliter
388 1848 67 55 et
421 1848 112 55 aliter
499 1848 123 55 concipi
589 1848 67 55 ab
622 1848 168 55 intellectu.
757 1848 78 55 ita
801 1848 89 55 idem
846 1848 56 55 si-

159 1880 92 65 ne.
211 1880 105 65 omni
277 1880 249 65 multiplicatione
487 1880 66 65 a
513 1880 118 65 parte
592 1880 144 65 obiecti
697 1880 131 65 potest
776 1880 105 65 aliter

172 1937 70 52 et
207 1937 117 52 aliter
290 1937 117 52 videri
372 1937 106 52 oculo
442 1937 164 52 corporali.
571 1937 70 52 et
606 1937 117 52 aliter
689 1937 70 52 et
724 1937 117 52 aliter
794 1937 94 52 audiri

154 1970 67 66 et
187 1970 191 66 vniversaliter
345 1970 56 66 a
367 1970 146 66 quocumque
480 1970 101 66 sensu
547 1970 135 66 sentiri.
649 1970 101 66 eodem
716 1970 90 66 modo
772 1970 112 66 potest
840 1970 56 66 ea-

162 2014 91 57 dem
214 2014 91 57 res
266 2014 156 57 inaimata
383 2014 130 57 alteri
474 2014 91 57 rei
526 2014 169 57 inamimate
656 2014 130 57 aliter
747 2014 78 57 et
773 2014 104 57 aliter

158 2060 202 64 approximari.
323 2060 76 64 et
361 2060 114 64 tamen
437 2060 139 64 propter
538 2060 114 64 istam
614 2060 164 64 alietatem
740 2060 89 64 non
778 2060 114 64 dicetur

152 2107 96 56 res
207 2107 178 56 distingui
344 2107 68 56 a
371 2107 123 56 seipa
453 2107 96 56 nec
508 2107 82 56 re
549 2107 96 56 nec
604 2107 164 56 ratione.
727 2107 96 56 Non
781 2107 82 56 re
809 2107 68 56 cer

160 2154 83 50 tum
207 2154 95 50 est.
290 2154 83 50 Nec
337 2154 142 50 ratione.
444 2154 95 50 quia
503 2154 106 50 etiam
574 2154 142 50 secundum
680 2154 106 50 istos
739 2154 142 50 distinctio

159 2190 147 69 rationis
269 2190 86 69 non
318 2190 147 69 causatur
429 2190 98 69 nisi
490 2190 74 69 ab
527 2190 184 69 intellectu.
674 2190 98 69 ergo
736 2190 86 69 non
785 2190 61 69 a
797 2190 86 69 sensu

172 2231 81 68 Nec
218 2231 69 68 ab
252 2231 115 68 aliqua
333 2231 69 68 re
367 2231 161 68 inanimata.
494 2231 92 68 ergo
551 2231 104 68 eodem
620 2231 92 68 modo
678 2231 127 68 propter
770 2231 81 68 hoc
804 2231 69 68 quod

152 2274 83 71 res
200 2274 119 71 aliter
283 2274 71 71 et
318 2274 119 71 aliter
402 2274 178 71 concipitur.
544 2274 83 71 non
592 2274 131 71 dicetur
687 2274 95 71 ipsa
746 2274 83 71 res
782 2274 95 71 distin

151 2332 83 60 gui
199 2332 83 60 nec
246 2332 71 60 re
282 2332 83 60 nec
329 2332 142 60 ratione.
460 2332 71 60 Si
495 2332 131 60 dicitur
590 2332 95 60 quod
650 2332 142 60 obiectum
756 2332 107 60 ipsum
816 2332 71 60 ali-

151 2377 100 53 quo
208 2377 114 53 modo
279 2377 243 53 multiplicatur
479 2377 100 53 ita
536 2377 114 53 quod
608 2377 114 53 sint
679 2377 129 53 plura
750 2377 129 53 obiecta

143 2405 203 68 formalia.
300 2405 109 68 Aut
362 2405 125 68 illa
440 2405 266 68 multiplicatio
659 2405 109 68 est
722 2405 94 68 ex
753 2405 125 68 natura

154 2457 79 55 rei
199 2457 79 55 aut
244 2457 112 55 tantum
322 2457 79 55 per
367 2457 101 55 actus
435 2457 180 55 intellectus.
581 2457 67 55 Si
614 2457 101 55 primo
682 2457 90 55 modo
738 2457 90 55 ergo
794 2457 79 55 non
828 2457 56 55 di-

162 2495 165 72 stinguitur
292 2495 130 72 ratione
386 2495 82 72 sed
433 2495 71 72 ex
468 2495 118 72 natura
551 2495 94 72 rei.
610 2495 71 72 Si
645 2495 130 72 secundo
739 2495 94 72 modo
787 2495 82 72 arguo

152 2539 112 63 sicut
226 2539 125 63 prius.
314 2539 100 63 quod
376 2539 87 63 per
426 2539 125 63 nullam
513 2539 187 63 operationem
663 2539 100 63 quam
713 2539 162 63 intellectus

161 2585 114 68 facit
237 2585 165 68 quocumque
364 2585 101 68 siue
427 2585 76 68 in
465 2585 139 68 ratione
567 2585 101 68 siue
630 2585 76 68 in
668 2585 76 68 re
706 2585 127 68 potest
782 2585 89 68 eadem

153 2629 92 81 res
205 2629 171 81 distingui
337 2629 145 81 ratione
443 2629 66 81 a
469 2629 145 81 seipsa.
601 2629 105 81 Ideo
666 2629 105 81 dico
732 2629 105 81 quod
785 2629 92 81 exce

1026 252 92 74 pta
1078 252 210 74 distinctione
1249 252 92 74 vel
1302 252 184 74 identitate
1447 252 158 74 formali.
1565 252 79 74 et
1604 252 92 74 que
1657 252 92 74 est
1696 252 53 74 ex

1021 315 139 61 natura
1118 315 111 61 rei.
1188 315 83 61 et
1229 315 97 61 quo
1285 315 97 61 est
1340 315 222 61 difficillima
1521 315 83 61 ad
1549 315 208 61 intelligendum

1029 358 78 64 et
1068 358 104 64 quae
1133 358 91 64 non
1185 358 91 64 est
1237 358 143 64 ponenda
1341 358 104 64 nisi
1406 358 91 64 vbi
1458 358 117 64 fides
1536 358 182 64 compellit.
1666 358 91 64 nihil

1022 393 218 68 distinguitur
1200 393 96 68 ab:
1254 393 137 68 aliquo
1350 393 109 68 nisi
1418 393 123 68 sicut
1500 393 96 68 ens
1555 393 123 68 reale
1637 393 82 68 ab
1664 393 82 68 ente

1022 444 122 63 reali.
1107 444 73 63 et
1144 444 110 63 omnis
1217 444 110 63 talis
1290 444 170 63 distinctio
1423 444 85 63 est
1472 444 170 63 distinctio
1606 444 134 63 realis.
1691 444 61 63 nec

1022 491 116 55 plus
1094 491 173 55 dependet
1224 491 87 55 ab
1267 491 202 55 intellectu
1426 491 116 55 quam
1498 491 116 55 ipsa
1571 491 159 55 entitas
1672 491 72 55 de-

1023 539 128 50 pendet
1113 539 77 50 ab
1151 539 192 50 intellectu.
1304 539 89 50 vel
1356 539 205 50 distinguitur
1522 539 115 50 sicut
1598 539 89 50 ens
1637 539 102 50 ratio-

1017 578 84 52 nis
1065 578 72 52 ab
1101 578 96 52 ente
1161 578 156 52 rationis.
1282 578 72 52 et
1318 578 108 52 omnis
1390 578 108 52 talis
1462 578 168 52 distinctio
1595 578 84 52 est
1631 578 108 52 distin-

1019 616 90 65 ctio
1075 616 146 65 rationis.
1187 616 90 65 quae
1243 616 168 65 identitatem
1378 616 112 65 realem
1456 616 168 65 simpliciter
1591 616 146 65 excludit.
1692 616 45 65 si

1020 668 89 59 cut
1071 668 89 59 ens
1122 668 153 59 rationis
1237 668 89 59 non
1288 668 128 59 potest
1378 668 102 59 esse
1441 668 89 59 ens
1492 668 128 59 reale.
1582 668 89 59 Uel
1620 668 115 59 distin-

1029 710 128 55 guitur
1119 710 115 55 sicut
1195 710 89 55 ens
1247 710 115 55 reale
1323 710 77 55 ab
1362 710 102 55 ente
1425 710 166 55 rationis.
1553 710 89 55 vel
1592 710 153 55 econuerso.

1019 756 76 57 et
1057 756 102 57 illa
1121 756 178 57 distinctio
1261 756 140 57 stricte
1362 756 76 57 et
1400 756 140 57 proprie
1502 756 89 57 nec
1553 756 89 57 est
1603 756 127 57 realis
1680 756 63 57 nec

1011 800 162 52 rationis.
1135 800 87 52 sic
1185 800 75 52 et
1222 800 100 52 ipsa
1284 800 162 52 distincta
1409 800 87 52 nec
1458 800 100 52 sunt
1521 800 112 52 entia
1595 800 124 52 realia
1670 800 62 52 nec

1020 844 115 52 entia
1097 844 166 52 rationis.
1224 844 89 52 sed
1276 844 89 52 est
1327 844 115 52 quasi
1403 844 128 52 media.
1492 844 102 52 quia
1556 844 102 52 vnum
1607 844 128 52 extremum

1012 883 84 66 est
1060 883 84 66 ens
1108 883 108 66 reale
1180 883 72 66 et
1216 883 108 66 aliud
1288 883 84 66 est
1336 883 84 66 ens
1385 883 144 66 rationis
1493 883 144 66 qualiter
1601 883 108 66 autem
1661 883 72 66 debe

1023 930 74 53 at
1060 930 123 53 vocari
1146 930 86 53 non
1195 930 99 53 curo
1257 930 74 53 ad
1294 930 160 53 praesens.
1417 930 99 53 quia
1478 930 86 53 hoc
1528 930 86 53 est
1577 930 74 53 in
1602 930 135 53 voluntate

1009 971 207 68 loquentium.
1175 971 97 68 vel
1230 971 221 68 distinguitur
1410 971 124 68 sicut
1492 971 193 68 aggregatum
1644 971 83 68 ex
1672 971 55 68 re

1017 1022 74 52 et
1054 1022 147 52 ratione.
1164 1022 74 52 ab
1201 1022 98 52 ente
1262 1022 110 52 reali
1335 1022 86 52 vel
1385 1022 98 52 ente
1446 1022 147 52 rationis
1556 1022 86 52 vel
1605 1022 61 52 a
1617 1022 123 52 consimil

1013 1063 192 52 aggregato.
1164 1063 82 52 et
1205 1063 110 52 illa
1274 1063 192 52 distinctio
1424 1063 123 52 sicut
1507 1063 96 52 nec
1548 1063 178 52 praecedens.

1007 1105 89 67 nec
1058 1105 89 67 est
1109 1105 140 67 proprie
1211 1105 77 67 et
1250 1105 140 67 stricte
1352 1105 128 67 realis
1441 1105 89 67 nec
1492 1105 166 67 rationis.
1607 1105 115 67 propter

998 1150 130 60 eandem
1089 1150 169 60 rationem.
1219 1150 78 60 Et
1258 1150 117 60 sicut
1336 1150 104 60 dico
1400 1150 78 60 de
1439 1150 208 60 distinctione
1608 1150 117 60 reali
1673 1150 52 60 et

1007 1191 164 68 rationis.
1134 1191 114 68 eodem
1210 1191 101 68 modo
1273 1191 278 68 proportionabiliter
1513 1191 101 68 dico
1576 1191 76 68 de
1602 1191 126 68 identita

1002 1240 72 61 te
1038 1240 108 61 reali
1110 1240 72 61 et
1147 1240 145 61 rationis
1255 1240 108 61 eodem
1327 1240 96 61 modo
1388 1240 265 61 proportionabiliter
1617 1240 96 61 sibi
1665 1240 48 61 op

1010 1283 123 60 posita.
1121 1283 78 60 Sed
1166 1283 112 60 contra
1244 1283 145 60 praedicta
1356 1283 112 60 potest
1434 1283 100 60 argui
1501 1283 201 60 multipliciter.
1657 1283 67 60 quod

1004 1330 111 58 aliqua
1082 1330 122 58 possunt
1170 1330 89 58 esse
1226 1330 100 58 eadem
1292 1330 78 58 res
1337 1330 67 58 et
1370 1330 100 58 tamen
1437 1330 144 58 distingui
1548 1330 133 58 ratione.
1647 1330 67 58 et
1670 1330 55 58 hoc

996 1366 121 61 probatur
1086 1366 181 61 multipliciter.
1237 1366 91 61 primo
1298 1366 70 61 sic
1338 1366 121 61 secundum
1428 1366 181 61 commentatorem.
1579 1366 80 61 xii.
1629 1366 91 61 meth.
1680 1366 50 61 com

990 1422 112 52 men.
1060 1422 112 52 xxx.
1130 1422 84 52 in
1172 1422 98 52 eis
1228 1422 112 52 quae
1298 1422 112 52 sunt
1369 1422 126 52 forma
1453 1422 98 52 non
1509 1422 84 52 in
1551 1422 154 52 materia
1649 1422 84 52 dis-

993 1459 148 60 positio
1100 1459 67 60 a
1127 1459 189 60 dispositum
1276 1459 175 60 reducitur
1411 1459 81 60 ad
1451 1459 108 60 vnum
1519 1459 81 60 in
1559 1459 121 60 esse.
1640 1459 81 60 et
1667 1459 54 60 in

1002 1507 89 51 duo
1053 1507 76 51 in
1091 1507 242 51 consideratione.
1295 1507 102 51 ergo
1358 1507 178 51 dispositio
1498 1507 64 51 a
1524 1507 178 51 dispositum
1651 1507 76 51 sunt

1000 1543 85 59 vnum
1054 1543 64 59 in
1085 1543 96 59 esse.
1149 1543 64 59 et
1181 1543 74 59 per
1224 1543 149 59 consequens
1341 1543 85 59 sunt
1394 1543 74 59 vna
1436 1543 85 59 res.
1490 1543 64 59 et
1522 1543 96 59 tamen
1585 1543 85 59 sunt
1639 1543 74 59 duo
1670 1543 43 59 in

994 1592 223 54 consideratione.
1182 1592 70 54 et
1217 1592 82 54 per
1264 1592 164 54 consequens
1393 1592 70 54 si
1429 1592 94 54 sunt
1487 1592 82 54 duo
1534 1592 94 54 sunt
1581 1592 141 54 distincta.

994 1640 73 47 et
1030 1640 85 47 non
1079 1640 97 47 nisi
1140 1640 134 47 ratione
1237 1640 134 47 aliqua.
1334 1640 97 47 ergo
1395 1640 85 47 duo
1443 1640 158 47 distincta
1565 1640 134 47 ratione
1650 1640 73 47 sunt

999 1683 90 46 vna
1051 1683 103 46 res.
1141 1683 155 46 Preterea
1257 1683 193 46 commentator
1412 1683 129 46 ibidem
1502 1683 193 46 intellecrus
1644 1683 64 46 est

1004 1720 127 58 natus
1088 1720 169 58 diuidere
1215 1720 155 58 adunata
1328 1720 84 58 in
1370 1720 113 58 esse
1440 1720 84 58 in
1483 1720 84 58 ea
1525 1720 84 58 ex
1567 1720 141 58 quibus
1652 1720 70 58 com

1001 1763 132 62 ponitur.
1100 1763 88 62 ergo
1155 1763 110 62 aliqua
1233 1763 88 62 sunt
1288 1763 88 62 vnum
1343 1763 66 62 in
1376 1763 77 62 re.
1420 1763 66 62 et
1453 1763 99 62 tamen
1519 1763 165 62 intellectus
1641 1763 77 62 diui-

998 1812 78 60 dit
1043 1812 67 60 ea
1076 1812 89 60 quod
1132 1812 78 60 non
1177 1812 78 60 est
1221 1812 145 60 possibile
1333 1812 89 60 sine
1389 1812 179 60 distinctione
1534 1812 145 60 rationis.
1635 1812 67 60 ergo

986 1851 102 65 etc.
1075 1851 102 65 Item
1139 1851 127 65 ibidem
1228 1851 216 65 multiplicitas
1406 1851 76 65 in
1444 1851 89 65 deo
1495 1851 89 65 non
1546 1851 89 65 est
1597 1851 102 65 nisi
1648 1851 51 65 in

985 1892 161 58 intellectu
1111 1892 80 58 non
1157 1892 69 58 in
1191 1892 103 58 esse.
1260 1892 92 58 ergo
1317 1892 69 58 in
1352 1892 80 58 deo
1398 1892 92 58 sunt
1455 1892 103 58 multa
1524 1892 92 58 quae
1581 1892 92 58 sunt
1627 1892 69 58 vnum

990 1939 73 54 in
1026 1939 109 54 esse.
1099 1939 73 54 et
1136 1939 109 54 tamen
1209 1939 109 54 multa
1282 1939 73 54 in
1318 1939 182 54 intellectu.
1464 1939 170 54 Preterea.
1598 1939 109 54 iiii.
1658 1939 49 54 me

990 1986 96 52 tha.
1050 1986 84 52 ens
1098 1986 72 52 et
1134 1986 96 52 vnum
1195 1986 120 52 dicunt
1279 1986 120 52 eandem
1363 1986 96 52 rem.
1423 1986 72 52 et
1459 1986 108 52 tamen
1519 1986 181 52 distinguuntur

991 2034 120 64 aliquo
1075 2034 96 64 modo
1135 2034 72 64 et
1171 2034 84 64 non
1219 2034 96 64 nisi
1279 2034 144 64 ratione.
1412 2034 108 64 Eodem
1484 2034 96 64 modo
1544 2034 120 64 potest
1616 2034 84 64 argui

994 2080 69 53 de
1028 2080 91 53 vero
1085 2080 69 53 et
1119 2080 103 53 bono.
1188 2080 69 53 de
1222 2080 137 53 subiecto
1325 2080 69 53 et
1359 2080 149 53 passione.
1474 2080 160 53 (Similiter
1588 2080 103 53 princi-

985 2115 94 57 pium
1044 2115 70 57 et
1079 2115 105 57 finis
1149 2115 70 57 in
1184 2115 117 57 puncto
1266 2115 117 57 aliqui
1349 2115 199 57 distinguuntur
1513 2115 70 57 et
1548 2115 94 57 sunt
1606 2115 82 57 vna
1641 2115 59 57 res

1002 2163 152 58 Similiter
1118 2163 128 58 currere
1212 2163 70 58 et
1247 2163 117 58 cursus
1328 2163 93 58 sunt
1387 2163 82 58 vna
1433 2163 93 58 res.
1515 2163 163 58 Similiter.
1632 2163 58 58 iii

991 2196 96 68 phi.
1051 2196 108 68 actio
1123 2196 72 68 et
1159 2196 120 68 passio
1242 2196 96 68 sunt
1302 2196 96 68 vnus
1362 2196 120 68 motus.
1446 2196 72 68 et
1482 2196 108 68 tamen
1553 2196 120 68 aliquo
1625 2196 72 68 modo

993 2246 184 57 distinguuntur.
1146 2246 133 57 Similiter
1248 2246 123 57 secundum
1340 2246 82 57 Ari.
1391 2246 61 57 et
1422 2246 174 57 commentatorem
1565 2246 92 57 primo
1626 2246 82 57 phi.
1667 2246 41 57 Ma

987 2292 85 69 teria
1043 2292 66 69 est
1081 2292 85 69 eadem
1137 2292 113 69 secundum
1222 2292 150 69 substantiam.
1344 2292 56 69 et
1372 2292 85 69 plura
1429 2292 113 69 secundum
1513 2292 85 69 esse.
1588 2292 113 69 Preterea
1664 2292 56 69 ydee

985 2330 65 71 in
1018 2330 97 71 mente
1083 2330 108 71 divina
1158 2330 130 71 realiter
1256 2330 87 71 sunt
1310 2330 87 71 ipsa
1364 2330 108 71 divina
1440 2330 130 71 esentia.
1537 2330 65 71 et
1569 2330 97 71 tamen
1623 2330 87 71 distin

980 2378 128 65 guuntur.
1076 2378 85 65 quia
1129 2378 106 65 aliter
1204 2378 74 65 non
1246 2378 106 65 essent
1321 2378 106 65 plures
1395 2378 96 65 ydee.
1459 2378 74 65 non
1502 2378 96 65 magis
1565 2378 85 65 quod
1608 2378 85 65 plures

980 2430 145 57 essentie.
1114 2430 134 57 Preterea
1214 2430 89 57 quod
1270 2430 89 57 idem
1326 2430 112 57 possit
1404 2430 134 57 differre
1504 2430 56 57 a
1527 2430 112 57 seipso
1594 2430 100 57 vldetur

980 2464 126 69 sortes
1069 2464 76 69 in
1107 2464 101 69 foro
1170 2464 202 69 distinguitur
1334 2464 126 69 aliquo
1423 2464 101 69 modo
1486 2464 63 69 a
1511 2464 114 69 seipo
1587 2464 76 69 in
1612 2464 76 69 thea

970 2514 97 55 tro.
1031 2514 158 55 Similiter
1152 2514 146 55 secundum
1262 2514 122 55 porph.
1347 2514 122 55 sortes
1432 2514 97 55 puer
1492 2514 134 55 differt
1590 2514 61 55 a
1602 2514 97 55 seipso

967 2562 99 44 sene.
1033 2562 88 44 ergo
1088 2562 99 44 eodem
1154 2562 88 44 modo
1209 2562 99 44 eadem
1275 2562 77 44 res
1319 2562 132 44 concepta
1417 2562 77 44 sub
1461 2562 77 44 vna
1505 2562 121 44 ratione
1593 2562 121 44 differt
1670 2562 33 44 a

970 2603 113 52 seipsa
1049 2603 135 52 concepta
1150 2603 79 52 sub
1195 2603 90 52 alia
1251 2603 124 52 ratione
1341 2603 68 52 et
1375 2603 79 52 non
1420 2603 90 52 nisi
1476 2603 135 52 ratione.
1577 2603 90 52 ergo
1622 2603 68 52 etc.

982 2642 161 72 Preterea.
1106 2642 99 72 iii.
1168 2642 136 72 videtur
1266 2642 99 72 quod
1328 2642 136 72 aliquid
1427 2642 198 72 distinguitur
1588 2642 74 72 ab
1612 2642 99 72 aliquo
