2208 3071
245 208 184 80 competit.
387 208 99 80 Ita
443 208 99 80 est
500 208 85 80 de
543 208 99 80 deo
599 208 85 80 et
642 208 170 80 deitate.
769 208 170 80 secundum
883 208 85 80 enim

245 278 101 60 quod
308 278 63 60 a
334 278 114 60 nobis
409 278 177 60 imponuntur
548 278 88 60 eis
599 278 202 60 correspondet
763 278 101 60 vnus
813 278 139 60 conceptus

240 322 158 53 proprius
358 322 105 53 deo.
424 322 105 53 quia
490 322 131 53 nullus
582 322 145 53 simplex
687 322 158 53 proprius
805 322 92 53 deo
858 322 92 53 est
897 322 66 53 nob

228 368 193 55 possibilis.
383 368 77 55 et
421 368 90 55 vna
473 368 103 55 pars
537 368 129 55 illius
627 368 167 55 conceptus
756 368 155 55 competit
859 368 103 55 alicui

231 415 89 48 cui
282 415 101 48 alia
345 415 101 48 pars
409 415 89 48 non
460 415 127 48 potest
548 415 178 48 competere.
688 415 114 48 Sicut
764 415 101 48 deus
827 415 114 48 dicit
891 415 63 48 ali

243 458 117 46 quod
316 458 102 46 ens
375 458 248 46 intellectuale
579 458 102 46 vel
637 458 219 46 intelligens
812 458 88 46 et
856 458 102 46 sic
900 458 58 46 de

225 504 118 48 aliis
304 504 92 48 que
356 504 170 48 competunt
487 504 105 48 deo.
553 504 92 48 ita
605 504 105 48 quod
671 504 170 48 quodlibet
802 504 92 48 est
854 504 79 48 in
880 504 79 48 plus

225 543 73 66 et
261 543 109 66 totum
334 543 85 66 est
382 543 133 66 equale.
479 543 121 66 deitas
564 543 109 66 autem
637 543 109 66 dicit
710 543 109 66 omnia
782 543 97 66 illa
843 543 109 66 magis
904 543 48 66 in

228 584 173 52 absoluto.
361 584 80 52 et
401 584 80 52 de
441 584 80 52 il
480 584 146 52 aliquod
587 584 186 52 abstractum
733 584 160 52 competit
840 584 106 52 alicui

228 631 91 62 cui
280 631 91 62 non
332 631 156 62 competit
450 631 169 62 concretum
580 631 78 62 et
619 631 183 62 econuerso.
762 631 78 62 vt
789 631 156 62 descriptio

231 679 158 55 exprimes
350 679 106 55 quid
415 679 145 55 nominis
521 679 158 55 deitatis
640 679 92 55 sit
692 679 119 55 ista.
772 679 92 55 ens
824 679 106 55 quod
877 679 66 55 est

230 716 134 68 sapientia
333 716 124 68 voluntas
426 716 62 68 et
457 716 145 68 huiusmodi.
571 716 52 68 â‹
591 716 103 68 Aliter
664 716 103 68 potest
736 716 83 68 dici
788 716 124 68 secundum
870 716 83 68 vltiam

227 760 173 64 auctoritatem
367 760 151 64 allegatam.
486 760 86 64 quod
540 760 97 64 talia
605 760 108 64 nomina
680 760 86 64 quae
734 760 151 64 imponuntur
842 760 108 64 secundum

222 802 205 65 assimulatione
390 802 156 65 abstracti
511 802 72 65 et
547 802 144 65 concreti
655 802 84 65 vbi
703 802 168 65 sigificnat
824 802 120 65 realiter

221 850 174 53 distincta
354 850 94 53 non
408 850 107 53 sunt
474 850 174 53 svnonima.
608 850 107 53 quia
675 850 160 53 praecise
782 850 160 53 imponuntur

211 893 142 56 secundum
318 893 214 56 assimulationem
496 893 131 56 istorum
591 893 95 56 quae
650 893 83 56 non
698 893 95 56 sunt
757 893 119 56 nomina
828 893 119 56 svnonima

218 942 68 53 Et
252 942 79 53 hoc
297 942 79 53 est
342 942 90 53 quod
398 942 113 53 dicit.
477 942 90 53 quod
533 942 68 53 in
567 942 124 53 talibus
657 942 169 53 accipiuntur
792 942 79 53 duo
825 942 113 53 scilicet

219 987 132 51 nomina
311 987 132 51 quorum
403 987 171 51 proportio
535 987 79 51 ad
574 987 145 51 inuicem
680 987 158 51 alterius
798 987 79 51 ad
825 987 119 51 alterum

212 1029 110 52 est:
281 1029 123 52 sicut
363 1029 178 52 proportio
500 1029 192 52 praedicati
650 1029 82 52 ad
692 1029 192 52 subiectum.
842 1029 82 52 Et
870 1029 68 52 quo

210 1067 94 59 hoc
263 1067 94 59 sit
317 1067 229 59 intelligendum
506 1067 135 59 subdit
601 1067 148 59 dicens.
709 1067 202 59 Intellectus
857 1067 81 59 enim

215 1113 80 58 non
260 1113 115 58 potest
341 1113 172 58 intelligere
479 1113 92 58 idem
536 1113 80 58 his
582 1113 115 58 duobus
662 1113 115 58 modois
743 1113 138 58 secundum
835 1113 103 58 simili-

204 1161 138 60 tudinem
305 1161 75 60 ad
342 1161 213 60 propositionem
518 1161 201 60 cathegoricam
681 1161 75 60 in
719 1161 113 60 rebus
781 1161 151 60 compositis

215 1199 102 58 sicut
283 1199 159 58 intelligit
408 1199 102 58 multa
476 1199 136 58 secundum
578 1199 204 58 similitudinem.
748 1199 79 58 hoc
793 1199 79 58 est
828 1199 113 58 intelle-

204 1253 109 56 ctus
273 1253 136 56 potest
368 1253 150 56 formare
477 1253 109 56 duos
545 1253 177 56 conceptus
682 1253 82 56 in
723 1253 136 56 quibus
818 1253 123 56 quasi
886 1253 55 56 in

203 1292 142 56 telligitur
315 1292 92 56 deus.
376 1292 81 56 quia
427 1292 102 56 aliter
498 1292 71 56 non
538 1292 102 56 potest
610 1292 132 56 intelligi
711 1292 61 56 et
742 1292 71 56 hoc
782 1292 122 56 secundum
864 1292 81 56 simili

197 1337 144 51 tudinem
302 1337 79 51 ad
341 1337 105 51 duos
407 1337 184 51 conceptus.
551 1337 131 51 quorum
643 1337 105 51 vnus
709 1337 92 51 est
761 1337 171 51 concretus
879 1337 53 51 et

195 1378 118 64 alius
273 1378 170 64 absolutus
404 1378 157 64 formatos
522 1378 78 64 de
561 1378 78 64 re
600 1378 183 64 composita.
744 1378 92 64 ita
796 1378 105 64 quod
849 1378 78 64 nis-

204 1424 163 53 inueniret
330 1424 75 53 in
367 1424 113 53 rebus
442 1424 175 53 compositum
580 1424 163 53 concretum
705 1424 75 53 et
742 1424 175 53 abstractum
867 1424 63 53 di-

195 1470 170 48 stingui
318 1470 108 48 quo
380 1470 93 48 ad
427 1470 201 48 signatum.
582 1470 108 48 non
644 1470 186 48 formaret
783 1470 139 48 tales
861 1470 77 48 con

197 1517 144 48 ceptus
297 1517 86 48 de
341 1517 101 48 deo
398 1517 101 48 nec
456 1517 187 48 imponeret
600 1517 130 48 talia
686 1517 158 48 nomina.
801 1517 86 48 et
830 1517 101 48 talia

202 1553 111 61 nomina
280 1553 78 61 non
324 1553 89 61 sunt
380 1553 111 61 nomina
457 1553 144 61 svnonima.
568 1553 67 61 et
602 1553 100 61 ratio
668 1553 100 61 huius
735 1553 111 61 potest
813 1553 100 61 esse.
868 1553 67 61 quia

193 1602 137 51 aliquis
292 1602 125 51 potest
380 1602 112 51 scire
455 1602 150 51 signatum
567 1602 162 51 vtriusque
692 1602 162 51 vocabuli.
817 1602 75 51 et
842 1602 87 51 tamen

201 1641 155 64 ignorare
317 1641 116 64 vtrum
394 1641 103 64 vnum
459 1641 193 64 praedicetur
613 1641 77 64 de
652 1641 142 64 reliquo
755 1641 116 64 sicut
819 1641 116 64 aliquis

207 1680 151 66 ignorans
320 1680 113 66 vtrum
396 1680 88 66 ens
446 1680 188 66 simpliciter
597 1680 126 66 primum
684 1680 88 66 sit
735 1680 138 66 simplex
835 1680 88 66 vel
873 1680 50 66 co

193 1730 143 70 positum.
300 1730 119 70 potest
384 1730 107 70 scire
456 1730 95 70 quid
515 1730 191 70 intelligitur
670 1730 84 70 per
718 1730 84 70 hoc
766 1730 107 70 nomen
826 1730 95 70 deitas

205 1772 70 52 et
240 1772 105 52 etiam
310 1772 93 52 quid
369 1772 187 52 intelligitur
520 1772 82 52 per
567 1772 82 52 hoc
614 1772 105 52 nomen
684 1772 105 52 deus.
754 1772 70 52 et
789 1772 105 52 tamen
847 1772 82 52 dubi-

184 1821 114 49 tare
255 1821 85 49 an
297 1821 142 49 deitas
397 1821 99 49 sit
454 1821 128 49 deus.
539 1821 99 49 sic
595 1821 142 49 potest
695 1821 170 49 dubitare
823 1821 85 49 an
851 1821 71 49 al-

187 1855 97 72 bedo
247 1855 85 72 sit
296 1855 109 72 alba.
369 1855 85 72 sic
417 1855 85 72 est
466 1855 121 72 potest
550 1855 133 72 aliquis
647 1855 109 72 scire
720 1855 97 72 quid
769 1855 145 72 importatur

189 1906 88 62 per
240 1906 88 62 hoc
290 1906 113 62 nomen
365 1906 188 62 intellectio
515 1906 150 62 angelica
627 1906 75 62 et
665 1906 100 62 quid
727 1906 175 62 importatur
852 1906 63 62 per

181 1948 87 65 hoc
230 1948 112 65 nomen
305 1948 224 65 intelligentia.
492 1948 75 65 et
529 1948 87 65 cum
579 1948 87 65 hoc
628 1948 112 65 tamen
703 1948 124 65 igrare
790 1948 75 65 an
815 1948 112 65 intelli

185 1998 113 60 gentia
264 1998 79 60 sit
309 1998 181 60 intellectio.
457 1998 91 60 quia
513 1998 159 60 philosophi
638 1998 147 60 posuerunt
751 1998 91 60 quod
808 1998 91 60 sic.
853 1998 68 60 quod

184 2046 103 53 tamen
252 2046 137 53 secundum
355 2046 80 53 rei
401 2046 149 53 veritatem
515 2046 80 53 est
561 2046 171 53 simpliciter
698 2046 126 53 falsum.
789 2046 69 53 Et
824 2046 91 53 ideo
869 2046 46 53 ta

184 2081 93 64 lia
237 2081 132 64 nomina
329 2081 145 64 taliter
435 2081 172 64 disposita
567 2081 93 64 non
620 2081 106 64 sunt
686 2081 132 64 nomina
766 2081 145 64 svnonima.

195 2123 84 58 qui
243 2123 72 58 de
279 2123 156 58 nominibus
398 2123 156 58 svnonimis
518 2123 84 58 non
566 2123 120 58 potest
650 2123 108 58 sciri
722 2123 96 58 quid
769 2123 144 58 significtu

195 2176 76 48 et
233 2176 113 48 tamen
309 2176 151 48 ignorare
422 2176 113 48 vtrum
498 2176 101 48 vnum
561 2176 101 48 vere
624 2176 189 48 praedicatur
775 2176 76 48 de
801 2176 113 48 reliquo

198 2211 100 66 pet
255 2211 185 66 inductiue
397 2211 71 66 â‹
426 2211 199 66 Ueruntamen
582 2211 171 66 sciendum
711 2211 114 66 quod
768 2211 142 66 svnonima

198 2265 75 52 ut
236 2265 163 52 duplicia.
361 2265 125 52 quedam
449 2265 100 52 sunt
511 2265 163 52 svnonima.
637 2265 100 52 quia
699 2265 188 52 simpliciter
837 2265 75 52 ideo

186 2303 188 55 significant
337 2303 75 55 et
374 2303 175 55 connotant.
512 2303 88 55 ita
562 2303 100 55 quod
625 2303 113 55 nihil
700 2303 200 55 significatur
850 2303 63 55 nec

188 2351 169 59 connotatur
321 2351 85 59 per
369 2351 97 59 vnum
430 2351 97 59 quin
490 2351 109 59 eodem
563 2351 97 59 modo
624 2351 194 59 significatur
781 2351 73 59 et
805 2351 121 59 connota-

189 2392 85 59 tur
237 2392 85 59 seu
286 2392 230 59 consignificatur
479 2392 85 59 per
528 2392 157 59 reliquum.
649 2392 73 59 et
685 2392 85 59 sic
733 2392 121 59 deitas
818 2392 73 59 et
842 2392 73 59 deus

189 2436 120 53 homo
264 2436 90 53 et
309 2436 210 53 humanitas.
474 2436 90 53 et
519 2436 135 53 multa
608 2436 135 53 talia
698 2436 120 53 sunt
758 2436 150 53 svnonima

188 2477 92 58 sed
240 2477 92 58 sic
293 2477 92 58 non
345 2477 144 58 accipio
449 2477 92 58 hoc
502 2477 170 58 svnonima.
632 2477 144 58 quamuis
737 2477 118 58 alibi
815 2477 92 58 sic
855 2477 65 58 ac-

191 2524 141 65 cipiam.
294 2524 129 65 Aliter
384 2524 103 65 duir
448 2524 129 65 aliqua
538 2524 154 65 svnonima
654 2524 103 65 quae
718 2524 193 65 significant
860 2524 51 65 vt

187 2563 107 69 primo
258 2563 107 69 modo.
329 2563 71 69 et
365 2563 130 69 praeter
459 2563 83 69 hoc
507 2563 83 69 tam
554 2563 166 69 imponentes
684 2563 95 69 quod
743 2563 130 69 vtentes
826 2563 83 69 omnes

188 2615 81 61 per
234 2615 69 61 ea
268 2615 173 61 intelligunt
406 2615 92 61 quod
464 2615 173 61 simpliciter
602 2615 92 61 idem
659 2615 173 61 significant
797 2615 69 61 et
820 2615 92 61 conno

1055 215 110 89 tant
1124 215 110 89 modo
1192 215 192 89 praedicto.
1343 215 82 89 et
1384 215 110 89 isto
1452 215 110 89 modo
1521 215 110 89 homo
1589 215 82 89 et
1617 215 164 89 humanitas.

1052 280 108 65 deus
1120 280 81 65 et
1161 280 135 65 deitas
1255 280 95 65 non
1309 280 108 65 sunt
1377 280 176 65 svnonima.
1512 280 81 65 et
1552 280 95 65 hoc
1606 280 108 65 quia
1660 280 122 65 relique

1056 324 101 65 runt
1120 324 76 65 in
1158 324 114 65 dubio
1234 324 139 65 quantum
1335 324 89 65 est
1385 324 76 65 ex
1423 324 190 65 impositione
1575 324 139 65 istorum
1664 324 101 65 nomini

1044 370 75 65 an
1081 370 87 65 hec
1131 370 87 65 sit
1181 370 112 65 vera.
1255 370 100 65 homo
1318 370 87 65 est
1367 370 174 65 humanitas.
1504 370 87 65 vel
1554 370 125 65 falsa.
1641 370 75 65 et
1679 370 87 65 ita
1716 370 50 65 de

1052 413 111 58 aliis.
1129 413 55 58 â‹
1152 413 66 58 Ad
1185 413 133 58 secundum
1284 413 111 58 patet.
1362 413 89 58 quod
1417 413 89 58 illa
1472 413 133 58 essentia
1572 413 77 58 non
1616 413 111 58 potest
1683 413 89 58 aliter

1054 460 165 66 disponi:
1178 460 110 66 nisi
1246 460 124 66 sicut
1329 460 124 66 illud
1411 460 82 66 de
1452 460 96 66 quo
1507 460 151 66 aliquid
1603 460 165 66 predicatur

1053 503 175 68 disponitur
1191 503 100 68 ipso
1254 503 188 68 praedicato.
1404 503 75 68 Et
1442 503 100 68 tunc
1504 503 100 68 dico
1567 503 100 68 quod
1617 503 150 68 dispositio

1046 552 75 58 et
1084 552 175 58 dispositum
1222 552 113 58 erunt
1297 552 100 58 vnum
1359 552 75 58 in
1397 552 225 58 praedicatione.
1584 552 88 58 hoc
1634 552 88 58 est
1672 552 100 58 dictum

1041 603 84 52 pro
1089 603 108 52 eodem
1161 603 180 52 simpliciter
1305 603 168 52 supponent.
1436 603 72 52 et
1472 603 108 52 tamen
1544 603 108 52 erunt
1616 603 84 52 duo
1664 603 72 52 in
1688 603 84 52 inten

1038 643 129 56 tione.
1128 643 103 56 quia
1193 643 103 56 illa
1257 643 142 56 seipsis
1360 643 116 56 erunt
1437 643 90 56 duo
1489 643 193 56 formaliter.
1643 643 90 56 quo
1682 643 90 56 subie

1042 685 99 63 ctum
1104 685 74 63 et
1141 685 186 63 praedicatum
1289 685 99 63 sunt
1351 685 99 63 duo.
1413 685 87 63 ita
1463 685 99 63 quod
1525 685 136 63 nunquam
1611 685 149 63 formaliter

1041 720 78 68 et
1080 720 157 68 realiter
1198 720 105 68 sunt
1263 720 105 68 vnum
1329 720 92 68 sed
1381 720 170 68 supponunt
1512 720 92 68 pro
1564 720 105 68 vno.
1629 720 118 68 sicut
1695 720 65 68 hec

1036 768 99 66 vox
1093 768 114 66 homo
1164 768 85 66 et
1206 768 99 66 hec
1263 768 99 66 vox
1320 768 128 66 anial
1405 768 114 66 sunt
1476 768 114 66 vnum
1547 768 85 66 in
1575 768 185 66 praedicatio

1044 812 96 68 sie.
1104 812 84 68 hoc
1152 812 84 68 est
1200 812 84 68 non
1249 812 96 68 sunt
1309 812 84 68 vna
1357 812 84 68 res
1405 812 156 68 realiter.
1525 812 84 68 sed
1573 812 72 68 in
1610 812 96 68 illa
1658 812 108 68 praedi-

1034 859 122 62 catione
1123 859 144 62 supponunt
1234 859 78 62 pro
1278 859 78 62 vna
1323 859 67 62 re
1356 859 144 62 realiter.
1467 859 67 62 Et
1500 859 111 62 quando
1578 859 122 62 dicitur
1656 859 111 62 secundum

1039 899 138 69 ipsum.
1136 899 111 69 quia
1205 899 138 69 aliter
1302 899 97 69 est
1357 899 83 69 in
1399 899 124 69 rebus
1482 899 194 69 abstractis
1634 899 83 69 et
1661 899 97 69 compo

1035 944 128 59 sitis.
1125 944 103 59 Dico
1189 944 103 59 quod
1253 944 116 59 verum
1330 944 90 59 est
1382 944 141 59 quantum
1484 944 77 59 ad
1523 944 116 59 illud
1600 944 90 59 pro
1651 944 90 59 quo
1690 944 64 59 ter

1031 989 101 64 mini
1095 989 177 64 supponunt.
1234 989 63 64 â‹
1259 989 76 64 Ad
1297 989 114 64 aliud
1373 989 114 64 patet
1448 989 88 64 quo
1499 989 114 64 talis
1575 989 177 64 propositio
1714 989 88 64 est

1028 1032 76 56 non
1072 1032 109 56 tantum
1148 1032 131 56 secundum
1247 1032 98 56 nomen
1312 1032 131 56 scilicet
1410 1032 153 56 svnonimum.
1531 1032 76 56 sed
1574 1032 87 56 dico
1629 1032 131 56 secundum
1716 1032 44 56 in

1029 1078 194 68 tentionem
1178 1078 90 68 et
1223 1078 269 68 assimilationem
1447 1078 119 68 modo
1521 1078 209 68 declarato.
1685 1078 75 68 â‹
1715 1078 90 68 Ad

1031 1123 172 65 secundum
1159 1123 114 65 dico
1231 1123 114 65 quod
1302 1123 157 65 adunata
1417 1123 86 65 in
1460 1123 86 65 re
1503 1123 114 65 sunt
1574 1123 143 65 aliqua
1660 1123 100 65 multa

1029 1167 153 71 distincta
1147 1167 141 71 realiter
1253 1167 153 71 facientia
1371 1167 106 71 tamen
1441 1167 94 71 vnum
1500 1167 71 71 in
1535 1167 82 71 re.
1582 1167 106 71 sicut
1653 1167 71 71 se
1677 1167 82 71 habet

1026 1208 146 66 materia
1132 1208 80 66 et
1172 1208 120 66 forma
1252 1208 173 66 subiectum
1385 1208 80 66 et
1425 1208 160 66 accidens
1545 1208 80 66 et
1585 1208 186 66 huiusmodi.
1718 1208 40 66 d

1029 1259 146 59 talibus
1135 1259 119 59 verum
1214 1259 93 59 est
1267 1259 106 59 quod
1333 1259 199 59 intellectus
1492 1259 132 59 potest
1585 1259 159 59 separare
1691 1259 66 59 vel

1029 1297 156 61 diuidere
1146 1297 91 61 ea.
1198 1297 91 61 hoc
1250 1297 91 61 est
1302 1297 130 61 potest
1393 1297 195 61 intelligere
1548 1297 104 61 vnum
1613 1297 91 61 non
1652 1297 104 61 intel-

1024 1341 134 62 ligendo
1121 1341 158 62 reliquum.
1243 1341 134 62 quamuis
1340 1341 97 62 vnum
1401 1341 85 62 non
1450 1341 85 62 sit
1499 1341 73 62 in
1535 1341 73 62 re
1572 1341 97 62 sine
1620 1341 122 62 reliquae

1030 1391 87 59 vel
1079 1391 150 59 secundum
1192 1391 187 59 intentionem
1342 1391 137 59 commen.
1441 1391 162 59 aliquando
1566 1391 100 59 vnum
1629 1391 87 59 non
1666 1391 100 59 possit

1024 1429 119 57 esse
1098 1429 119 57 sine
1172 1429 178 57 reliquo.
1306 1429 89 57 et
1350 1429 89 57 de
1395 1429 163 57 talibus
1513 1429 178 57 loquitur
1632 1429 133 57 commen-

1017 1482 149 53 tator.
1122 1482 119 53 Unde
1196 1482 134 53 dicit
1286 1482 224 53 intellectus
1465 1482 134 53 natus
1554 1482 104 53 est
1599 1482 149 53 diuidere

1025 1527 149 50 adunata
1134 1527 81 50 in
1174 1527 122 50 esse.
1256 1527 95 50 iet
1310 1527 95 50 que
1364 1527 149 50 faciunt
1473 1527 108 50 vnum
1540 1527 81 50 in
1581 1527 108 50 esse
1649 1527 81 50 ex
1676 1527 81 50 qui-

1024 1564 95 68 bus
1079 1564 203 68 componitur.
1241 1564 149 68 quamuis
1350 1564 95 68 non
1404 1564 190 68 diuidantur
1554 1564 81 68 in
1594 1564 122 68 esse.
1662 1564 95 68 sicut

1030 1604 165 60 diuidit
1150 1604 179 60 materiam
1284 1604 75 60 a
1314 1604 150 60 forma.
1419 1604 90 60 et
1464 1604 150 60 formam
1569 1604 75 60 a
1583 1604 165 60 composito

1018 1648 83 62 ex
1060 1648 153 62 materia
1171 1648 83 62 et
1213 1648 139 62 forma.
1310 1648 194 62 Intelligit
1462 1648 111 62 ergo
1532 1648 139 62 tantum
1629 1648 83 62 de
1657 1648 97 62 rebus

1021 1693 181 62 distinctis
1163 1693 77 62 et
1202 1693 90 62 hoc
1253 1693 90 62 est
1305 1693 103 62 bene
1370 1693 181 62 possibile.
1512 1693 103 62 Quod
1576 1693 116 62 tamen
1654 1693 65 62 a
1680 1693 77 62 et
1705 1693 52 62 be

1028 1735 91 68 sint
1084 1735 79 68 vna
1130 1735 79 68 res
1175 1735 68 68 et
1209 1735 57 68 a
1232 1735 79 68 non
1277 1735 182 68 distinguatur
1425 1735 136 68 realiter
1527 1735 57 68 a
1550 1735 68 68 b.
1584 1735 68 68 et
1618 1735 102 68 tamen
1675 1735 68 68 quod

1014 1782 223 57 intellectus
1193 1782 164 57 diuidat
1312 1782 89 57 a:
1356 1782 74 57 a
1386 1782 74 57 b
1416 1782 238 57 intelligendo
1609 1782 74 57 a
1639 1782 89 57 et
1669 1782 74 57 non

1018 1823 224 64 intelligando
1200 1823 84 64 b.
1242 1823 98 64 vel
1298 1823 182 64 econuerso
1437 1823 98 64 est
1493 1823 224 64 impossibile.
1675 1823 70 64 â‹
1703 1823 84 64 Ad

1016 1874 150 51 tertium
1126 1874 109 51 dico
1194 1874 109 51 quod
1262 1874 259 51 multiplicitatem
1481 1874 109 51 esse
1549 1874 82 51 in
1590 1874 96 51 deo
1631 1874 109 51 potest

1012 1914 152 52 intelligi
1129 1914 210 52 multipliciter.
1304 1914 82 52 vel
1350 1914 93 52 quod
1409 1914 82 52 sit
1455 1914 70 52 in
1490 1914 82 52 deo
1537 1914 140 52 realiter
1642 1914 70 52 et
1665 1914 70 52 sub-

1009 1957 151 64 iectiue
1119 1957 137 64 aliqua
1215 1957 247 64 multiplicitas.
1421 1957 82 64 et
1462 1957 96 64 hoc
1517 1957 96 64 est
1558 1957 178 64 impossibise

1013 1999 152 62 secundum
1128 1999 190 62 intentionem
1280 1999 152 62 commeta.
1394 1999 89 62 aut
1445 1999 102 62 quod
1508 1999 89 62 sit
1547 1999 190 62 multiplicitas

1016 2046 77 62 in
1055 2046 90 62 deo
1106 2046 90 62 per
1157 2046 231 62 predicationem.
1350 2046 103 62 quia
1414 2046 103 62 esse
1478 2046 77 62 in
1517 2046 90 62 vno
1568 2046 103 62 modo
1620 2046 128 62 secundum

1006 2090 210 61 Damascenum
1171 2090 90 61 in
1216 2090 150 61 logica
1321 2090 105 61 sua
1382 2090 105 61 est
1442 2090 120 61 dici
1517 2090 90 61 de
1562 2090 105 61 re.
1622 2090 90 61 et
1652 2090 90 61 isto

1003 2133 123 60 modo
1080 2133 262 60 multiplicitas
1296 2133 108 60 est
1357 2133 93 60 in
1404 2133 123 60 deo.
1481 2133 108 60 hoc
1542 2133 108 60 est
1604 2133 123 60 sunt
1666 2133 77 60 mul

1014 2176 93 62 ta
1061 2176 248 62 predicabilia
1263 2176 93 62 de
1309 2176 124 62 deo.
1387 2176 93 62 Et
1434 2176 124 62 ideo
1511 2176 124 62 sunt
1589 2176 155 62 tantum
1682 2176 62 62 in

1007 2222 208 60 intellectu.
1174 2222 167 60 scilicet
1299 2222 180 60 obiectiue
1437 2222 167 60 secundum
1562 2222 111 60 vnam
1618 2222 111 60 opinio

1003 2263 117 70 nem.
1076 2263 102 70 vel
1135 2263 204 70 subiectiue
1295 2263 175 70 secundum
1427 2263 131 70 aliam
1514 2263 88 70 et
1558 2263 102 70 non
1616 2263 88 70 in
1645 2263 88 70 deo.

1007 2307 161 65 scilicet
1127 2307 161 65 realiter
1248 2307 80 65 et
1288 2307 201 65 subiectiue.
1449 2307 67 65 â‹
1475 2307 80 65 Ad
1516 2307 121 65 aliud
1596 2307 107 65 quod
1650 2307 80 65 ests

1006 2351 93 60 et
1052 2351 124 60 vnum
1129 2351 93 60 si
1176 2351 201 60 supponant
1331 2351 248 60 personaliter
1532 2351 155 60 potius
1625 2351 108 60 sutit

1008 2401 110 59 vna
1071 2401 110 59 res
1134 2401 94 59 et
1181 2401 110 59 vna
1244 2401 157 59 natura
1353 2401 126 59 quam
1432 2401 157 59 dicant
1542 2401 157 59 eandem
1636 2401 94 59 natu

1006 2442 117 65 ram.
1079 2442 88 65 et
1123 2442 88 65 si
1167 2442 102 65 sic
1226 2442 190 65 supponant
1372 2442 102 65 non
1430 2442 146 65 aliter
1518 2442 219 65 distinguuntur

997 2485 109 66 ens
1060 2485 94 66 et
1107 2485 140 66 vnum.
1200 2485 125 66 quam
1278 2485 109 66 ens
1341 2485 94 66 et
1388 2485 125 66 ens.
1466 2485 94 66 et
1512 2485 125 66 vnum
1591 2485 94 66 et
1622 2485 109 66 vnum.

1010 2528 76 59 Si
1048 2528 113 59 autem
1124 2528 164 59 supponant
1250 2528 189 59 simpliciter
1401 2528 88 59 vel
1452 2528 214 59 materialiter.
1628 2528 88 59 sic
1666 2528 63 59 non

1000 2575 112 59 sunt
1070 2575 98 59 vna
1126 2575 98 59 res
1182 2575 98 59 nec
1237 2575 98 59 vna
1293 2575 112 59 nam.
1363 2575 98 59 Sed
1419 2575 140 59 dicunt
1517 2575 140 59 eandem
1600 2575 126 59 naturam

992 2620 82 66 et
1033 2620 231 66 distinguuntur
1223 2620 122 66 inter
1305 2620 95 66 se.
1359 2620 122 66 sicut
1441 2620 95 66 duo
1495 2620 177 66 conceptus
1631 2620 95 66 vel
1672 2620 68 66 duo
