2199 3080
263 208 159 65 singulari.
388 208 68 65 De
422 208 91 65 ista
479 208 125 65 ratione
570 208 68 65 et
604 208 68 65 de
638 208 91 65 illa
695 208 182 65 propositione
843 208 68 65 in
877 208 80 65 qua
911 208 68 65 sum-

256 272 112 48 datur
330 272 112 48 alias
405 272 150 48 patebit.
518 272 187 48 Confirmatur
667 272 100 48 ista
730 272 125 48 ratio.
817 272 100 48 quia
867 272 100 48 indiui

258 310 102 53 duum
322 310 140 53 aliquid
424 310 115 53 addit
500 310 115 53 supra
576 310 140 53 naturam
678 310 153 53 secundum
793 310 127 53 istos.
882 310 76 53 et
907 310 64 53 hec

261 359 110 52 aliquid
341 359 110 52 faciens
421 359 70 52 per
462 359 60 52 se
492 359 80 52 vnum
542 359 70 52 cum
582 359 80 52 illa
632 359 60 52 re
662 359 150 52 vniversali.
782 359 80 52 quia
833 359 60 52 si
863 359 80 52 non.
903 359 60 52 tunc

257 400 95 47 esset
321 400 117 47 aliquid
406 400 85 47 quod
459 400 74 47 nec
501 400 95 47 esset
565 400 148 47 substantia
682 400 74 47 nec
724 400 138 47 accidens.
830 400 85 47 ergo
883 400 74 47 non
915 400 53 47 vi-

259 441 154 50 includere
377 441 236 50 contradictionem.
578 441 95 50 quod
637 441 106 50 illud
708 441 130 50 additum
803 441 177 50 conseruetur
933 441 35 50 a

247 491 81 55 deo
294 491 92 55 sine
351 491 92 55 omni
409 491 81 55 nam
455 491 161 55 vniversali
582 491 173 55 adueniente.
720 491 92 55 quod
778 491 127 55 videtur
859 491 115 55 absurdum

262 527 60 64 â‹
286 527 119 64 Tertio
369 527 95 64 sic.
429 527 167 64 indiuiduum
560 527 143 64 alicuius
667 527 131 64 speciei
762 527 119 64 potest
846 527 119 64 creari
917 527 48 64 de

238 577 129 50 nouo.
324 577 244 50 quantumcumque
525 577 158 50 maneant
640 577 115 50 alia
712 577 187 50 indiuidua
842 577 129 50 eiusdem

248 616 126 62 speciei
339 616 103 62 prius
408 616 114 62 creata
488 616 80 62 vel
533 616 149 62 producta.
648 616 80 62 sed
694 616 126 62 creatio
785 616 80 62 est
819 616 149 62 simpliciter

244 666 82 46 de
285 666 151 46 nihilo.
395 666 96 46 ita
450 666 110 46 quod
518 666 123 46 nihil
600 666 192 46 essentiale
751 666 96 46 vel
792 666 178 46 intrinsecum

247 710 84 54 rei
295 710 180 54 simpliciter
439 710 156 54 praecedat
559 710 72 54 in
595 710 96 54 esse
655 710 120 54 reali.
739 710 96 54 ergo
799 710 108 54 nulla
871 710 84 54 res
907 710 60 54 non

246 754 139 52 variata
347 754 189 52 praexistens
499 754 76 52 in
537 754 164 52 quocumque
663 754 164 52 indiuiduo
789 754 88 52 est
839 754 76 52 de
865 754 88 52 esset

231 799 90 54 tia
282 799 128 54 istius
372 799 166 54 indiuidui
500 799 77 54 de
538 799 102 54 nouo
602 799 141 54 creati:
704 799 102 54 quia
768 799 77 54 si
807 799 90 54 sic
845 799 115 54 aliquid

245 848 156 50 essentiale
367 848 89 50 isti
423 848 78 50 rei
468 848 178 50 praecederet.
613 848 67 50 et
646 848 78 50 per
690 848 156 50 consequens
813 848 78 50 non
846 848 123 50 crearetur

238 888 94 48 ergo
297 888 82 48 non
344 888 82 48 est
390 888 117 48 aliqua
472 888 82 48 res
519 888 176 48 vniversalis
660 888 70 48 de
695 888 129 48 esentia
788 888 129 48 istorum
870 888 94 48 indiui

241 929 133 57 duorum.
338 929 97 57 quia
398 929 73 57 si
435 929 97 57 sic.
495 929 97 57 illa
556 929 194 57 praexisteret
714 929 97 57 omni
774 929 158 57 indiuiduo
883 929 73 57 post

233 969 115 63 primum
313 969 161 63 productum.
439 969 69 63 et
474 969 80 63 per
520 969 161 63 consequens
646 969 103 63 omnia
715 969 138 63 producta
818 969 92 63 post
864 969 92 63 primum

235 1023 177 53 productum
372 1023 95 53 non
426 1023 205 53 crearentur.
590 1023 109 53 quia
658 1023 95 53 non
713 1023 136 53 essent
808 1023 82 53 de
835 1023 123 53 nihilo.

256 1062 148 52 Preterea
367 1062 111 52 omnis
441 1062 86 52 res
490 1062 173 52 singularis
625 1062 123 52 potest
712 1062 173 52 annihilari
847 1062 99 52 sine
897 1062 49 52 ar

224 1108 200 56 nihilatione
383 1108 93 56 vel
437 1108 213 56 destructione
610 1108 160 56 alterius
730 1108 93 56 rei
783 1108 186 56 singularis
916 1108 40 56 a

225 1147 104 56 quae
290 1147 78 56 in
329 1147 117 56 nullo
406 1147 168 56 dependet.
536 1147 104 56 ergo
600 1147 129 56 potest
691 1147 104 56 iste
756 1147 104 56 homo
808 1147 142 56 annihilar

238 1194 73 49 a
268 1194 102 49 deo
326 1194 131 49 nullo
413 1194 116 49 alio
485 1194 145 49 homine
587 1194 203 49 annihilato
747 1194 102 49 vel
790 1194 160 49 destructo

228 1236 104 48 Sed
288 1236 89 48 in
332 1236 252 48 annihilatione
540 1236 104 48 vel
599 1236 223 48 intrinsecum
777 1236 104 48 rei
822 1236 134 48 remanet

239 1278 80 62 nec
284 1278 69 62 in
319 1278 69 62 se
353 1278 80 62 nec
399 1278 69 62 in
434 1278 92 62 alio
491 1278 92 62 quam
549 1278 69 62 in
583 1278 92 62 esse
641 1278 115 62 reali.
721 1278 92 62 ergo
779 1278 80 62 non
825 1278 80 62 est
859 1278 92 62 aliqua

233 1329 100 59 talis
299 1329 78 59 res
344 1329 133 59 communis
443 1329 133 59 vtrique.
543 1329 89 59 quia
599 1329 89 59 tunc
654 1329 89 59 illa
709 1329 199 59 annihilaretur.
876 1329 66 59 et
898 1329 44 59 pe

224 1363 163 67 consequens
352 1363 116 67 nullus
433 1363 105 67 alius
503 1363 93 67 homo
561 1363 151 67 remaneret
677 1363 139 67 secundum
782 1363 151 67 essentiam
886 1363 70 67 suam

227 1418 67 55 et
260 1418 145 55 quaelibet
372 1418 89 55 homo
427 1418 111 55 saltem
505 1418 178 55 corrumpetur.
650 1418 89 55 quia
705 1418 156 55 annihilata
817 1418 134 55 quaecumque

230 1459 95 59 parre
294 1459 148 59 destruitur
410 1459 106 59 totum.
484 1459 53 59 â‹
506 1459 63 59 Si
537 1459 180 59 praeteruiatur
685 1459 138 59 contrusio
791 1459 95 59 istas
844 1459 106 59 rationes

229 1503 92 54 quod
287 1503 127 54 aliquid
379 1503 127 54 creatur
471 1503 81 54 vel
518 1503 173 54 annihilatur
656 1503 115 54 quando
737 1503 150 54 quodlibet
852 1503 69 54 in
875 1503 69 54 illo

221 1548 109 49 quod
290 1548 95 49 est
344 1548 109 49 vnum
412 1548 136 49 numero
508 1548 82 49 in
549 1548 109 49 illo
617 1548 150 49 creatur
726 1548 95 49 vel
767 1548 177 49 annihilatur

225 1590 73 50 non
266 1590 93 50 tamen
328 1590 114 50 oportet
411 1590 83 50 quod
463 1590 104 50 natura
536 1590 124 50 communis
629 1590 83 50 sibi
681 1590 62 50 et
712 1590 93 50 aliis
774 1590 114 50 creetur
857 1590 83 50 tunc
898 1590 52 50 vel

228 1632 225 48 annihilaretur.
416 1632 63 48 â‹
441 1632 125 48 Contra
529 1632 138 48 creatio
629 1632 88 48 est
679 1632 188 48 simpliciter
830 1632 75 48 de
855 1632 100 48 nihilo

229 1680 85 44 ita
278 1680 98 44 quod
339 1680 110 44 nihil
412 1680 183 44 intrinsecum
558 1680 73 44 et
595 1680 171 44 essentiale
729 1680 85 44 rei
778 1680 171 44 praecedat.
900 1680 49 44 si

224 1725 127 55 militer
317 1725 69 55 in
351 1725 196 55 annihilatione
512 1725 104 55 nihil
581 1725 138 55 remanet.
685 1725 92 55 ergo
742 1725 69 55 si
777 1725 127 55 aliquid
857 1725 81 55 essen

225 1766 116 45 tiale
303 1766 90 45 rei
354 1766 155 45 creabili
470 1766 90 45 vel
522 1766 207 45 annihilabili
690 1766 168 45 praecedat
819 1766 77 45 et
845 1766 90 45 reman

226 1808 82 54 non
273 1808 211 54 annihilabitur.
449 1808 187 54 Confirmatur.
601 1808 94 54 quia
660 1808 82 54 ita
707 1808 176 54 essentialis
847 1808 82 54 est
882 1808 59 54 in-

227 1851 125 51 diuiduo
317 1851 91 51 illa
374 1851 79 51 res
420 1851 170 51 vniversalis
556 1851 102 51 sicut
624 1851 159 51 quaecunque
749 1851 79 51 res
783 1851 170 51 particularis.

228 1894 71 51 ita
268 1894 91 51 eniam
329 1894 171 51 essentialiter
470 1894 121 51 secundum
561 1894 71 51 eos
601 1894 101 51 sortes
672 1894 71 51 est
712 1894 91 51 homo.
773 1894 91 51 sicut
833 1894 91 51 habet
883 1894 61 51 hanc

217 1940 133 52 materiam
316 1940 66 52 et
350 1940 88 52 hanc
405 1940 122 52 formam.
493 1940 88 52 ergo
548 1940 99 52 sicut
615 1940 110 52 sortes
692 1940 77 52 non
736 1940 110 52 potest
802 1940 133 52 annihilari

220 1988 87 50 nec
269 1988 137 50 creari.
369 1988 100 50 nisi
431 1988 87 50 tam
481 1988 87 50 hoc
531 1988 137 50 materia
630 1988 100 50 quam
692 1988 87 50 hoc
742 1988 112 50 forma
804 1988 137 50 crearetur

220 2031 96 50 vel
275 2031 247 50 annihilaretur.
481 2031 96 50 ita
536 2031 137 50 sortes
632 2031 96 50 non
686 2031 151 50 poterit
796 2031 137 50 creari
878 2031 69 50 vel

222 2071 166 48 annihilari
353 2071 95 48 nisi
412 2071 95 48 haec
472 2071 83 48 res
519 2071 95 48 sibi
579 2071 178 48 essentialis
721 2071 178 48 simpliciter
852 2071 83 48 prius

215 2116 79 49 sit
260 2116 113 49 nihil.
339 2116 79 49 vel
385 2116 113 49 postea
464 2116 79 49 sit
510 2116 170 49 simpliciter
646 2116 113 49 nihil.
725 2116 148 49 Similiter
839 2116 91 49 ista
884 2116 57 49 nam

222 2159 152 50 communis
336 2159 89 50 est
387 2159 114 50 magis
463 2159 177 50 esentialis
602 2159 76 50 et
640 2159 177 50 intrinseca
779 2159 101 50 isti
830 2159 101 50 indium

209 2201 107 54 duo.
276 2201 107 54 quam
343 2201 188 54 quaecumque
490 2201 147 54 materia
597 2201 94 54 vel
651 2201 161 54 potentia
771 2201 147 54 materie
865 2201 67 54 for

209 2247 78 48 me
248 2247 183 48 materiali.
392 2247 92 48 sed
444 2247 78 48 si
483 2247 118 48 forma
562 2247 183 48 materialis
706 2247 183 48 producatur
850 2247 78 48 in
876 2247 52 48 ma

215 2293 126 47 teria
299 2293 126 47 prima
383 2293 84 47 de
425 2293 168 47 potentia
551 2293 168 47 materie.
678 2293 98 47 non
734 2293 154 47 creatur
846 2293 98 47 vel
888 2293 56 47 si

204 2334 183 58 remaneat
341 2334 168 58 materia
463 2334 107 58 vel
525 2334 183 58 potentia
662 2334 183 58 materie.
800 2334 107 58 non
845 2334 92 58 anni

212 2377 120 55 hilatur
300 2377 131 55 secundum
398 2377 110 55 istos.
475 2377 88 55 ergo
530 2377 99 55 multo
595 2377 120 55 fortius
683 2377 66 55 si
716 2377 88 55 haec
771 2377 77 55 res
804 2377 131 55 intrinseca

212 2425 106 58 isti
278 2425 173 58 indiuiduo
411 2425 173 58 praecedat
544 2425 93 58 vel
597 2425 173 58 sequatur.
730 2425 93 58 non
783 2425 146 58 creatur
877 2425 66 58 vel

204 2469 85 51 non
252 2469 193 51 annihilatur.
409 2469 157 51 Similiter
530 2469 109 51 eadem
603 2469 169 51 facilitate
736 2469 109 51 dicam
808 2469 97 51 quod
856 2469 73 51 ista

205 2515 101 51 res
262 2515 158 51 poterit
377 2515 158 51 creari.
493 2515 86 51 si
536 2515 130 51 illud
622 2515 158 51 additum
738 2515 144 51 nature
824 2515 101 51 prius

204 2557 90 57 non
255 2557 90 57 sit
307 2557 115 57 purum
384 2557 128 57 nihil.
473 2557 90 57 dum
525 2557 115 57 tamen
602 2557 103 57 ipsa
666 2557 128 57 natura
756 2557 115 57 prius
832 2557 90 57 sit
871 2557 64 57 pu-

200 2601 99 68 rum
256 2601 141 68 nihil.
355 2601 99 68 cum
411 2601 169 68 vtrumque
538 2601 99 68 sit
595 2601 113 68 sibi
665 2601 197 68 essentiale
820 2601 70 68 â‹
834 2601 113 68 Quinto

1054 224 108 68 carguo
1130 224 87 68 sic.
1184 224 76 68 Aut
1227 224 87 68 iste
1281 224 87 68 homo
1335 224 162 68 vniversalis
1465 224 76 68 seu
1509 224 130 68 communis
1606 224 76 68 est
1649 224 65 68 de
1671 224 108 68 essentia

1067 270 102 58 sortum
1138 270 71 58 aut
1179 270 82 58 non:
1230 270 61 58 si
1261 270 82 58 non.
1312 270 61 58 et
1342 270 102 58 certum
1414 270 71 58 est
1455 270 122 58 secundum
1546 270 102 58 istos.
1618 270 82 58 quod
1669 270 102 58 sortes
1730 270 51 58 non

1067 325 74 54 est
1110 325 64 54 de
1142 325 127 54 essentia
1237 325 106 54 istius
1311 325 117 54 hominis
1396 325 117 54 comnis.
1481 325 85 54 quia
1534 325 85 54 tunc
1587 325 85 54 iste
1640 325 85 54 homo
1683 325 106 54 communis

1062 361 92 63 non
1114 361 144 63 maueret
1219 361 105 63 sine
1285 361 131 63 sorte.
1377 361 105 63 quod
1443 361 144 63 negant.
1548 361 105 63 ergo
1613 361 105 63 sunt
1679 361 92 63 duo
1718 361 66 63 quo

1058 413 88 45 rum
1109 413 138 45 neutrum
1209 413 88 45 est
1259 413 75 45 de
1297 413 138 45 esentia
1397 413 163 45 alterius.
1523 413 100 45 tunc
1585 413 138 45 quaero.
1686 413 88 45 aut
1723 413 63 45 fa-

1057 456 96 49 ciunt
1121 456 117 49 aliquid
1206 456 75 49 per
1249 456 64 49 se
1281 456 96 49 vnum.
1345 456 64 49 et
1377 456 64 49 si
1409 456 85 49 sic.
1462 456 85 49 ergo
1515 456 106 49 sortes
1590 456 75 49 non
1632 456 75 49 est
1664 456 128 49 indiuiduum

1061 495 75 58 sed
1104 495 86 58 erit
1158 495 86 58 pars
1211 495 128 58 alicuius
1307 495 75 58 per
1350 495 64 58 se
1382 495 107 58 vnius.
1457 495 139 58 Similiter
1564 495 86 58 tunc
1618 495 75 58 non
1661 495 86 58 plus
1703 495 86 58 essen-

1066 540 135 60 tialiter
1167 540 101 60 esset
1235 540 101 60 homo.
1302 540 90 60 quam
1359 540 124 60 materia
1449 540 79 60 aut
1494 540 101 60 forma
1562 540 79 60 cum
1607 540 90 60 quae
1663 540 101 60 facit
1720 540 56 60 per

1057 577 75 56 se
1094 577 112 56 vnum.
1169 577 75 56 Si
1206 577 87 56 non
1256 577 137 56 faciant
1355 577 87 56 per
1405 577 75 56 se
1442 577 112 56 vnum.
1517 577 75 56 et
1554 577 100 56 vnum
1616 577 87 56 non
1666 577 87 56 est
1703 577 75 56 acci

1054 633 89 48 dens
1110 633 145 48 alterius.
1221 633 89 48 ergo
1277 633 134 48 vtrumque
1377 633 89 48 erit
1433 633 78 48 per
1478 633 67 48 se
1511 633 156 48 subsistens
1634 633 134 48 existens
1723 633 56 48 cum

1059 675 147 63 multis.
1166 675 107 63 quod
1233 675 147 63 negant.
1340 675 80 63 et
1380 675 121 63 multa
1461 675 107 63 alia
1528 675 147 63 absurda
1635 675 107 63 quae
1689 675 80 63 null

1049 715 98 61 sane
1110 715 123 61 mentis
1196 715 135 61 caperet
1295 715 172 61 sequuntur.
1430 715 74 61 si
1467 715 98 61 illa
1528 715 86 61 res
1577 715 184 61 vniversalis
1713 715 61 61 non

1056 764 90 56 est
1107 764 77 56 de
1146 764 141 56 esentia
1248 764 141 56 sortis.
1351 764 90 56 nec
1402 764 115 56 facit
1479 764 90 56 cum
1530 764 128 56 aliquo
1620 764 90 56 per
1671 764 77 56 se
1696 764 90 56 vnum.

1061 800 56 62 â‹
1083 800 67 62 Si
1117 800 123 62 dicitur
1206 800 90 62 quod
1262 800 90 62 illa
1318 800 78 62 res
1363 800 168 62 vniversalis
1497 800 78 62 est
1542 800 67 62 de
1576 800 123 62 esentia
1665 800 112 62 sortis
1732 800 45 62 et

1050 852 89 49 non
1101 852 101 49 tota
1164 852 152 49 essentia
1278 852 139 49 sortis.
1380 852 101 49 quia
1443 852 101 49 tunc
1506 852 89 49 non
1557 852 114 49 esset
1633 852 89 49 res
1683 852 101 49 alia
1734 852 38 49 a

1047 887 120 60 sorte.
1131 887 96 60 ergo
1191 887 84 60 est
1239 887 96 60 pars
1299 887 204 60 essentialiter
1468 887 132 60 sortis.
1564 887 72 60 Ex
1600 887 96 60 illo
1648 887 120 60 sequuntu

1051 943 133 54 multa
1140 943 177 54 absurda.
1272 943 147 54 Primum
1375 943 118 54 quia
1449 943 118 54 tunc
1523 943 147 54 sortes
1626 943 103 54 non
1670 943 103 54 magis

1048 989 102 56 esset
1116 989 79 56 res
1161 989 158 56 singularis
1285 989 90 56 quam
1342 989 181 56 vniversalis.
1488 989 90 56 quia
1545 989 102 56 totum
1613 989 79 56 non
1658 989 102 56 magis
1714 989 57 56 de-

1043 1030 163 52 nominatur
1169 1030 75 52 ab
1206 1030 88 52 vna
1256 1030 88 52 sua
1306 1030 113 52 parte
1381 1030 175 52 essentiali
1519 1030 100 52 quam
1581 1030 75 52 ab
1619 1030 113 52 alta.
1681 1030 88 52 sicut

1043 1072 190 58 compositum
1193 1072 95 58 non
1247 1072 149 58 dicitur
1355 1072 122 58 magis
1437 1072 109 58 esse
1505 1072 122 58 forma
1586 1072 109 58 quam
1640 1072 136 58 materia.

1049 1117 99 60 nec
1105 1117 197 60 econuerso.
1260 1117 155 60 quamuis
1373 1117 127 60 forma
1458 1117 99 60 sit
1514 1117 113 60 pars
1571 1117 211 60 principalior.

1045 1159 153 53 Secudum
1156 1159 111 53 quia
1226 1159 111 53 tunc
1295 1159 97 53 res
1351 1159 195 53 singularis
1504 1159 111 53 vere
1573 1159 125 53 esset
1643 1159 125 53 materia

1053 1207 73 49 rei
1094 1207 167 49 vniversalis.
1230 1207 63 49 et
1261 1207 73 49 res
1303 1207 156 49 vniversalis
1428 1207 94 49 esset
1491 1207 104 49 forma.
1564 1207 73 49 vel
1606 1207 136 49 ecouerso.
1699 1207 63 49 quia

1050 1251 88 55 aut
1101 1251 101 55 illa
1164 1251 88 55 res
1214 1251 177 55 singularis
1353 1251 126 55 addita
1441 1251 76 55 et
1479 1251 189 55 vniversalis
1630 1251 101 55 sunt
1681 1251 88 55 eius-

1048 1287 84 51 dem
1096 1287 144 51 rationis
1204 1287 84 51 aut
1251 1287 156 51 alterius.
1371 1287 84 51 non
1419 1287 144 51 eiusdem.
1527 1287 96 51 quia
1587 1287 96 51 tunc
1646 1287 84 51 non
1682 1287 84 51 magis

1050 1334 94 50 esset
1112 1334 73 50 vna
1154 1334 156 50 vniversalis
1278 1334 83 50 quam
1330 1334 94 50 alia.
1393 1334 62 50 Si
1424 1334 135 50 alterius.
1528 1334 62 50 et
1559 1334 94 50 omnia
1621 1334 83 50 quae
1673 1334 83 50 sunt
1715 1334 52 50 ali

1049 1378 114 46 terius
1129 1378 137 46 rationis
1232 1378 69 46 si
1266 1378 126 46 faciant
1357 1378 80 46 per
1403 1378 69 46 se
1437 1378 103 46 vnum.
1506 1378 69 46 se
1540 1378 126 46 habeant
1632 1378 103 46 sicut
1689 1378 80 46 forma

1041 1424 138 45 materia.
1145 1424 92 45 ergo
1203 1424 81 45 res
1249 1424 173 45 vniversalis
1387 1424 69 45 et
1422 1424 161 45 singularis
1549 1424 69 45 se
1583 1424 115 45 habent
1664 1424 104 45 sicut
1722 1424 46 45 ma

1038 1468 114 52 teria
1114 1468 76 52 et
1152 1468 114 52 forma
1228 1468 63 52 â‹
1254 1468 76 52 Si
1292 1468 139 52 dicitur
1393 1468 101 52 quod
1456 1468 89 52 hoc
1507 1468 89 52 non
1558 1468 89 52 est
1608 1468 127 52 verum.
1684 1468 89 52 nisi-

1048 1509 122 52 quando
1133 1509 134 52 vtraque
1231 1509 134 52 illarum
1329 1509 110 52 rerum
1402 1509 86 52 est
1451 1509 183 52 singularis.
1598 1509 86 52 hoc
1647 1509 86 52 non
1683 1509 86 52 valet

1051 1555 80 59 qui
1096 1555 103 59 eadem
1165 1555 160 59 facilitate
1291 1555 114 59 dicam.
1371 1555 92 59 quod
1428 1555 114 59 quando
1508 1555 126 59 vtraque
1600 1555 103 59 rerum
1668 1555 80 59 est
1703 1555 57 59 sin

1038 1597 152 52 gularis.
1152 1597 88 52 non
1203 1597 139 52 oportet
1304 1597 101 52 quod
1367 1597 88 52 sic
1417 1597 76 52 se
1455 1597 126 52 habeat
1544 1597 101 52 quod
1607 1597 88 52 vna
1657 1597 88 52 sit
1695 1597 76 52 mate

1039 1646 86 54 ria
1088 1646 74 54 et
1125 1646 98 54 alia
1186 1646 123 54 forma.
1272 1646 123 54 Tertio
1357 1646 147 54 sequitur
1468 1646 98 54 quod
1529 1646 159 54 quodlibet
1639 1646 123 54 accidens

1044 1679 116 59 esset
1121 1679 103 59 vere
1186 1679 77 59 et
1225 1679 155 59 realiter
1341 1679 180 59 compositum
1482 1679 77 59 ex
1521 1679 155 59 diuersis
1637 1679 116 59 rebus
1702 1679 64 59 rea

1043 1721 91 65 liter
1103 1721 141 65 distinctur
1214 1721 121 65 scilicet
1305 1721 60 65 ex
1335 1721 101 65 natura
1406 1721 141 65 vniversali
1516 1721 91 65 tali.
1577 1721 60 65 et
1607 1721 60 65 ex
1637 1721 101 65 aliquo
1698 1721 60 65 sibi

1044 1772 115 48 addito.
1127 1772 63 48 Et
1159 1772 178 48 vniversaliter
1305 1772 147 48 sequeretur
1421 1772 84 48 quod
1473 1772 73 48 tot
1515 1772 105 48 essent
1588 1772 73 48 res
1630 1772 126 48 realiter
1714 1772 42 48 di

1032 1814 131 52 stincte
1127 1814 72 52 in
1163 1814 143 52 quolibet
1270 1814 167 52 singulari.
1402 1814 95 52 quot
1461 1814 95 52 sunt
1521 1814 179 52 vniversalia
1652 1814 107 52 praedi-

1035 1867 145 47 cabilia
1140 1867 145 47 vniuoce
1246 1867 79 47 de
1285 1867 132 47 eodem.
1378 1867 105 47 Item
1444 1867 105 47 tunc
1509 1867 132 47 sortes
1602 1867 119 47 esset
1668 1867 92 47 alte-

1030 1904 99 49 rius
1092 1904 149 49 rationis
1203 1904 62 49 a
1228 1904 149 49 platone.
1340 1904 99 49 quia
1402 1904 99 49 illa
1464 1904 124 49 addita
1551 1904 149 49 pluribus
1651 1904 99 49 essent

1040 1951 196 48 diuersarum
1194 1951 154 48 ration.
1306 1951 70 48 â‹
1334 1951 126 48 Sexto
1418 1951 98 48 sic
1474 1951 140 48 arguo.
1572 1951 126 48 omnis
1656 1951 98 48 res
1698 1951 56 48 ex

1037 1995 100 46 animam
1107 1995 60 46 in
1137 1995 100 46 genere
1207 1995 150 46 substantiae
1327 1995 70 46 est
1367 1995 140 46 susceptiua
1476 1995 140 46 conriorum.
1586 1995 80 46 ergo
1636 1995 60 46 si
1666 1995 70 46 sit
1696 1995 60 46 ali-

1032 2035 69 53 qua
1072 2035 138 53 substantia
1180 2035 148 53 vniversalis
1299 2035 79 53 vere
1349 2035 79 53 erit
1398 2035 138 53 susceptiua
1507 2035 168 53 contrariorum.
1645 2035 69 53 sed
1675 2035 79 53 nullum

1033 2076 131 64 vniversale
1136 2076 65 64 est
1173 2076 140 64 susceptiuum
1285 2076 159 64 contrariorum.
1416 2076 75 64 ergo
1463 2076 94 64 nullum
1528 2076 75 64 tale
1575 2076 131 64 vniversale
1678 2076 65 64 est
1706 2076 47 64 res

1029 2121 86 57 realis
1090 2121 52 57 in
1116 2121 86 57 genere
1176 2121 129 57 subteantia.
1280 2121 121 57 Antecedens
1375 2121 86 57 patet.
1435 2121 60 57 per
1470 2121 129 57 philosophum
1573 2121 52 57 in
1599 2121 155 57 praedicamentis
1720 2121 43 57 di-

1041 2172 107 53 centem.
1119 2172 78 53 quod
1168 2172 68 53 hoc
1207 2172 68 53 est
1246 2172 107 53 proprie
1324 2172 117 53 proprium
1412 2172 146 53 substantia.
1529 2172 78 53 Quod
1578 2172 88 53 autem
1636 2172 98 53 nullum
1695 2172 59 53 tale

1036 2206 74 57 sit
1079 2206 159 57 susceptiuum
1206 2206 138 57 conriorum
1313 2206 106 57 probo.
1387 2206 85 57 quia
1440 2206 96 57 sicut
1504 2206 138 57 contraria
1610 2206 117 57 possunt
1684 2206 64 57 esse

1029 2252 80 52 in
1069 2252 160 52 diuersis
1189 2252 187 52 indiuiduis
1336 2252 147 52 eiusdem
1443 2252 147 52 speciei
1536 2252 214 52 specialissimen

1038 2295 72 64 ita
1079 2295 83 64 ista
1131 2295 134 64 contraria
1234 2295 103 64 essent
1306 2295 62 64 in
1337 2295 93 64 eodem
1400 2295 145 64 vniversali
1513 2295 93 64 simul
1575 2295 83 64 quod
1627 2295 72 64 est
1658 2295 93 64 impossi

1028 2338 86 60 bile.
1086 2338 153 60 consequentia
1210 2338 96 60 patet.
1278 2338 77 60 quia
1325 2338 77 60 illa
1373 2338 125 60 indiuidua
1469 2338 125 60 contraria
1565 2338 67 60 non
1603 2338 105 60 possunt
1670 2338 77 60 existe

1026 2391 61 56 re.
1061 2391 69 56 nisi
1104 2391 61 56 sua
1139 2391 104 56 communia
1217 2391 130 56 vniversalia
1322 2391 113 56 existant.
1408 2391 69 56 ergo
1452 2391 96 56 oportet
1521 2391 69 56 quod
1565 2391 69 56 illa
1608 2391 104 56 communia
1678 2391 69 56 contra

1026 2430 91 57 ria
1078 2430 104 57 sint
1143 2430 78 57 in
1181 2430 129 57 aliquo
1272 2430 181 57 susceptiuo
1414 2430 129 57 primo.
1505 2430 91 57 sed
1557 2430 91 57 non
1609 2430 104 57 sunt
1660 2430 91 57 primo

1023 2473 77 63 in
1062 2473 128 63 aliquo
1152 2473 180 63 singulari.
1293 2473 90 63 nec
1344 2473 77 63 in
1383 2473 167 63 aliquibus
1511 2473 218 63 singularibus.
1678 2473 77 63 ergo

1023 2518 72 50 sunt
1068 2518 81 50 primo
1122 2518 54 50 in
1149 2518 90 50 aliquo
1212 2518 135 50 vniversali.
1320 2518 63 50 vel
1356 2518 54 50 in
1383 2518 117 50 aliquibus
1474 2518 162 50 vniversalibus.
1609 2518 63 50 sed
1645 2518 63 50 non
1672 2518 81 50 oportet

1025 2563 77 53 quod
1074 2563 77 53 sint
1122 2563 87 53 simul
1180 2563 58 53 in
1209 2563 125 53 aliquibus
1305 2563 174 53 vniversalibus.
1450 2563 77 53 ergo
1498 2563 116 53 poterunt
1585 2563 77 53 esse
1634 2563 87 53 simul
1691 2563 58 53 in
1711 2563 48 53 ali

1024 2606 81 66 quo
1071 2606 163 66 vniversali
1199 2606 93 66 vno.
1257 2606 93 66 quia
1315 2606 151 66 possibile
1431 2606 81 66 est
1478 2606 93 66 quod
1536 2606 93 66 illa
1594 2606 163 66 singularia
1710 2606 47 66 in
