2240 3056
417 195 118 74 quibus
500 195 95 74 sunt
559 195 166 74 accidentia
689 195 166 74 singularia
820 195 95 74 sint
879 195 130 74 eiusdem
962 195 178 74 specieispena-

415 246 157 79 lissime.
532 246 118 79 Uerbi
611 246 144 79 gratia.
715 246 104 79 ista
781 246 118 79 anima
859 246 209 79 intellectiua
1016 246 118 79 respeci

422 292 130 63 alicuius
520 292 174 63 conclusionis
661 292 98 63 habet
726 292 152 63 scientiam.
845 292 65 63 et
878 292 87 63 alia
932 292 98 63 anima
986 292 152 63 intellectiua

428 336 117 69 respecum
516 336 108 69 eiusdem
594 336 88 69 habet
653 336 117 69 errorem.
741 336 78 69 tunc
790 336 117 69 scientia
878 336 59 69 in
907 336 117 69 communi.
995 336 78 69 quia
1034 336 98 69 praecise

424 381 125 62 respicit
518 381 167 62 conclusionem
653 381 94 62 hanc.
716 381 63 62 et
747 381 94 62 error
810 381 63 62 in
841 381 115 62 communi
925 381 84 62 sibi
977 381 157 62 contrarius.
1092 381 52 62 non

420 427 99 60 sunt
482 427 174 60 subiectiue
618 427 74 60 in
655 427 149 60 diuersis
767 427 211 60 vniversalibus
941 427 74 60 ad
978 427 112 60 istas
1040 427 99 60 animas

415 469 227 65 intellectiuas.
605 469 101 65 ergo
668 469 113 65 erunt
743 469 177 65 subiectiue
882 469 76 65 in
920 469 113 65 eodem
983 469 151 65 vniversali

422 513 60 58 et
452 513 71 58 per
492 513 141 58 consequens
603 513 101 58 aliqua
674 513 131 58 contraria
774 513 81 58 sunt
825 513 91 58 simul
885 513 60 58 in
915 513 91 58 eodem
976 513 121 58 subiecto
1056 513 81 58 primo.

419 558 173 67 Confirmatur
558 558 138 67 secundum
661 558 115 67 istos.
742 558 184 67 contrarietas
892 558 104 67 primo
961 558 150 67 reperitur
1064 558 81 67 inter

430 601 143 71 vniversala.
545 601 76 71 ergo
592 601 57 71 et
621 601 143 71 repugnantia
735 601 57 71 et
764 601 133 71 oppositio.
869 601 76 71 ergo
916 601 95 71 conria
983 601 143 71 vniversalia
1088 601 57 71 nllo

414 648 99 59 modo
476 648 149 59 poterunt
587 648 99 59 esse
649 648 74 59 in
686 648 111 59 eodem
760 648 149 59 subiecto
872 648 124 59 primo.
959 648 161 59 Similiter
1070 648 62 59 sed

421 694 92 60 retur
482 694 82 60 quod
533 694 72 60 res
574 694 154 60 vniversalis
697 694 92 60 esset
759 694 92 60 primo
820 694 61 60 et
851 694 72 60 per
892 694 61 60 se
923 694 195 60 transmutabilis.
1077 694 61 60 quia

419 737 113 58 illud
495 737 100 58 quod
558 737 113 58 primo
633 737 75 58 et
671 737 88 58 per
721 737 75 58 se
759 737 138 58 recipit
859 737 138 58 aliquam
960 737 88 58 rem
997 737 151 58 subiectiue

423 780 94 72 vere
482 780 200 72 transmutatur.
647 780 82 72 sed
694 780 141 72 secundum
800 780 106 72 istam
871 780 153 72 opinionem
989 780 130 72 ponitur
1071 780 71 72 quod

427 826 98 59 natura
496 826 147 59 vniversalis
614 826 88 59 primo
673 826 108 59 recipit
751 826 59 59 et
781 826 69 59 per
820 826 59 59 se
849 826 118 59 accidens
938 826 147 59 vniversale.
1056 826 79 59 quia
1095 826 49 59 est

422 868 112 70 primum
500 868 145 70 subiectum
612 868 101 70 suum.
679 868 112 70 igitur
757 868 101 70 primo
824 868 190 70 transmutatur.
980 868 156 70 consequens
1092 868 56 70 est

430 914 121 59 falsum.
518 914 88 59 quia
573 914 132 59 secundum
671 914 99 59 omns.
737 914 99 59 actus
803 914 165 59 operationes
935 914 66 59 et
957 914 186 59 transmutationes

420 958 97 72 primo
485 958 86 72 sunt
539 958 161 72 singularium
668 958 65 72 et
700 958 75 72 non
743 958 183 72 vniversalium.
894 958 54 72 â‹
915 958 140 72 Similiter
1012 958 129 72 sequeretur

424 1000 153 62 quoddam
535 1000 167 62 absurdum
661 1000 84 62 in
703 1000 195 62 theologia.
856 1000 111 62 quod
925 1000 153 62 aliquod
1023 1000 125 62 intrin-

429 1048 102 58 secum
497 1048 68 58 et
530 1048 158 58 essentiale
655 1048 68 58 in
689 1048 124 58 christo
779 1048 102 58 esset
847 1048 136 58 damnatum
949 1048 68 58 et
983 1048 136 58 miserum.
1073 1048 68 58 ta

416 1090 148 73 miseria
523 1090 121 73 culpe
604 1090 107 73 quam
671 1090 148 73 miseria
778 1090 121 73 pene.
859 1090 107 73 quia
926 1090 107 73 illa
993 1090 134 73 natura
1074 1090 67 73 con

435 1133 115 75 munis
512 1133 140 75 christo
613 1133 76 75 et
652 1133 115 75 aliis
728 1133 165 75 hominibus
855 1133 204 75 informaretur
1008 1133 140 75 beatitudi

421 1176 68 69 ne
455 1176 68 69 in
489 1176 126 69 communi
580 1176 68 69 et
615 1176 126 69 miseria
706 1176 126 69 communi
797 1176 80 69 tam
843 1176 103 69 culpe
911 1176 91 69 quam
968 1176 103 69 pene.
1025 1176 126 69 Similiter

422 1219 103 69 tunc
487 1219 116 69 eadem
564 1219 90 69 res
615 1219 116 69 esset
693 1219 116 69 simul
770 1219 77 69 in
808 1219 155 69 diuersis
924 1219 129 69 loqui.
1014 1219 116 69 multa
1079 1219 77 69 alia

427 1268 143 64 absurda
531 1268 169 64 sequuntur
661 1268 78 64 ad
700 1268 117 64 istam
778 1268 169 64 opinionem
909 1268 104 64 quae
974 1268 91 64 non
1026 1268 117 64 sicut
1091 1268 65 64 nec

428 1311 162 71 praedicta
552 1311 137 71 propter
652 1311 100 71 suam
714 1311 274 71 irrationabilitatem
951 1311 75 71 et
976 1311 174 71 absurditatem

440 1356 108 58 essent
516 1356 140 58 conclusio
623 1356 75 58 eam
666 1356 151 58 adducenda.
784 1356 86 58 nisi
838 1356 86 58 quia
892 1356 86 58 fuit
946 1356 108 58 opinio
1021 1356 129 58 multorum
1107 1356 43 58 et

427 1401 123 60 adhuc
509 1401 123 60 forte
591 1401 150 60 ponitur
700 1401 68 60 a
727 1401 136 60 multi.
822 1401 68 60 â‹
849 1401 204 60 Confirmatur
1013 1401 123 60 istud
1081 1401 68 60 vel

430 1438 108 61 timum.
506 1438 86 61 quia
560 1438 108 61 quando
635 1438 86 61 sunt
689 1438 76 61 duo
733 1438 130 61 realiter
830 1438 140 61 distincta
938 1438 140 61 informata
1035 1438 108 61 conctrai

435 1485 95 68 riis.
499 1485 95 68 totum
563 1485 74 68 non
605 1485 85 68 plus
658 1485 159 68 denominatur
785 1485 64 68 ab
817 1485 74 68 vno
860 1485 117 68 illorum
944 1485 180 68 contrariorum.
1082 1485 64 68 quam

430 1529 60 59 a.
460 1529 120 59 relique.
550 1529 80 59 ergo
600 1529 60 59 si
630 1529 70 59 nam
670 1529 100 59 humana
740 1529 150 59 vniversalis
860 1529 120 59 existens
950 1529 60 59 de
980 1529 110 59 esentia
1050 1529 100 59 christi.

425 1573 209 65 informaretur
595 1573 144 65 miseria
700 1573 92 65 tam
752 1573 118 65 culpe
831 1573 105 65 quam
896 1573 118 65 pene.
975 1573 79 65 et
1014 1573 131 65 certum
1093 1573 65 65 est

426 1627 90 68 quod
482 1627 124 68 aliquid
572 1627 90 68 quod
628 1627 79 68 est
673 1627 67 68 de
707 1627 124 68 esentia
797 1627 124 68 christi
886 1627 157 68 informatur
999 1627 157 68 beatitudine.

426 1659 88 74 ergo
481 1659 132 74 christus
580 1659 77 74 non
624 1659 99 74 magis
690 1659 187 74 denominabitur
844 1659 154 74 formaliter
965 1659 110 74 beatus
1042 1659 88 74 quam
1086 1659 55 74 mil

432 1705 90 76 quod
488 1705 79 76 est
533 1705 147 76 absurdum.
646 1705 180 76 Confirmatur.
792 1705 90 76 quia
849 1705 90 76 omne
905 1705 158 76 essentiale
1029 1705 68 76 in
1052 1705 101 76 christo

425 1747 71 56 et
461 1747 119 56 vnitum
544 1747 107 56 verbo
615 1747 130 56 divino.
710 1747 83 56 sed
757 1747 107 56 nihil
828 1747 119 56 vnitum
911 1747 107 56 verbo
982 1747 119 56 divino
1065 1747 83 56 est
1101 1747 59 56 dam

445 1789 91 65 natum
506 1789 71 65 vel
546 1789 121 65 miserum.
637 1789 81 65 ergo
688 1789 91 65 nulla
748 1789 91 65 talis
809 1789 71 65 nam
850 1789 152 65 vniversalis
971 1789 81 65 quae
1021 1789 71 65 sit
1052 1789 101 65 recepti-

435 1837 73 58 na
471 1837 158 58 conriorum
593 1837 98 58 puta
654 1837 195 58 beatitudinis
813 1837 73 58 et
849 1837 134 58 miserie
947 1837 85 58 est
996 1837 73 58 in
1020 1837 134 58 xpositio-

433 1877 54 72 Si
460 1877 100 72 dicitur
533 1877 72 72 quod
578 1877 63 72 non
614 1877 63 72 est
650 1877 109 72 intentio
732 1877 127 72 philosophi
831 1877 72 72 quod
876 1877 81 72 omnis
931 1877 127 72 substantia
1030 1877 63 72 est
1057 1877 100 72 suscepti-

435 1922 53 65 ua
462 1922 150 65 contrariorum.
586 1922 62 65 sed
621 1922 89 65 tantum
683 1922 71 65 pria
727 1922 133 65 substantia.
833 1922 44 65 â‹
851 1922 89 65 Cotra.
913 1922 80 65 sicut
966 1922 71 65 sunt
1010 1922 133 65 vniversalia
1108 1922 44 65 sub

444 1963 159 63 stantiarum.
571 1963 74 63 ita
614 1963 85 63 sunt
666 1963 159 63 vniversalia
793 1963 169 63 accidentium.
931 1963 85 63 ergo
983 1963 106 63 albedo
1057 1963 63 63 et
1078 1963 85 63 nigre-

435 2009 71 65 do
471 2009 71 65 in
506 2009 130 65 communi
600 2009 94 65 sunt
659 2009 71 65 in
694 2009 118 65 aliquo
777 2009 141 65 subiecto
883 2009 106 65 prino
954 2009 82 65 vel
1001 2009 71 65 in
1024 2009 130 65 aliquibus

434 2053 73 66 sed
475 2053 73 66 non
517 2053 83 66 sunt
569 2053 94 66 primo
632 2053 63 66 in
663 2053 177 66 singularibus.
809 2053 83 66 ergo
861 2053 83 66 sunt
913 2053 94 66 primo
976 2053 63 66 in
997 2053 156 66 vniversalibus

444 2096 87 76 ergo
499 2096 87 76 etc.
553 2096 141 76 Assumptum
662 2096 109 76 patet.
738 2096 87 76 quia
792 2096 98 76 sicut
857 2096 65 76 se
890 2096 98 76 habet
955 2096 131 76 accidens
1042 2096 109 76 singula-

431 2144 77 63 re
470 2144 77 63 ab
508 2144 167 63 subiectum
636 2144 179 63 singulare.
777 2144 90 63 sic
829 2144 154 63 accidens
944 2144 141 63 commune
1046 2144 77 63 ad
1072 2144 77 63 sub-

432 2185 110 72 iectum
509 2185 132 72 commune.
608 2185 88 72 ergo
662 2185 99 72 sicut
728 2185 132 72 accidens
827 2185 143 72 singulare
937 2185 77 72 est
980 2185 66 72 in
1013 2185 132 72 subiecto
1101 2185 55 72 sin

440 2230 106 78 gulari.
517 2230 67 78 ita
556 2230 106 78 commune
633 2230 58 78 in
661 2230 115 78 communi.
748 2230 58 78 et
777 2230 67 78 per
815 2230 135 78 consequens
921 2230 86 78 sicut
978 2230 125 78 singulare
1075 2230 67 78 est
1103 2230 58 78 sus-

435 2277 146 69 ceptiuum
544 2277 194 69 contrariorum
702 2277 85 69 sic
751 2277 134 69 species
848 2277 207 69 specialissima
1018 2277 97 69 erit
1067 2277 97 69 susce-

444 2318 105 69 ptiua
515 2318 164 69 conriorum.
643 2318 94 69 Ideo
702 2318 94 69 dico
761 2318 117 69 aliter
843 2318 70 69 ad
878 2318 141 69 quionem.
983 2318 94 69 quod
1042 2318 105 69 nulla
1100 2318 59 69 res

433 2364 141 72 realiter
539 2364 153 72 distincta
657 2364 59 72 a
680 2364 188 72 singularibus
833 2364 106 72 rebus
903 2364 71 72 et
939 2364 165 72 intrinseca
1068 2364 82 72 eis
1103 2364 59 72 est

446 2407 144 62 vniversalis
562 2407 67 62 vel
600 2407 116 62 communis
687 2407 77 62 eis.
735 2407 77 62 quia
783 2407 87 62 talis
841 2407 67 62 res
880 2407 67 62 non
918 2407 87 62 esset
976 2407 116 62 ponenda.
1062 2407 77 62 nisi
1111 2407 58 62 ad

435 2453 158 62 saluandam
556 2453 109 62 talem
629 2453 218 62 praedicationem
811 2453 182 62 essentialem
957 2453 109 62 vnius
1030 2453 73 62 de
1054 2453 97 62 altero

440 2495 88 69 Uel
491 2495 75 69 ad
528 2495 163 69 saluandam
654 2495 163 69 scientiam
780 2495 75 69 de
818 2495 126 69 rebus.
906 2495 75 69 et
943 2495 214 69 diffinitiones
1107 2495 50 69 re

433 2543 101 64 rum
490 2543 115 64 quas
562 2543 129 64 omnes
648 2543 158 64 innuunt
763 2543 187 64 arguentes
907 2543 101 64 pro
965 2543 173 64 opinione
1080 2543 86 64 pla-

438 2582 134 91 tionis.
535 2582 85 91 Sed
584 2582 122 91 primum
669 2582 85 91 non
718 2582 122 91 valet.
803 2582 97 91 quia
864 2582 73 91 eo
901 2582 97 91 ipso
962 2582 97 91 quod
1023 2582 134 91 ponitur
1108 2582 61 91 in

1239 186 145 67 trinseca
1348 186 84 67 ibi
1396 186 72 67 et
1432 186 157 67 distincta
1553 186 60 67 a
1577 186 72 67 re
1613 186 157 67 singulari
1734 186 157 67 realiter.
1842 186 109 67 oportet

1244 234 77 65 quod
1293 234 68 65 sit
1331 234 77 65 pars
1380 234 77 65 rei.
1428 234 68 65 sed
1467 234 77 65 pars
1515 234 68 65 non
1554 234 97 65 potest
1622 234 135 65 praedicari
1728 234 164 65 essentialiter
1863 234 58 65 de
1892 234 68 65 re:
1921 234 39 65 si

1238 293 92 48 cut
1291 293 92 48 nec
1343 293 145 48 materia
1449 293 92 48 nec
1502 293 119 48 forma
1581 293 198 48 praedicatur
1739 293 224 48 essentialiter
1910 293 53 48 de

1238 332 138 59 composito.
1346 332 79 59 ergo
1396 332 59 59 si
1425 332 148 59 praedicatur
1543 332 167 59 essentialiter
1681 332 59 59 de
1711 332 59 59 re
1740 332 108 59 oportet
1819 332 79 59 quod
1868 332 69 59 non
1898 332 59 59 supr

1242 382 113 51 ponat
1317 382 88 51 pro
1367 382 88 51 se:
1417 382 88 51 sed
1467 382 88 51 pro
1517 382 75 51 re
1554 382 175 51 singulari.
1692 382 88 51 sed
1742 382 113 51 talis
1804 382 150 51 suppositio

1242 421 119 56 potest
1325 421 131 56 saluari
1420 421 131 56 ponendo
1515 421 95 56 quod
1574 421 178 56 praedicetur
1717 421 131 56 aliquid
1812 421 95 56 quod
1871 421 83 56 non
1907 421 59 56 est

1249 466 92 47 tota
1306 466 92 47 res.
1363 466 80 47 nec
1409 466 92 47 pars
1466 466 92 47 rei.
1523 466 92 47 ergo
1581 466 126 47 propter
1672 466 103 47 talem
1741 466 206 47 praedicationem
1901 466 69 47 sal-

1243 506 130 62 uandam.
1338 506 83 62 non
1385 506 130 62 oportet
1480 506 118 62 ponere
1563 506 95 62 tale
1622 506 178 62 praedicatum
1764 506 95 62 esse
1824 506 130 62 aliquam
1907 506 47 62 re

1244 550 94 61 aliam
1306 550 94 61 tamen
1369 550 157 61 intrinsecam
1494 550 84 61 rei.
1546 550 94 61 Uerbi
1609 550 115 61 gratia.
1693 550 84 61 quod
1745 550 84 61 ista
1797 550 146 61 propositio
1901 550 63 61 homo

1246 601 76 55 est
1289 601 108 55 anima.
1365 601 76 55 vel
1408 601 108 55 sortes
1484 601 76 55 est
1527 601 108 55 animal
1603 601 76 55 sit
1646 601 173 55 essentialis.
1787 601 65 55 et
1819 601 76 55 per
1863 601 65 55 se
1884 601 76 55 primo

1245 640 94 56 modo
1304 640 71 56 et
1339 640 71 56 in
1375 640 106 56 quid.
1445 640 82 56 ita
1492 640 118 56 potest
1575 640 141 56 saluari.
1681 640 129 56 ponendo
1775 640 177 56 praedicatum
1904 640 59 56 nec

1234 683 97 51 esse
1294 683 158 51 subiectum
1416 683 145 51 realiter
1525 683 85 51 nec
1573 683 121 51 parten
1658 683 145 51 subiecti
1767 683 158 51 realiter.
1876 683 85 51 sicut

1235 729 130 61 ponendo
1330 729 95 61 quod
1389 729 178 61 praedicatum
1531 729 83 61 sit
1579 729 95 61 pars
1638 729 178 61 essentialis
1780 729 154 61 subiecti.
1887 729 71 61 quia

1240 771 68 55 si
1274 771 125 55 ponatur
1364 771 91 55 quod
1421 771 170 55 praedicatum
1557 771 79 55 sit
1603 771 91 55 pars
1660 771 170 55 essentialis
1796 771 148 55 subiecti.
1898 771 68 55 quae

1244 825 76 49 ro
1282 825 101 49 quid
1346 825 165 49 denotatur
1472 825 89 49 per
1523 825 190 49 positionem.
1675 825 89 49 aut
1725 825 101 49 quod
1789 825 165 49 subiectum
1903 825 63 49 sit

1246 865 185 49 essentialiter
1398 865 163 49 praedicatum
1529 865 109 49 ipsum.
1605 865 65 49 et
1638 865 76 49 hoc
1681 865 76 49 est
1725 865 174 49 impossibile.
1866 865 87 49 quia
1910 865 54 49 to-

1249 905 84 54 tum
1297 905 131 54 numquam
1392 905 84 54 est
1440 905 203 54 essentialiter
1608 905 84 54 nec
1655 905 143 54 realiter
1763 905 84 54 sua
1811 905 108 54 pars.
1882 905 84 54 Aut
1918 905 48 54 de

1237 947 122 64 notatur
1326 947 89 64 quod
1382 947 100 64 illud
1448 947 89 64 quod
1504 947 78 64 est
1548 947 89 64 vere
1604 947 100 64 homo.
1671 947 78 64 est
1715 947 122 64 aliquid
1804 947 89 64 quod
1860 947 78 64 est
1893 947 67 64 vere

1244 995 129 51 animal.
1338 995 82 51 hoc
1385 995 82 51 est
1432 995 129 51 dicere.
1526 995 94 51 quod
1585 995 106 51 illud
1655 995 82 51 pro
1702 995 82 51 quo
1749 995 141 51 supponit
1854 995 94 51 homo
1901 995 59 51 est

1239 1036 108 69 illud
1311 1036 96 69 idem
1371 1036 84 69 pro
1419 1036 84 69 quo
1467 1036 144 69 supponit
1575 1036 132 69 animal.
1670 1036 204 69 quantumcumque
1826 1036 132 69 praedica-

1251 1081 87 63 tum
1300 1081 100 63 quod
1363 1081 162 63 supponit.
1487 1081 87 63 non
1537 1081 87 63 sit
1587 1081 112 63 illud
1662 1081 87 63 pro
1712 1081 87 63 quo
1762 1081 150 63 supponit
1874 1081 75 63 in
1899 1081 62 63 pun

1253 1130 67 51 la
1286 1130 191 51 propositione.
1443 1130 78 51 Sed
1488 1130 78 51 hoc
1533 1130 101 51 totum
1600 1130 112 51 potest
1679 1130 90 51 eque
1735 1130 90 51 bene
1791 1130 134 51 saluari.
1880 1130 90 51 ponen-

1253 1167 70 65 do
1288 1167 93 65 quod
1347 1167 175 65 praedicatum
1486 1167 82 65 non
1533 1167 82 65 sit
1580 1167 151 65 subiectum
1696 1167 82 65 nec
1743 1167 93 65 pars
1801 1167 93 65 sua.
1859 1167 105 65 sicut
1917 1167 47 65 po

1246 1215 101 57 nendo
1313 1215 90 57 quod
1369 1215 79 57 sit
1414 1215 90 57 pars
1470 1215 90 57 sua.
1526 1215 90 57 quia
1582 1215 90 57 equi
1638 1215 146 57 possibile
1751 1215 79 57 est
1796 1215 90 57 quod
1852 1215 123 57 aliquid
1930 1215 45 57 ex

1245 1261 156 63 trinsecum
1365 1261 120 63 alicui
1448 1261 144 63 supponat
1556 1261 84 63 pro
1604 1261 96 63 illo
1664 1261 108 63 sicut
1736 1261 96 63 quod
1795 1261 96 63 pars
1855 1261 84 63 sua
1891 1261 72 63 supe

1242 1306 109 56 ponat
1314 1306 85 56 pro
1363 1306 85 56 eo.
1411 1306 97 56 ergo
1472 1306 133 56 propter
1568 1306 109 56 istam
1641 1306 205 56 praedicatione
1810 1306 157 56 saluandam
1919 1306 48 56 no

1249 1349 132 54 oportet
1345 1349 120 54 ponere
1429 1349 191 54 praedicabile
1584 1349 132 54 commune
1680 1349 72 54 de
1716 1349 132 54 aliquo.
1811 1349 96 54 esse
1871 1349 96 54 sibi
1919 1349 60 54 in-

1246 1395 151 54 trinsecum.
1365 1395 54 54 â‹
1386 1395 172 54 Confirmatur.
1526 1395 86 54 quod
1580 1395 65 54 in
1612 1395 86 54 ista
1666 1395 172 54 propositione
1806 1395 86 54 homo
1860 1395 75 54 est
1892 1395 86 54 animal

1248 1440 91 53 aut
1300 1440 143 53 termini
1404 1440 169 53 supponunt
1534 1440 91 53 pro
1586 1440 143 53 seipsis
1690 1440 91 53 aut
1742 1440 104 53 non.
1807 1440 78 53 si
1846 1440 104 53 sit:
1898 1440 78 53 tunc

1245 1486 106 55 esset
1316 1486 83 55 hoc
1363 1486 165 55 propositio
1493 1486 118 55 fulsa.
1575 1486 94 55 quia
1634 1486 130 55 termini
1728 1486 94 55 isti
1787 1486 94 55 sunt
1835 1486 141 55 distincti.

1246 1535 83 47 nec
1294 1535 95 47 vnus
1353 1535 83 47 est
1400 1535 107 47 alius
1472 1535 71 47 et
1507 1535 142 47 secundum
1614 1535 154 47 opinionem
1733 1535 154 47 recitatam
1851 1535 119 47 prius.
1923 1535 47 47 et

1252 1569 129 50 secundum
1349 1569 150 50 veritatem.
1467 1569 64 50 si
1499 1569 75 50 non
1542 1569 139 50 supponunt
1649 1569 75 50 pro
1691 1569 129 50 seipsis.
1788 1569 86 50 ergo
1841 1569 75 50 pro
1884 1569 96 50 aliis
1938 1569 32 50 a

1257 1615 92 49 se.
1309 1615 79 49 et
1349 1615 92 49 ita
1402 1615 132 49 potest
1494 1615 171 49 competere
1625 1615 132 49 alicui
1717 1615 184 49 extrinseco
1849 1615 118 49 suppone

1251 1655 63 62 re
1282 1655 73 62 pro
1324 1655 84 62 alio
1376 1655 52 62 a
1397 1655 73 62 se.
1439 1655 94 62 sicut
1501 1655 157 62 intrinseco.
1627 1655 84 62 ergo
1679 1655 84 62 etc.
1732 1655 52 62 â‹
1752 1655 73 62 Nec
1794 1655 115 62 propter
1867 1655 105 62 secundum

1249 1706 127 46 oportet
1341 1706 115 46 ponere
1421 1706 127 46 propter
1513 1706 104 46 idem.
1582 1706 92 46 quia
1640 1706 69 46 ad
1674 1706 138 46 habendum
1778 1706 150 46 scientiam
1881 1706 92 46 realem

1255 1741 111 58 sufficit
1338 1741 93 58 habere
1403 1741 158 58 propositiones
1533 1741 65 58 per
1570 1741 56 58 se
1598 1741 84 58 primo
1654 1741 74 58 modo
1700 1741 56 58 et
1728 1741 102 58 secundo
1803 1741 84 58 modo.
1858 1741 74 58 quae
1895 1741 84 58 possunt

1254 1787 124 55 haberi
1340 1787 99 55 sine
1402 1787 99 55 tali
1464 1787 99 55 alia
1525 1787 86 55 re.
1575 1787 86 55 sic
1624 1787 198 55 declarabitur
1785 1787 74 55 in
1809 1787 161 55 respondendo

1255 1842 68 51 ad
1289 1842 160 51 argumenta.
1414 1842 68 51 et
1448 1842 137 51 probatum
1551 1842 80 51 est
1597 1842 68 51 in
1631 1842 114 51 priori
1711 1842 137 51 ratione.
1813 1842 91 51 ergo
1870 1842 91 51 etc.
1916 1842 57 51 Nec

1258 1877 120 52 oportet
1345 1877 98 52 talem
1411 1877 76 52 rem
1454 1877 109 52 ponere
1531 1877 120 52 propter
1618 1877 120 52 tertium
1705 1877 120 52 propter
1793 1877 98 52 idem.
1858 1877 98 52 sicut
1913 1877 65 52 post

1255 1918 71 65 ea
1291 1918 142 65 patebit.
1397 1918 59 65 â‹
1421 1918 83 65 hoc
1468 1918 118 65 potest
1551 1918 165 65 persuaderi
1681 1918 154 65 aliquibus
1799 1918 165 65 rationibus
1917 1918 59 65 lo-

1249 1960 158 64 gicalibus.
1373 1960 101 64 Primo
1440 1960 90 64 sic.
1497 1960 90 64 quod
1553 1960 101 64 illud
1621 1960 56 64 a
1643 1960 79 64 quo
1688 1960 124 64 aliquod
1778 1960 101 64 genus
1835 1960 135 64 vniversali

1246 2007 130 56 negatur.
1344 2007 76 56 non
1387 2007 76 56 est
1431 2007 76 56 res
1474 2007 76 56 per
1517 2007 65 56 se
1550 2007 130 56 contenta
1648 2007 76 56 sub
1691 2007 87 56 isto
1745 2007 119 56 genere.
1832 2007 98 56 sicut
1897 2007 65 56 si
1919 2007 54 56 hoc

1256 2057 80 53 sit
1301 2057 91 53 vera
1358 2057 114 53 nullum
1438 2057 114 53 animal
1518 2057 80 53 est
1564 2057 69 53 a.
1598 2057 57 53 a
1621 2057 80 53 non
1667 2057 91 53 erit
1724 2057 80 53 per
1770 2057 69 53 se
1804 2057 149 53 contentum
1907 2057 57 53 sub

1254 2095 118 59 animali.
1343 2095 69 59 sed
1382 2095 49 59 a
1402 2095 79 59 tali
1451 2095 108 59 genere.
1530 2095 79 59 puta
1579 2095 49 59 a
1598 2095 207 59 generegneralissio
1775 2095 138 59 substantia
1874 2095 98 59 quodlice

1260 2138 70 55 tale
1304 2138 78 55 versa
1356 2138 148 55 vniversaliter
1478 2138 105 55 negatur.
1557 2138 61 55 Nam
1591 2138 70 55 haec
1635 2138 61 55 est
1670 2138 131 55 simpliciter
1774 2138 78 55 vera.
1827 2138 78 55 nulla
1870 2138 96 55 substanti

1250 2193 74 46 est
1293 2193 63 46 a.
1324 2193 74 46 sit
1366 2193 53 46 a
1387 2193 95 46 illud
1450 2193 147 46 vniversale
1566 2193 84 46 quod
1619 2193 168 46 significatur
1755 2193 74 46 per
1797 2193 116 46 animal.
1881 2193 74 46 vel
1913 2193 63 46 sup-

1252 2227 99 63 ponat
1318 2227 77 63 pro
1362 2227 88 63 illo
1418 2227 166 63 vniversali.
1550 2227 66 63 et
1583 2227 77 63 ita
1628 2227 66 63 de
1661 2227 144 63 quocumque
1771 2227 99 63 alio.
1837 2227 99 63 ergto
1893 2227 88 63 nullum

1256 2279 138 45 vniversale
1365 2279 69 45 est
1404 2279 99 45 aliqua
1474 2279 69 45 res
1513 2279 119 45 realiter
1602 2279 119 45 contenta
1691 2279 69 45 sub
1731 2279 89 45 gnere
1790 2279 148 45 substantia.
1909 2279 69 45 Maior

1252 2322 105 54 patet.
1326 2322 84 54 quia
1379 2322 95 54 genus
1442 2322 84 54 vere
1495 2322 158 54 praedicatur
1621 2322 63 54 de
1653 2322 84 54 omni
1706 2322 126 54 contento
1800 2322 74 54 per
1843 2322 63 54 se
1874 2322 74 54 sub
1906 2322 63 54 illo

1251 2358 133 61 genere.
1347 2358 109 61 Minor
1420 2358 121 61 patet.
1504 2358 97 61 quia
1565 2358 133 61 accipio
1661 2358 84 61 rem
1710 2358 169 61 importatam
1842 2358 84 61 per
1878 2358 97 61 animal

1253 2408 98 48 yundum
1322 2408 69 48 te.
1361 2408 59 48 et
1391 2408 69 48 sit
1430 2408 59 48 a.
1459 2408 79 48 tunc
1508 2408 69 48 hoc
1548 2408 69 48 est
1587 2408 88 48 vera.
1646 2408 88 48 nulla
1705 2408 137 48 substantia
1813 2408 69 48 est
1852 2408 59 48 a.
1882 2408 79 48 quia
1921 2408 49 48 nul

1251 2455 60 50 la
1281 2455 131 50 substanta
1382 2455 141 50 incorporea
1492 2455 70 50 est
1533 2455 60 50 a.
1563 2455 131 50 similiter
1663 2455 91 50 nulla
1724 2455 121 50 subiecta
1814 2455 121 50 corporea
1905 2455 70 50 est
1935 2455 40 50 a.

1259 2489 90 53 hec
1311 2489 129 53 vltima
1401 2489 129 53 patet.
1491 2489 103 53 quia
1556 2489 129 53 nullum
1646 2489 129 53 corpus
1737 2489 181 53 inanimatum
1879 2489 90 53 est
1917 2489 52 53 a.

1258 2540 139 49 imiliter
1362 2540 116 49 nullum
1443 2540 116 49 corpus
1524 2540 139 49 animatum
1628 2540 81 49 est
1675 2540 69 49 a.
1709 2540 81 49 hec
1755 2540 116 49 vltima
1836 2540 116 49 patet.
1906 2540 69 49 quia

1257 2573 121 75 nullum
1342 2573 121 75 corpus
1426 2573 145 75 animatum
1535 2573 181 75 insensibile
1680 2573 85 75 est
1728 2573 73 75 a.
1765 2573 157 75 similiter
1873 2573 97 75 nullum
