2222 3070
254 216 197 67 positorum.
409 216 127 67 sicut
493 216 141 67 sortes
591 216 84 67 et
634 216 127 67 plato
718 216 112 67 sunt
788 216 112 67 vnum
844 216 127 67 specie.

239 268 69 56 ⁋
267 268 82 56 Ad
308 268 137 56 primum
404 268 192 56 principale
555 268 192 56 respondeo.
705 268 110 56 quod
774 268 96 56 hec
829 268 96 56 est
870 268 96 56 falsa

245 313 76 56 de
283 313 138 56 virtute
384 313 164 56 sermonis.
510 313 101 56 homo
573 313 189 56 vniversalis
724 313 76 56 et
762 313 101 56 homo
812 313 151 56 particular

231 352 105 65 sunt
297 352 105 65 vnum
363 352 237 65 essentialiter.
560 352 92 65 nec
613 352 92 65 hoc
665 352 145 65 intedit
771 352 132 65 comen.
863 352 92 65 sed
902 352 53 65 in

235 403 118 55 tendit
318 403 94 55 quod
377 403 94 55 sunt
436 403 94 55 vnum
494 403 212 55 essentialiter.
671 403 94 55 quia
730 403 94 55 vnum
777 403 177 55 essentialiter

236 439 199 67 praedicatur
395 439 80 67 de
435 439 146 67 reliquo
541 439 80 67 et
581 439 159 67 importat
701 439 173 67 essentiam
820 439 133 67 alterius

240 492 87 63 nec
289 492 112 63 tamen
364 492 87 63 est
414 492 149 63 realiter
526 492 75 63 de
563 492 137 63 esentia
662 492 162 63 alterius.
787 492 62 63 ⁋
812 492 75 63 Ad
837 492 124 63 secundum

231 532 144 65 dicendum
339 532 96 65 quod
399 532 180 65 vniversalia
543 532 96 65 siue
603 532 96 65 sint
663 532 228 65 incorruptibilia
855 532 96 65 siue
903 532 48 65 no

228 574 105 65 sint
294 574 92 65 res
346 574 263 65 incorruptibiles.
569 574 144 65 possunt
674 574 118 65 tamen
753 574 105 65 dici
806 574 144 65 incorrup-

227 623 126 62 tibilia.
322 623 84 62 quia
375 623 126 62 secundum
470 623 158 62 intentionem
596 623 148 62 philosophi
712 623 63 62 de
744 623 74 62 eis
786 623 105 62 semper
849 623 95 62 praedi-

231 664 92 55 catur
292 664 92 55 esse.
353 664 71 55 ita
394 664 82 55 quod
445 664 132 55 huiusmodi
547 664 102 55 semper
618 664 71 55 est
659 664 92 55 vera.
720 664 82 55 homo
771 664 71 55 est
812 664 61 55 si
832 664 112 55 propositi

217 709 100 53 illa
279 709 187 53 formaretur.
429 709 87 53 non
479 709 87 53 sic
529 709 112 53 autem
604 709 100 53 esse
666 709 125 53 semper
754 709 187 53 praedicatur
891 709 50 53 de

224 759 114 49 aliquo
303 759 148 49 singulari
417 759 148 49 sensibili
531 759 137 49 secundum
634 759 160 49 intetionem
759 759 171 49 philosophi.
885 759 68 49 quia

220 804 192 56 quocumque
368 804 192 56 singulari
516 804 236 56 demonstrato.
708 804 103 56 hec
767 804 103 56 est
811 804 133 56 contin-

215 837 198 79 gens:
347 837 154 79 hoc
435 837 176 79 est.
545 837 264 79 Questio.
721 837 88 79 v.

412 893 299 94 Imilit
621 893 269 94 circa
771 893 179 94 idem

402 971 110 65 quero
476 971 135 65 secundo
574 971 110 65 Utrum
647 971 172 65 vniversale
782 971 74 65 et
806 971 123 65 vniuocum

392 1023 91 58 sit
444 1023 104 58 vera
509 1023 91 58 res
561 1023 78 58 ex
600 1023 130 58 animam
691 1023 156 58 realiter
795 1023 143 58 distincta

409 1065 71 55 ab
445 1065 165 55 indiuiduo.
574 1065 71 55 in
610 1065 71 55 eo
645 1065 106 55 tamen
716 1065 142 55 realiter
810 1065 130 55 existens.

216 1111 151 54 realiter
330 1111 201 54 multiplicata
493 1111 76 54 et
531 1111 151 54 variata.
644 1111 63 54 ⁋
670 1111 101 54 Quod
733 1111 101 54 sic.
796 1111 113 54 Primo
858 1111 76 54 quod

203 1145 96 66 sit
258 1145 96 66 res
313 1145 123 66 extra
395 1145 137 66 animam
491 1145 165 66 realiter
615 1145 178 66 distincta
752 1145 82 66 ab
779 1145 151 66 indiuiduo

219 1196 77 50 quia
267 1196 115 50 secundum
354 1196 154 50 consemeneie.
479 1196 77 50 vii.
527 1196 87 50 meth.
585 1196 106 50 commen.
662 1196 87 50 xlvi.
719 1196 135 50 vniversale
825 1196 67 50 non
854 1196 96 50 signifi-

194 1239 76 60 cat
237 1239 162 60 substantiam
367 1239 86 60 nisi
421 1239 162 60 substantiam
551 1239 86 60 quam
605 1239 151 60 significat
724 1239 97 60 pars.
789 1239 86 60 ergo
843 1239 76 60 res
875 1239 54 60 si-

196 1279 145 63 gnificata
307 1279 78 63 per
352 1279 156 63 vniversale
474 1279 78 63 est
519 1279 100 63 pars.
586 1279 78 63 sed
630 1279 89 63 pars
686 1279 134 63 realiter
775 1279 167 63 distinguitur.

191 1320 64 65 a
217 1320 116 65 toto.
294 1320 103 65 ergo
358 1320 103 65 etc.
422 1320 103 65 Quod
487 1320 116 65 autem
564 1320 90 65 sit
615 1320 205 65 multiplicata
782 1320 77 65 et
808 1320 128 65 variatam

189 1374 106 46 patet
260 1374 82 46 per
307 1374 106 46 idem.
377 1374 94 46 quia
436 1374 94 46 pars
495 1374 141 46 variatur
600 1374 70 46 ad
635 1374 176 46 variationem
776 1374 117 46 totius
847 1374 82 46 cuius

193 1418 87 50 est
242 1418 112 50 pars.
317 1418 75 50 et
354 1418 87 50 hoc
404 1418 75 50 si
442 1418 112 50 simul
516 1418 87 50 sit
566 1418 100 50 pars
628 1418 149 50 multorum
740 1418 149 50 totorum.
852 1418 62 50 ⁋
877 1418 75 50 Ad

197 1462 198 52 oppositum.
352 1462 127 52 omnis
437 1462 99 52 res
494 1462 127 52 extra
579 1462 141 52 animam
678 1462 184 52 distincta
819 1462 85 52 ab
847 1462 85 52 indi

190 1499 123 64 uiduo.
276 1499 74 64 in
312 1499 74 64 eo
349 1499 110 64 tamen
423 1499 147 64 realiter
533 1499 160 64 existens.
656 1499 147 64 realiter
754 1499 172 64 multiplicata

198 1550 77 56 et
237 1550 142 56 variata
340 1550 90 56 est
391 1550 103 56 pars
456 1550 103 56 eius
520 1550 193 56 essentialis
675 1550 90 56 vel
727 1550 155 56 accidens
830 1550 90 56 eius.

193 1589 83 63 sed
241 1589 107 63 inter
312 1589 107 63 totum
383 1589 71 63 et
419 1589 131 63 partem.
514 1589 154 63 similiter
633 1589 107 63 inter
704 1589 154 63 subiectum
823 1589 71 63 et
847 1589 71 63 suum

179 1637 155 56 accidens
295 1637 91 56 est
347 1637 116 56 talis
425 1637 181 56 proportio.
567 1637 103 56 quod
632 1637 78 56 si
670 1637 103 56 vnum
735 1637 91 56 sit
774 1637 155 56 singulare.

190 1675 149 66 reliquum
301 1675 99 66 erit
363 1675 173 66 singulare.
499 1675 99 66 ergo
561 1675 111 66 omnis
635 1675 111 66 talis
710 1675 87 66 res
759 1675 87 66 est
809 1675 99 66 vere
858 1675 62 66 sin

193 1719 128 57 gularis.
289 1719 64 57 et
321 1719 74 57 per
364 1719 149 57 consequens
481 1719 74 57 non
523 1719 74 57 est
566 1719 160 57 vniversalis
694 1719 53 57 ⁋
715 1719 64 57 Ad
747 1719 117 57 quaonem
832 1719 74 57 est
864 1719 53 57 vna

187 1771 125 54 opinio
274 1771 100 54 quae
336 1771 162 54 imponitur
461 1771 137 54 doctori
561 1771 137 54 subtili
661 1771 62 54 a
686 1771 187 54 quaibusdam.
824 1771 87 54 sicut

187 1807 91 66 ab
232 1807 137 66 aliis
324 1807 152 66 opinio
430 1807 182 66 recitata
567 1807 91 66 et
612 1807 197 66 improbata
764 1807 91 66 in
794 1807 122 66 prece-

180 1860 105 51 dente
250 1860 117 51 quaone
332 1860 94 51 sibi
391 1860 164 51 imponitur.
519 1860 70 51 Et
555 1860 82 51 est
601 1860 117 51 opinio
683 1860 94 51 quod
742 1860 164 51 vniversale
859 1860 58 51 est

185 1895 103 59 vera
249 1895 90 59 res
301 1895 77 59 ex
339 1895 129 59 animam
429 1895 167 59 distincta
558 1895 154 59 realiter
674 1895 77 59 ab
712 1895 90 59 vna
751 1895 167 59 differentia

177 1938 190 64 contrabente.
331 1938 142 64 realiter
438 1938 107 64 tamen
509 1938 190 64 multiplicata
664 1938 71 64 et
699 1938 131 64 variata
794 1938 83 64 per
830 1938 83 64 talem

189 1984 130 56 prfram
280 1984 220 56 contrahentem.
461 1984 91 56 Sed
513 1984 104 56 ista
578 1984 130 56 opinio
669 1984 143 56 videtur
772 1984 104 56 esse
824 1984 78 56 sim-

181 2037 147 45 plicitur
291 2037 122 45 falsa.
376 2037 98 45 quia
437 2037 86 45 res
486 2037 147 45 realiter
596 2037 159 45 distincta
719 2037 73 45 ab
755 2037 98 45 alia
816 2037 86 45 re.
853 2037 49 45 se

179 2076 106 57 ipsa
245 2076 93 57 vel
298 2076 93 57 per
351 2076 145 57 aliquid
457 2076 106 57 sibi
523 2076 198 57 intrinsecum
681 2076 212 57 distinguitur
840 2076 53 57 ab

182 2123 104 49 eadam
252 2123 81 49 re.
298 2123 81 49 sed
345 2123 151 49 humanitas
461 2123 93 49 quae
519 2123 81 49 est
565 2123 70 49 in
600 2123 104 49 sorte
670 2123 139 49 secundum
774 2123 104 49 istam
832 2123 70 49 opi-

172 2163 139 60 nionem
269 2163 167 60 realiter
394 2163 194 60 distinguit
547 2163 83 60 ab
589 2163 194 60 humanitate
741 2163 97 60 que
797 2163 97 60 est
838 2163 56 60 in

183 2205 151 57 platone.
297 2205 101 57 ergo
360 2205 126 57 seipsa
448 2205 88 57 vel
498 2205 88 57 per
549 2205 138 57 aliquid
649 2205 189 57 intrinsecum
788 2205 113 57 distin-

170 2257 115 54 guitur
250 2257 69 54 ab
284 2257 80 54 ea.
330 2257 92 54 ergo
387 2257 218 54 circumscriptums
571 2257 183 54 differentiis
709 2257 183 54 contrahentibus

176 2296 106 59 iste
242 2296 199 59 bumanitates
401 2296 238 59 distinguuntur.
600 2296 93 59 sed
653 2296 93 59 non
692 2296 199 59 distinguuntur

174 2334 132 62 specie.
270 2334 96 62 ergo
330 2334 192 62 numeraliter.
486 2334 96 62 ergo
547 2334 132 62 vtraque
643 2334 132 62 ipsarum
739 2334 72 62 se
775 2334 96 62 ipsa
823 2334 72 62 sine

176 2383 161 61 ifferentia
303 2383 127 61 phbente
395 2383 81 61 est
441 2383 81 61 vna
487 2383 115 61 numero
568 2383 69 61 et
603 2383 173 61 singularis.
741 2383 69 61 Et
775 2383 69 61 si
798 2383 104 61 dicitur

177 2425 108 72 viste
249 2425 181 72 humanitates
394 2425 84 72 non
442 2425 96 72 sunt
502 2425 84 72 per
550 2425 72 72 se
586 2425 72 72 in
622 2425 132 72 specie.
719 2425 96 72 quia
767 2425 120 72 praecise

172 2471 168 67 indiuidua
301 2471 90 67 non
353 2471 103 67 sunt
417 2471 90 67 per
469 2471 77 67 se
508 2471 77 67 in
546 2471 142 67 specie.
650 2471 77 67 et
688 2471 103 67 ideo
753 2471 142 67 seipsis
843 2471 52 67 no

165 2509 201 68 distinguuntur
331 2509 189 68 numeraliter.
485 2509 83 68 hoc
532 2509 107 68 nihil
603 2509 95 68 est.
662 2509 95 68 quia
721 2509 130 68 quamuis
804 2509 83 68 forme

166 2561 79 52 non
211 2561 90 52 sint
267 2561 79 52 per
312 2561 67 52 se
345 2561 67 52 in
379 2561 123 52 specie.
469 2561 79 52 sed
514 2561 112 52 tantum
592 2561 157 52 composita.
716 2561 101 52 tamen
783 2561 90 52 vere
828 2561 56 52 due

168 2598 133 74 forme
257 2598 133 74 etiam
346 2598 178 74 materiis
479 2598 251 74 circuscriptis
671 2598 222 74 distinguuntur

1059 227 221 75 numeraliter
1236 227 74 75 ⁋
1265 227 118 75 Unde
1339 227 103 75 due
1398 227 132 75 anime
1486 227 177 75 separate
1604 227 191 75 numeraliter

1059 285 240 58 distinguuntur.
1259 285 107 58 ergo
1325 285 93 58 non
1379 285 160 58 obstante
1499 285 107 58 quod
1565 285 107 58 iste
1619 285 173 58 humanitates

1075 324 112 59 ortis
1149 324 75 59 et
1187 324 150 59 platonis
1299 324 87 59 non
1349 324 100 59 sint
1412 324 87 59 per
1461 324 75 59 se
1499 324 75 59 in
1536 324 137 59 specie.
1636 324 112 59 tamen
1699 324 87 59 nume-

1056 376 136 63 raliter
1154 376 210 63 distinguuntur
1327 376 222 63 circumscriptis
1512 376 197 63 quibuscumque
1660 376 123 63 realiter

1056 419 221 63 differentibus
1238 419 65 63 ⁋
1264 419 78 63 Et
1303 419 78 63 si
1342 419 143 63 dicitur
1445 419 104 63 quod
1510 419 104 63 iste
1575 419 195 63 humanitates
1718 419 52 63 no

1063 463 189 66 distinguuntur
1219 463 89 66 nisi
1275 463 78 66 per
1319 463 167 66 differentia
1453 463 189 66 contrahentes.
1609 463 56 66 ⁋
1631 463 111 66 Contra
1698 463 67 66 hunc

1052 501 98 73 nitas
1117 501 109 73 sortum
1193 501 76 73 per
1237 501 65 73 te
1269 501 109 73 realis
1345 501 174 73 distinguitur
1487 501 54 73 a
1508 501 163 73 differentia
1628 501 141 73 contrhbente

1057 547 112 70 illam
1131 547 199 70 humanitatem.
1293 547 87 70 aut
1343 547 100 70 ergo
1405 547 124 70 seipsa
1492 547 149 70 realiter
1591 547 187 70 distinguitur.

1050 590 85 64 aut
1099 590 85 64 per
1147 590 110 64 illud
1220 590 158 64 conthens.
1342 590 85 64 Non
1391 590 85 64 per
1440 590 110 64 ipsum
1513 590 183 64 contrahens.
1659 590 98 64 quia
1708 590 61 64 ni-

1045 632 95 73 hil
1100 632 218 73 distinguitur
1277 632 82 73 ab
1318 632 68 73 a
1345 632 95 73 per
1400 632 123 73 ipsum
1481 632 82 73 a.
1522 632 95 73 sed
1577 632 123 73 magis
1658 632 95 73 est
1699 632 82 73 idem

1042 679 116 65 ipsi
1114 679 73 65 a
1143 679 102 65 par
1201 679 87 65 a.
1245 679 116 65 ergo
1317 679 189 65 humanitas
1462 679 145 65 seipsa
1564 679 232 65 distinguitur
1738 679 44 65 a

1040 727 218 65 differentia
1215 727 232 65 contrahente.
1404 727 116 65 ergo
1476 727 116 65 sunt
1549 727 102 65 hic
1607 727 102 65 due
1665 727 102 65 res
1709 727 58 65 re

1034 770 129 54 aliter
1124 770 167 54 distincte
1253 770 155 54 seipsis.
1369 770 90 54 sed
1420 770 90 54 hoc
1472 770 90 54 non
1523 770 90 54 est
1575 770 180 54 possibile.
1704 770 64 54 ni-

1037 810 85 68 si
1079 810 156 68 vtraque
1193 810 99 68 sit
1250 810 99 68 vna
1306 810 156 68 numero.
1420 810 113 68 ergo
1491 810 184 68 humanitas
1632 810 113 68 illa
1689 810 71 68 di-

1034 859 151 64 stincta
1144 859 164 64 realiter
1267 859 82 64 ab
1308 859 110 64 illa
1377 859 205 64 differentia
1541 859 205 64 contrahente
1692 859 68 64 est

1037 907 98 52 vna
1093 907 154 52 numero.
1205 907 112 52 ergo
1275 907 84 52 et
1317 907 210 52 numeraliter
1486 907 196 52 distincta.
1640 907 112 52 ergo
1696 907 70 52 non

1039 952 80 64 est
1084 952 80 64 hec
1130 952 80 64 vna
1176 952 114 64 numero
1256 952 80 64 per
1302 952 103 64 illam
1370 952 183 64 differentiam
1519 952 183 64 contahentem.
1668 952 80 64 sed
1702 952 57 64 per

1031 989 137 67 seipsam.
1133 989 148 67 Similiter
1247 989 114 67 quando
1327 989 125 67 aliquid
1418 989 114 67 seipso
1498 989 137 67 realiter
1589 989 160 67 distinguitur

1030 1037 84 67 ab
1072 1037 140 67 aliquo
1170 1037 112 67 sibi
1240 1037 210 67 extrinseco.
1407 1037 126 67 eadem
1491 1037 154 67 ratione
1589 1037 168 67 distingui-

1025 1086 94 56 tur
1078 1086 134 56 seipso
1172 1086 81 56 ab
1213 1086 107 56 alio
1280 1086 107 56 sibi
1347 1086 202 56 extrinseco.
1508 1086 107 56 ergo
1575 1086 81 56 si
1602 1086 148 56 humanitas

1019 1128 127 58 sortis
1108 1128 127 58 seipsa
1197 1128 152 58 realiter
1311 1128 203 58 distinguitur
1475 1128 63 58 a
1500 1128 190 58 differentia
1640 1128 101 58 contra

1023 1163 126 74 hente.
1112 1163 113 74 eadem
1187 1163 139 74 ratione
1288 1163 126 74 seipsa
1376 1163 202 74 distinguitur
1540 1163 151 74 realiter
1654 1163 76 74 ab
1679 1163 63 74 hu-

1030 1212 173 64 manitate
1159 1212 188 64 platonis.
1304 1212 188 64 Confirmo.
1448 1212 115 64 quia
1520 1212 101 64 non
1578 1212 159 64 videtur
1679 1212 72 64 con

1027 1251 183 67 tradictio
1168 1251 113 67 quod
1238 1251 183 67 humanitas
1379 1251 141 67 sortis
1477 1251 183 67 separetur
1618 1251 70 67 a
1632 1251 113 67 diffe-

1025 1303 136 57 rentia
1121 1303 218 57 contrahente.
1297 1303 82 57 et
1338 1303 177 57 similiter
1474 1303 177 57 humanitas
1596 1303 150 57 platonis.

1024 1341 123 61 Tunc
1100 1341 153 61 quero.
1208 1341 107 61 aut
1269 1341 123 61 illa
1346 1341 200 61 humanitas
1499 1341 107 61 non
1561 1341 169 61 variata
1668 1341 77 61 que

1029 1384 99 73 fuit
1090 1384 124 73 sortis
1177 1384 148 73 realiter
1288 1384 198 73 distinguitur
1449 1384 74 73 ab
1486 1384 99 73 illa
1547 1384 173 73 humanitate
1671 1384 74 73 quae

1016 1425 103 73 fuit
1080 1425 167 73 platonis.
1209 1425 90 73 aut
1260 1425 103 73 non.
1324 1425 77 73 Si
1363 1425 103 73 sic.
1427 1425 141 73 habetur
1530 1425 180 73 propositum
1658 1425 77 73 quod

1021 1476 194 65 distinguntur
1179 1476 146 65 realiter
1288 1476 146 65 seipsis.
1398 1476 97 65 quia
1458 1476 85 65 per
1507 1476 194 65 differentias
1653 1476 97 65 contra

1017 1515 158 69 hbentes.
1136 1515 92 69 non
1188 1515 238 69 distinguuntur.
1387 1515 92 69 cum
1439 1515 106 69 ille
1505 1515 92 69 non
1558 1515 119 69 sint.
1638 1515 79 69 Si
1664 1515 66 69 non

1006 1559 238 69 distinguuntur
1202 1559 182 69 realiter.
1342 1559 154 69 Contra.
1455 1559 210 69 impossibile
1623 1559 98 69 est
1665 1559 70 69 du-

1016 1612 82 62 as
1057 1612 95 62 res
1112 1612 95 62 non
1166 1612 177 62 facientes
1302 1612 95 62 per
1356 1612 82 62 fe
1397 1612 109 62 vnum
1465 1612 136 62 facere
1560 1612 95 62 vel
1615 1612 109 62 esse
1669 1612 68 62 per

1013 1646 78 72 se
1052 1646 118 72 vnum.
1131 1646 105 72 nisi
1196 1646 92 72 per
1248 1646 131 72 realem
1340 1646 235 72 compositionem.
1536 1646 105 72 ergo
1601 1646 105 72 iste
1653 1646 92 72 huma-

1013 1699 138 63 nitates
1114 1699 151 63 realiter
1227 1699 189 63 componuntur
1378 1699 75 63 et
1416 1699 88 63 per
1466 1699 176 63 consequens
1604 1699 113 63 haber
1667 1699 63 63 pro

1017 1743 145 56 positum
1122 1743 106 56 quod
1188 1743 145 56 seipsis
1294 1743 238 56 distinguuntur.
1492 1743 106 56 quia
1558 1743 132 56 partes
1638 1743 92 56 eius-

1007 1788 89 52 dem
1058 1788 165 52 compositi
1185 1788 127 52 semper
1273 1788 139 52 seipsis
1375 1788 89 52 vel
1425 1788 89 52 per
1476 1788 127 52 aliqua
1564 1788 101 52 sibi
1615 1788 114 52 intrin-

995 1824 111 69 seca
1064 1824 166 69 realiter
1189 1824 236 69 distinguuntur
1383 1824 69 69 ⁋
1411 1824 166 69 Preterea
1536 1824 97 69 non
1591 1824 97 69 est
1633 1824 97 69 incon

998 1874 158 61 ueniens.
1116 1874 105 61 quin
1182 1874 131 61 saltem
1274 1874 92 61 per
1326 1874 171 61 potentiam
1457 1874 144 61 diuinam
1562 1874 158 61 quelibet
1667 1874 66 61 res

994 1920 176 56 absoluta
1126 1920 191 56 intuitiue
1273 1920 176 56 videatur
1405 1920 147 56 absque
1508 1920 161 56 visione
1611 1920 117 56 alteri

1005 1959 87 65 us
1049 1959 102 65 rei
1107 1959 189 65 absolute.
1253 1959 117 65 ergo
1326 1959 189 65 humanitas
1472 1959 117 65 quae
1545 1959 102 65 est
1603 1959 87 65 in
1632 1959 102 65 sorte

1002 2005 128 70 potest
1092 2005 166 70 intuitiue
1220 2005 128 70 videri
1309 2005 102 70 sine
1373 2005 192 70 differentia
1526 2005 205 70 contrahente.
1680 2005 51 70 et

1003 2049 193 57 humanitas
1152 2049 119 57 quae
1226 2049 104 57 est
1286 2049 89 57 in
1330 2049 164 57 platone
1449 2049 134 57 eodem
1539 2049 134 57 modo.
1628 2049 104 57 sed
1673 2049 60 57 ta

989 2085 98 73 lis
1045 2085 195 73 videbiteas
1198 2085 181 73 distingui
1338 2085 112 73 loco
1408 2085 84 73 et
1450 2085 112 73 situ
1520 2085 112 73 siue
1589 2085 98 73 per
1631 2085 84 73 quan

995 2139 150 58 titatem
1105 2139 123 58 siue.
1187 2139 109 58 non.
1255 2139 96 58 non
1309 2139 123 58 curo.
1391 2139 109 58 quia
1460 2139 123 58 nihil
1542 2139 150 58 refert.
1637 2139 82 58 ergo

996 2182 170 62 videbit
1119 2182 108 62 eas
1181 2182 216 62 distingui.
1351 2182 108 62 sed
1413 2182 155 62 nullus
1521 2182 201 62 cognoscit
1660 2182 62 62 in

981 2227 226 58 particulari
1162 2227 91 58 et
1207 2227 196 58 distincte
1358 2227 151 58 aliqua
1464 2227 196 58 distingui
1599 2227 121 58 essen-

988 2272 165 57 tialiter
1112 2272 110 57 nisi
1180 2272 178 57 cognoscat
1317 2272 82 57 in
1359 2272 206 57 particulari
1523 2272 178 57 principia
1646 2272 69 57 di-

986 2311 158 57 stincta
1101 2311 216 57 intrinseca.
1273 2311 115 57 ergo
1345 2311 115 57 iste
1417 2311 216 57 humanitates
1575 2311 129 57 seipsis

989 2356 258 64 distinguuntur.
1203 2356 86 64 et
1246 2356 100 64 per
1304 2356 200 64 consequens
1461 2356 115 64 sunt
1533 2356 172 64 seipsis.
1647 2356 72 64 Se-

988 2403 135 57 cundo
1078 2403 150 57 arguo.
1183 2403 120 57 quia
1258 2403 90 57 si
1303 2403 195 57 humanitas
1452 2403 105 57 sit
1512 2403 120 57 alia
1587 2403 90 57 et
1617 2403 90 57 alia

988 2450 110 57 ergo
1057 2450 96 57 tot
1112 2450 123 57 erunt
1194 2450 151 57 species
1304 2450 233 57 specialissime
1496 2450 110 57 quot
1564 2450 110 57 sunt
1619 2450 96 57 indi-

985 2494 143 58 uidua.
1085 2494 201 58 consequens
1243 2494 100 58 est
1300 2494 158 58 falsum.
1415 2494 115 58 quia
1487 2494 115 58 tunc
1558 2494 100 58 tot
1601 2494 115 58 essent

982 2541 140 55 genera
1080 2541 239 55 generalissima
1277 2541 197 55 necessario
1431 2541 112 55 quot
1501 2541 112 55 sunt
1558 2541 154 55 indiuidua

984 2584 96 48 quod
1044 2584 131 48 videtur
1139 2584 155 48 absurdum.
1259 2584 191 48 consequentia
1414 2584 120 48 patet.
1498 2584 96 48 quia
1558 2584 72 48 si
1582 2584 131 48 humanitas

977 2623 128 52 dicat
1062 2623 156 52 speciem
1175 2623 269 52 specialissimam.
1402 2623 99 52 aut
1459 2623 184 52 humanitas
1587 2623 113 52 sortum
