2265 3067
441 228 88 90 et
485 228 176 90 platonis
618 228 103 90 aut
676 228 118 90 alia
750 228 103 90 que
809 228 103 90 non
867 228 103 90 est
926 228 103 90 hec
985 228 103 90 nec
1044 228 132 90 illa.
1117 228 59 90 Si

443 291 150 68 primum
548 291 90 68 et
593 291 105 68 non
654 291 120 68 plus
729 291 105 68 vna
789 291 120 68 quam
864 291 135 68 alia.
954 291 120 68 ergo
1030 291 120 68 sunt
1090 291 75 68 due

435 333 217 67 humanitates
608 333 116 67 hic.
680 333 145 67 quarum
782 333 159 67 vtraque
897 333 101 67 est
955 333 159 67 species
1056 333 116 67 specia

441 367 141 79 lissima.
547 367 70 79 et
582 367 82 79 per
629 367 164 79 consequens
758 367 94 79 sunt
816 367 82 79 due
863 367 129 79 species
957 367 211 79 specialissime.
1121 367 47 79 Si

445 413 114 79 detur
521 413 152 79 secundum
635 413 127 79 quaero
724 413 76 79 de
762 413 101 79 illa
825 413 177 79 humanitate
965 413 101 79 quae
1028 413 89 79 nec
1079 413 89 79 est
1117 413 63 79 hec

443 456 92 78 nec
496 456 119 78 illa.
575 456 92 78 aut
628 456 92 78 est
680 456 106 78 vera
746 456 92 78 res
799 456 119 78 extra
879 456 145 78 animam.
984 456 79 78 et
1024 456 119 78 redit
1090 456 79 78 opi-

439 501 88 87 nio
490 501 164 87 improbata
616 501 75 87 in
653 501 164 87 quastione
779 501 201 87 praecedenti.
943 501 88 87 aut
993 501 88 87 est
1043 501 126 87 tantum
1119 501 50 87 in

454 547 102 84 anima.
525 547 61 84 et
556 547 82 84 tunc
607 547 102 84 nullum
679 547 143 84 vniversale
791 547 72 84 est
832 547 61 84 ex
862 547 112 84 animam.
944 547 92 84 Eodem
1006 547 82 84 modo
1057 547 72 84 mdo
1087 547 82 84 potest

448 592 128 78 argui.
538 592 77 78 Si
576 592 102 78 homo
640 592 89 78 sit
691 592 153 78 species.
806 592 128 78 quaero
895 592 89 78 pro
946 592 89 78 quo
997 592 89 78 lod
1048 592 102 78 homo
1099 592 77 78 sup-

452 636 131 77 ponit.
543 636 92 77 aut
596 636 92 77 pro
648 636 78 77 re
687 636 118 77 extra
766 636 144 77 animam.
870 636 92 77 aut
923 636 92 77 pro
975 636 78 77 re
1014 636 78 77 in
1053 636 131 77 anima.
1132 636 52 77 Si

455 681 137 77 secundo
554 681 112 77 modo.
629 681 137 77 habetur
729 681 187 77 propositum.
878 681 75 77 Si
915 681 112 77 primo
990 681 112 77 modo.
1065 681 87 77 aut
1102 681 75 77 illa

453 723 95 83 res
508 723 95 83 est
562 723 135 83 sortes
656 723 95 83 vel
710 723 135 83 plato.
805 723 95 83 vel
859 723 81 83 in
899 723 122 83 sorte
980 723 81 83 et
1021 723 149 83 platone
1115 723 68 83 non

454 769 159 78 variata
569 769 101 78 nec
627 769 246 78 multiplicata.
830 769 87 78 et
874 769 116 78 tunc
946 769 130 78 redit
1033 769 130 78 prima
1106 769 72 78 opi

461 810 92 79 nio
514 810 211 79 praecedentis
685 810 211 79 quaestionis.
857 810 92 79 Aut
910 810 145 79 variata
1015 810 79 79 et
1042 810 145 79 multipli-

456 869 109 72 cata.
528 869 72 72 et
565 869 97 72 tunc
625 869 133 72 habetur
721 869 181 72 propositum.
866 869 97 72 quod
927 869 84 72 tot
975 869 97 72 sunt
1035 869 133 72 species
1120 869 60 72 spe

456 901 195 75 cialissime
609 901 112 75 quot
679 901 195 75 indiuidua.
832 901 84 75 Et
874 901 84 75 ex
916 901 98 75 hoc
972 901 181 75 sequitur.
1097 901 84 75 quod

452 949 107 75 nulla
523 949 83 75 res
571 949 83 75 est
618 949 142 75 species.
725 949 95 75 quia
784 949 95 75 tunc
843 949 107 75 nulla
914 949 83 75 res
962 949 83 75 est
1009 949 154 75 communis.
1116 949 71 75 quia

462 1001 83 72 nec
510 1001 95 72 illa
569 1001 95 72 quae
629 1001 83 72 est
677 1001 71 72 in
712 1001 107 72 sorte
784 1001 83 72 nec
831 1001 95 72 illa
891 1001 95 72 quae
951 1001 83 72 est
998 1001 71 72 in
1034 1001 143 72 platone.
1129 1001 48 72 et

462 1036 104 75 nulla
532 1036 162 75 perpositum
659 1036 81 75 est
705 1036 127 75 praeter
797 1036 115 75 istas.
878 1036 92 75 ergo
936 1036 92 75 etc.
994 1036 58 75 â‹
1017 1036 150 75 Preterea.
1121 1036 69 75 ter-

460 1078 95 72 tio
515 1078 109 72 illa
583 1078 95 72 res
637 1078 109 72 quae
705 1078 95 72 est
759 1078 203 72 determinata
922 1078 81 72 ad
962 1078 109 72 vnum
1030 1078 95 72 nec
1084 1078 95 72 est
1125 1078 68 72 in-

463 1119 148 79 differens
577 1119 68 79 ad
611 1119 114 79 multa.
691 1119 80 79 non
736 1119 80 79 est
782 1119 182 79 vniversalis.
930 1119 80 79 sed
975 1119 148 79 humanitas
1089 1119 91 79 quae
1135 1119 57 79 est

457 1177 81 71 in
497 1177 134 71 sorte.
591 1177 94 71 per
645 1177 81 71 te
685 1177 94 71 est
739 1177 202 71 determinata
900 1177 81 71 ad
941 1177 108 71 vnum
1008 1177 94 71 nec
1062 1177 134 71 potest
1142 1177 54 71 in

460 1212 95 79 alio
520 1212 155 79 inueniri.
639 1212 72 79 Et
675 1212 143 79 secundum
782 1212 107 79 istam
853 1212 131 79 opinion
949 1212 107 79 nulla
1020 1212 83 79 est
1056 1212 131 79 humanitas

472 1263 78 59 nisi
521 1263 78 59 quae
570 1263 68 59 est
608 1263 58 59 in
638 1263 97 59 sortes
706 1263 58 59 et
735 1263 78 59 pla.
783 1263 78 59 ergo
832 1263 88 59 nulla
890 1263 68 59 res
929 1263 58 59 ex
958 1263 97 59 animam
1026 1263 68 59 est
1056 1263 126 59 vniversalis

463 1298 59 84 â‹
487 1298 70 84 Si
522 1298 129 84 dicatur
615 1298 94 84 quod
674 1298 94 84 isti
733 1298 164 84 humanitati
861 1298 94 84 quae
920 1298 82 84 est
967 1298 70 84 in
1002 1298 117 84 sortes
1084 1298 82 84 non
1119 1298 70 84 repu

455 1341 94 82 gnat
514 1341 71 82 ex
550 1341 71 82 se
585 1341 94 82 esse
644 1341 83 82 cum
691 1341 94 82 alia
750 1341 177 82 differentia
892 1341 153 82 cohbente.
1010 1341 83 82 sed
1057 1341 83 82 per
1093 1341 106 82 aliquod

465 1389 209 68 extrinsecum
632 1389 223 68 determinatur
813 1389 84 68 ad
855 1389 97 68 hoc
911 1389 209 68 indiuiduum.
1078 1389 84 68 et
1105 1389 84 68 ideo

476 1432 131 81 quantum
571 1432 83 81 est
619 1432 71 81 ex
655 1432 83 81 se.
702 1432 83 81 est
750 1432 178 81 indifferens
893 1432 71 81 et
928 1432 155 81 communis.
1047 1432 59 81 â‹
1071 1432 119 81 Contra
1142 1432 48 81 il

470 1477 90 68 lud
522 1477 103 68 quod
586 1477 90 68 per
638 1477 129 68 nullam
728 1477 168 68 potentiam
857 1477 129 68 potest
947 1477 155 68 pluribus
1050 1477 142 68 conuenire

478 1518 76 71 non
521 1518 76 71 est
565 1518 129 71 realiter
662 1518 65 71 et
694 1518 129 71 positiue
791 1518 129 71 commune.
888 1518 86 71 ergo
942 1518 65 71 si
974 1518 86 71 illa
1028 1518 76 71 res
1072 1518 86 71 quae
1125 1518 76 71 est
1158 1518 43 71 in

470 1562 110 73 sorte
543 1562 159 73 pernullam
666 1562 159 73 potentiam
788 1562 122 73 potest
874 1562 98 73 esse
935 1562 73 73 in
972 1562 110 73 alio.
1045 1562 86 73 non
1094 1562 86 73 est
1131 1562 61 73 rea

471 1607 106 73 liter
542 1607 141 73 positiue
648 1607 153 73 communis.
766 1607 83 73 nec
813 1607 153 73 communior
931 1607 94 73 quam
990 1607 83 73 hec
1037 1607 106 73 forma
1108 1607 83 73 vel
1143 1607 59 73 hec

476 1654 146 67 materia.
585 1654 97 67 quia
646 1654 134 67 vtraque
744 1654 134 67 istarum
841 1654 122 67 potest
926 1654 85 67 per
975 1654 158 67 potentiam
1084 1654 110 67 diuinam

473 1699 101 73 esse
536 1699 76 73 in
574 1699 164 73 pluribus:
700 1699 126 73 saltem
789 1699 177 73 successiue
927 1699 63 73 â‹
952 1699 164 73 Preterea.
1079 1699 113 73 sicut
1142 1699 50 73 na

464 1741 112 69 ture
534 1741 84 69 de
576 1741 84 69 se
618 1741 98 69 non
674 1741 168 69 repugnat
800 1741 112 69 quod
870 1741 98 69 sit
926 1741 98 69 cum
982 1741 112 69 alio
1052 1741 140 69 gradu.
1136 1741 70 69 ita

479 1786 119 67 etiam
558 1786 106 67 illi
624 1786 132 67 gradui
717 1786 93 67 non
770 1786 159 67 repugnat
889 1786 79 67 ex
929 1786 79 67 se
969 1786 106 67 esse
1035 1786 93 67 cum
1088 1786 106 67 alia
1141 1786 53 67 na

479 1829 121 69 tura.
559 1829 108 69 ergo
627 1829 121 69 tanta
707 1829 188 69 communitas
856 1829 108 69 erit
923 1829 81 69 in
963 1829 108 69 illo
1031 1829 121 69 gradu
1098 1829 121 69 indiui.

480 1874 122 68 duali
562 1874 217 68 contrahente.
738 1874 135 68 quanta
832 1874 81 68 in
873 1874 135 68 natura
968 1874 190 68 contracta.
1117 1874 68 68 â‹
1130 1874 68 68 hoc

473 1920 188 69 confirmatur.
626 1920 94 69 quia
685 1920 141 69 secundum
790 1920 106 69 istam
861 1920 164 69 opinionem.
990 1920 94 69 iste
1048 1920 117 69 gradus
1119 1920 82 69 indi-

468 1960 169 75 uidualis
595 1960 197 75 contrahens
749 1960 141 75 realit
848 1960 99 75 est
904 1960 99 75 cum
961 1960 169 75 pluribus
1073 1960 127 75 naturis

485 2004 181 70 contractis.
630 2004 145 70 scilicet
738 2004 84 70 cum
786 2004 121 70 natura
871 2004 121 70 omnium
955 2004 133 70 generum
1051 2004 72 70 et
1075 2004 133 70 specierum

482 2051 225 75 praedicabilium
670 2051 75 75 de
708 2051 100 75 illo
771 2051 175 75 indiuiduo.
908 2051 100 75 ergo
971 2051 150 75 realiter
1084 2051 100 75 iste
1134 2051 75 75 gra-

482 2099 91 63 dus
534 2099 117 63 magis
612 2099 104 63 erit
676 2099 156 63 communis
793 2099 78 63 ad
832 2099 156 63 diuersas
949 2099 143 63 naturas
1039 2099 169 63 vniversales

479 2137 117 76 quam
553 2137 191 76 quecumque
699 2137 147 76 natura
802 2137 88 76 ad
846 2137 161 76 diuersa
964 2137 205 76 indiuidua.
1125 2137 88 76 Et
1154 2137 59 76 si

481 2183 104 69 dicas
550 2183 92 69 quod
607 2183 81 69 hic
653 2183 81 69 non
699 2183 81 69 est
745 2183 161 69 communitas
872 2183 81 69 per
918 2183 219 69 praedicationem:
1102 2183 81 69 sed
1136 2183 69 69 con-

489 2231 82 62 tas
536 2231 212 62 conexistentie.
713 2231 82 62 hoc
760 2231 82 62 non
807 2231 118 62 valet.
889 2231 94 62 quia
948 2231 165 62 consimilis
1065 2231 141 62 communitas

486 2270 134 76 praecise
586 2270 111 76 potest
664 2270 89 76 esse
720 2270 111 76 nature
798 2270 134 76 communis
898 2270 67 76 ad
931 2270 156 76 indiuidua.
1054 2270 89 76 quia
1099 2270 111 76 secundum

485 2314 106 71 istam
556 2314 164 71 opinionem.
685 2314 94 71 illa
743 2314 117 71 natura
826 2314 176 71 vniversalis
967 2314 82 71 est
1013 2314 141 71 realiter
1107 2314 106 71 distin-

486 2357 81 77 cta
533 2357 70 77 ab
568 2357 93 77 isto
626 2357 163 77 indiuiduo.
754 2357 93 77 ergo
812 2357 81 77 non
859 2357 81 77 est
905 2357 140 77 communis
1010 2357 81 77 per
1045 2357 163 77 praedicatio-

498 2401 85 80 nem
547 2401 122 80 talem.
632 2401 85 80 sed
680 2401 122 80 tantum
766 2401 85 80 per
814 2401 134 80 quandam
912 2401 219 80 coexistentiam.
1094 2401 85 80 vel
1131 2401 85 80 sicut

507 2447 70 62 is
542 2447 82 62 est
589 2447 141 62 communis
695 2447 94 62 toti
753 2447 59 62 â‹
777 2447 94 62 Ideo
835 2447 94 62 dico
894 2447 70 62 ad
929 2447 187 62 quaestionem.
1081 2447 94 62 quod
1140 2447 70 62 in
1163 2447 47 62 in

494 2487 137 78 diuiduo
593 2487 87 78 non
643 2487 87 78 est
693 2487 124 78 aliqua
780 2487 124 78 natura
867 2487 187 78 vniversalis
1016 2487 149 78 realiter
1115 2487 100 78 distin

494 2535 82 76 cta
541 2535 58 76 a
564 2535 175 76 differentia
704 2535 163 76 conthente.
833 2535 93 76 quia
891 2535 82 76 non
937 2535 117 76 posset
1019 2535 82 76 ibi
1066 2535 93 76 poni
1124 2535 105 76 talis
1182 2535 47 76 na

488 2578 106 69 tura
554 2578 106 69 nisi
620 2578 119 69 esset
699 2578 106 69 pars
765 2578 198 69 essentialis
924 2578 132 69 ipsius
1017 2578 185 69 indiuidui.
1149 2578 66 69 sed

480 2619 122 76 semper
565 2619 171 76 intertotum
699 2619 73 76 et
736 2619 122 76 parten
821 2619 85 76 est
870 2619 171 76 proportio.
1004 2619 97 76 quod
1065 2619 73 76 si
1101 2619 110 76 totum
1162 2619 61 76 sit

1263 208 166 68 singulare
1391 208 89 68 non
1442 208 153 68 commune.
1557 208 153 68 quelibet
1672 208 102 68 pars
1736 208 115 68 eodem
1812 208 102 68 modo
1876 208 89 68 est
1914 208 77 68 sin-

1257 262 154 69 gularis
1369 262 322 69 proportionabiliter.
1650 262 98 69 nec
1706 262 140 69 potest
1804 262 98 69 vna
1860 262 112 69 pars
1916 262 84 69 plus

1255 307 108 59 esse
1323 307 190 59 singularis
1472 307 108 59 quam
1540 307 122 59 alia.
1621 307 108 59 ergo
1689 307 95 59 vel
1743 307 122 59 nulla
1824 307 108 59 pars
1878 307 122 59 indiui-

1262 349 85 62 dui
1310 349 85 62 est
1359 349 182 62 singularis.
1504 349 85 62 vel
1552 349 169 62 quaelibet.
1685 349 85 62 sed
1734 349 85 62 non
1782 349 121 62 nulla.
1867 349 97 62 ergo
1915 349 85 62 quae-

1276 399 132 56 libet.
1368 399 172 56 Similiter
1501 399 79 56 si
1540 399 79 56 in
1580 399 172 56 indiuiduo
1712 399 132 56 essent
1805 399 119 56 talia
1884 399 93 56 duo
1924 399 66 56 rea

1276 444 118 56 liter
1355 444 184 56 distincta.
1499 444 92 56 non
1551 444 144 56 videtur
1656 444 170 56 includere
1774 444 223 56 contradictionem

1280 482 99 68 quin
1342 482 99 68 vnum
1404 482 137 68 istorum
1503 482 124 68 posset
1590 482 99 68 esse
1652 482 99 68 sine
1714 482 137 68 altero.
1814 482 75 68 et
1851 482 99 68 tunc
1901 482 99 68 posset

1268 536 124 51 esse
1346 536 155 51 gradus
1455 536 249 51 indiuidualis
1657 536 124 51 sine
1735 536 155 51 natura
1828 536 171 51 contracta

1271 570 92 67 vel
1324 570 185 67 econuerso.
1469 570 132 67 quorum
1561 570 158 67 vtrunque
1680 570 92 67 est
1732 570 171 67 absurdum.
1851 570 145 67 Similiter

1274 615 107 67 quod
1340 615 93 67 non
1394 615 93 67 sit
1447 615 120 67 talis
1527 615 147 67 natura.
1633 615 147 67 probant
1740 615 107 67 fere
1807 615 107 67 omns
1860 615 133 67 rationes

1278 659 137 68 posite
1374 659 82 68 in
1415 659 137 68 priori
1511 659 192 68 quaestione
1662 659 137 68 contra
1758 659 178 68 opinionem
1895 659 96 68 ibi
1936 659 55 68 im

1279 718 195 54 probatam.
1429 718 75 54 â‹
1459 718 90 54 Ad
1504 718 210 54 argumentum
1670 718 210 54 principale
1835 718 120 54 dico
1910 718 120 54 quod
1970 718 60 54 in

1279 749 183 61 vniuersale
1423 749 131 61 aliquo
1514 749 104 61 modo
1579 749 183 61 significat
1723 749 144 61 partem.
1827 749 131 61 quando
1906 749 91 61 illud

1286 795 185 70 vniversale
1431 795 92 70 est
1484 795 119 70 genus
1563 795 79 70 ad
1603 795 119 70 multa
1682 795 172 70 composita
1814 795 172 70 distincta
1933 795 79 70 for-

1280 840 93 58 mis
1333 840 199 58 specificis.
1492 840 119 58 Cuius
1572 840 119 58 ratio
1651 840 106 58 est.
1717 840 106 58 quia
1784 840 80 58 in
1824 840 159 58 quolibet
1930 840 66 58 suo

1281 884 209 66 significato
1449 884 209 66 neccessario
1616 884 181 66 inuenitur
1756 884 98 66 vna
1812 884 112 66 pars
1867 884 126 66 eiusdem

1276 928 167 60 rationis.
1405 928 90 60 non
1456 928 90 60 sic
1507 928 116 60 autem
1584 928 103 60 alia
1649 928 116 60 pars.
1726 928 77 60 et
1764 928 103 60 ideo
1828 928 116 60 magis
1892 928 116 60 dicitur

1283 983 194 48 significare
1438 983 116 48 illam
1515 983 129 48 partem
1606 983 103 48 quam
1670 983 129 48 aliam.
1761 983 155 48 Qualiter
1877 983 116 48 autem
1941 983 65 48 hoc

1269 1019 104 61 sit
1328 1019 252 61 intelligendum
1536 1019 163 61 patebit
1654 1019 89 61 in
1699 1019 237 61 sequentibus.
1891 1019 89 61 Et
1921 1019 89 61 ideo

1283 1057 137 65 vniversale
1391 1057 68 65 non
1430 1057 68 65 est
1469 1057 117 65 realiter
1556 1057 88 65 pars.
1615 1057 59 65 et
1644 1057 78 65 ideo
1693 1057 68 65 non
1732 1057 107 65 oportet
1810 1057 78 65 quod
1859 1057 117 65 realiter
1937 1057 78 65 multi-

1269 1105 344 72 plicetur.
1533 1105 317 72 Questio.
1745 1105 132 72 vi.

1434 1150 289 98 Irca
1614 1150 289 98 idem
1759 1150 252 98 quero

1489 1230 126 54 tertio.
1580 1230 103 54 Utrum
1649 1230 126 54 aliquid
1741 1230 92 54 quod
1799 1230 80 54 est
1845 1230 161 54 vniversale
1971 1230 69 54 et
1994 1230 46 54 tm

1478 1278 155 54 vniuocum
1594 1278 90 54 sit
1646 1278 155 54 realiter
1762 1278 116 54 extra
1840 1278 129 54 animam
1930 1278 78 54 ex
1956 1278 52 54 na

1472 1321 109 52 tura
1541 1321 96 52 rei
1595 1321 191 52 distinctum
1746 1321 82 52 ab
1786 1321 191 52 indiuiduo.
1923 1321 82 52 quae

1283 1363 80 63 uis
1328 1363 80 63 non
1374 1363 149 63 realiter.
1488 1363 126 63 Uidetur
1580 1363 91 63 quod
1637 1363 91 63 sic.
1694 1363 91 63 quia
1751 1363 114 63 natura
1831 1363 126 63 hominis
1923 1363 80 63 est
1957 1363 57 63 hoc

1282 1417 71 58 et
1318 1417 106 58 tamen
1389 1417 83 58 non
1436 1417 83 58 est
1483 1417 71 58 de
1519 1417 71 58 se
1554 1417 95 58 hec.
1613 1417 95 58 quia
1672 1417 95 58 tunc
1731 1417 83 58 non
1779 1417 118 58 posset
1861 1417 95 58 esse
1920 1417 71 58 in
1944 1417 71 58 alio

1281 1455 95 62 ergo
1341 1455 84 62 per
1388 1455 131 62 aliquid
1484 1455 95 62 sibi
1544 1455 143 62 additum.
1651 1455 72 62 et
1687 1455 84 62 non
1735 1455 84 62 per
1782 1455 167 62 distinctum
1902 1455 119 62 realiter

1287 1493 89 71 qui
1338 1493 114 71 eadem
1414 1493 139 71 ratione
1515 1493 126 71 natura
1603 1493 164 71 albedinis
1730 1493 114 71 esset
1806 1493 89 71 hec
1856 1493 89 71 per
1894 1493 114 71 aliquid

1279 1545 151 60 additum
1389 1545 192 60 distinctum
1540 1545 178 60 realiter.
1677 1545 82 60 et
1718 1545 110 60 tunc
1787 1545 96 60 hec
1842 1545 137 60 albedo
1924 1545 96 60 esset

1289 1582 153 62 realiter
1404 1582 178 62 composita.
1544 1582 102 62 quod
1608 1582 140 62 videtur
1709 1582 140 62 falsum.
1811 1582 102 62 ergo
1875 1582 127 62 natura
1951 1582 64 62 est

1292 1624 93 65 hec
1345 1624 93 65 per
1398 1624 146 65 aliquid
1505 1624 186 65 distinctum
1651 1624 186 65 formaliter
1798 1624 160 65 additum.
1917 1624 67 65 â‹
1944 1624 80 65 Ad
1971 1624 53 65 op

1283 1670 183 71 positum.
1420 1670 137 71 nulla
1511 1670 152 71 natura
1618 1670 107 71 que
1679 1670 107 71 est
1740 1670 183 71 realiter
1861 1670 168 71 indiuiduu

1295 1715 87 60 est
1344 1715 148 60 realiter
1455 1715 186 60 vniuersale.
1604 1715 99 60 ergo
1666 1715 74 60 si
1703 1715 99 60 ista
1765 1715 124 60 natura
1851 1715 87 60 sit
1888 1715 124 60 realiter

1293 1757 126 62 istud
1377 1757 197 62 indiuiduum
1532 1757 98 62 non
1588 1757 98 62 est
1644 1757 168 62 realiter
1770 1757 211 62 vniuersale.
1939 1757 70 62 â‹
1967 1757 84 62 Ad

1286 1804 111 56 istam
1360 1804 173 56 questionem
1496 1804 148 56 dicitur.
1607 1804 99 56 quod
1669 1804 74 56 in
1706 1804 74 56 re
1743 1804 111 56 extra
1817 1804 124 56 animam
1904 1804 87 56 est
1941 1804 74 56 natu

1285 1848 81 63 ra
1326 1848 122 63 eadem
1407 1848 162 63 realiter
1529 1848 95 63 cum
1583 1848 203 63 differentia
1746 1848 203 63 contrahente
1908 1848 81 63 ad
1935 1848 95 63 deter

1293 1895 150 61 minatum
1403 1895 205 61 indiuiduum.
1566 1895 178 61 distincta
1703 1895 123 61 tamen
1785 1895 205 61 formaliter.
1935 1895 82 61 quae

1284 1937 86 54 de
1327 1937 86 54 se
1370 1937 100 54 nec
1427 1937 100 54 est
1485 1937 215 54 vniuersalis
1657 1937 100 54 nec
1714 1937 244 54 particularis.
1915 1937 100 54 sed
1958 1937 72 54 in-

1300 1979 162 67 complete
1421 1979 95 67 est
1475 1979 203 67 vniuersalis
1637 1979 81 67 in
1678 1979 95 67 re:
1732 1979 81 67 et
1772 1979 162 67 complete
1880 1979 135 67 secundum

1300 2026 108 58 esse
1368 2026 81 58 in
1409 2026 203 58 intellectu.
1571 2026 81 58 Et
1612 2026 108 58 quia
1680 2026 108 58 ista
1747 2026 135 58 opinio
1842 2026 95 58 est
1896 2026 81 58 vt
1923 2026 95 58 credo

1292 2079 290 55 opiniolsubtilis
1536 2079 183 55 doctoris
1673 2079 107 55 qui
1734 2079 137 55 alios
1826 2079 92 55 in
1856 2079 168 55 subtilita

1298 2125 95 49 te
1346 2125 174 49 iudicii
1472 2125 222 49 excellebat
1647 2125 79 49 â‹
1678 2125 127 49 Ideo
1758 2125 127 49 volo
1837 2125 143 49 totam
1916 2125 111 49 istam

1301 2159 193 61 opinionem
1449 2159 119 61 quam
1523 2159 163 61 sparsim
1642 2159 119 61 ipse
1716 2159 133 61 ponit
1805 2159 89 61 in
1849 2159 178 61 diuersis
1968 2159 59 61 lo

1305 2205 102 64 cis
1364 2205 102 64 hic
1422 2205 175 64 recitare
1553 2205 189 64 distincte
1699 2205 131 64 verba
1786 2205 102 64 sua
1845 2205 102 64 que
1903 2205 131 64 ponit
1976 2205 58 64 in

1298 2246 177 64 diuersis
1431 2246 133 64 locis
1520 2246 103 64 non
1579 2246 177 64 mutando.
1711 2246 89 64 Et
1756 2246 103 64 est
1815 2246 89 64 de
1844 2246 177 64 intentione

1297 2290 141 67 istius
1396 2290 169 67 doctoris
1522 2290 113 67 quod
1593 2290 155 67 praeter
1706 2290 169 67 vnitatem
1833 2290 183 67 numeralem
1960 2290 70 67 est

1304 2336 158 62 vnitas
1415 2336 158 62 realis
1525 2336 142 62 minor
1620 2336 174 62 vnitate
1747 2336 205 62 numerali.
1905 2336 111 62 que
1952 2336 79 62 com

1307 2375 121 68 uenit
1387 2375 108 68 ipsi
1455 2375 135 68 nature
1549 2375 94 68 que
1603 2375 94 68 est
1656 2375 135 68 aliquo
1750 2375 108 68 modo
1818 2375 215 68 vniversalis.
1979 2375 54 68 Et

1295 2431 132 56 ideo
1377 2431 165 56 potest
1492 2431 165 56 natura
1607 2431 280 56 contrahibilis
1838 2431 148 56 primo
1920 2431 115 56 compa

1303 2473 115 62 rari
1374 2473 86 62 ad
1418 2473 129 62 ipsum
1504 2473 201 62 singulare.
1662 2473 158 62 Secundo
1777 2473 144 62 potest
1863 2473 172 62 comparari.

1308 2517 92 56 ad
1354 2517 185 56 vnitatem
1492 2517 216 56 numeralem.
1662 2517 154 56 Tertio
1770 2517 154 56 potest
1862 2517 185 56 comparari.

1305 2561 82 66 ad
1346 2561 109 66 esse
1414 2561 205 66 vniversale.
1578 2561 136 66 Quarto
1674 2561 82 66 ad
1715 2561 164 66 vnitatem
1837 2561 150 66 minorem
1933 2561 109 66 vnita-

1307 2601 84 70 te
1349 2601 183 70 numerali.
1489 2601 84 70 Si
1532 2601 197 70 comparetur
1686 2601 84 70 ad
1728 2601 126 70 ipsum
1812 2601 197 70 singulare.
1953 2601 98 70 sicut
