2253 3063
293 196 128 85 ponit
378 196 114 85 ista
449 196 142 85 opinio
549 196 128 85 primo
634 196 114 85 quod
705 196 142 85 natura
805 196 100 85 non
862 196 100 85 est
919 196 85 85 de
947 196 57 85 se

288 262 100 67 hec.
350 262 87 67 sed
400 262 87 67 per
450 262 137 67 aliquid
550 262 150 67 additum.
662 262 75 67 Et
700 262 137 67 secundo
800 262 112 67 ponit
875 262 100 67 quod
925 262 87 67 illud

290 312 138 61 additum
391 312 88 61 non
441 312 88 61 est
491 312 150 61 negatio.
603 312 75 61 li
641 312 88 61 ii.
691 312 113 61 dist.
766 312 100 61 iii.
829 312 75 61 q.
879 312 63 61 â‹
904 312 88 61 Nec
941 312 63 61 ali

287 352 91 66 quod
343 352 148 66 accidens.
457 352 68 66 q.
491 352 91 66 iii.
548 352 79 66 nec
593 352 182 66 accidentalis
741 352 170 66 existentia.
877 352 68 66 q.
911 352 79 66 iii
945 352 57 66 nec

287 399 163 61 materia.
410 399 81 61 q.
450 399 81 61 v.
491 399 136 61 Tertio
586 399 109 61 quod
654 399 122 61 illud
735 399 149 61 additum
844 399 95 61 est
898 399 81 61 in
926 399 81 61 gene

283 442 91 50 re
328 442 212 50 substantie
495 442 91 50 et
540 442 227 50 intrinsecum
722 442 212 50 indiuiduo.
873 442 121 50 Quarto

293 491 90 55 quod
349 491 112 55 natura
427 491 79 55 est
472 491 101 55 prior
540 491 168 55 naturaliter
674 491 90 55 illo
731 491 180 55 contrahente.
877 491 90 55 Unde
921 491 79 55 dicit

287 530 117 59 omnis
365 530 143 59 entitas
469 530 104 59 siue
534 530 143 59 totalis
638 530 104 59 siue
702 530 169 59 partialis
832 530 156 59 alicuius
936 530 65 59 ge-

277 575 116 60 neris
354 575 90 60 est
406 575 77 60 de
444 575 77 60 se
483 575 193 60 indifferens
637 575 77 60 ad
676 575 103 60 hanc
740 575 167 60 entitatem
868 575 90 60 vel
907 575 90 60 illam

287 621 90 50 ita
339 621 103 50 quod
403 621 77 50 vt
442 621 142 50 entitas
545 621 207 50 quidditatiua
713 621 90 50 est
765 621 116 50 prior
829 621 168 50 naturaliter

276 655 94 61 illa
335 655 140 61 entitate
440 655 70 61 vt
475 655 94 61 haec
533 655 94 61 est.
592 655 70 61 Et
627 655 70 61 vt
662 655 105 61 prior
732 655 82 61 est
779 655 187 61 naturaliter.
919 655 82 61 sicut

280 708 81 51 non
327 708 139 51 conuenit
431 708 93 51 sibi
489 708 70 51 ex
524 708 70 51 se
559 708 93 51 quod
617 708 81 51 sit
664 708 105 51 haec.
733 708 81 51 ita
780 708 81 51 non
826 708 139 51 repugnat
919 708 70 51 sibi

269 756 79 57 ex
308 756 145 57 ratione
414 756 92 57 sua
467 756 105 57 suum
533 756 185 57 oppositum.
678 756 79 57 Et
717 756 119 57 sicut
796 756 185 57 compositum
928 756 66 57 non

271 789 149 67 includit
382 789 111 67 illam
456 789 161 67 entitatem
580 789 99 67 quae
642 789 87 67 est
692 789 87 67 hoc
741 789 186 67 compositum.
890 789 87 67 ita
927 789 62 67 ma-

265 840 128 60 teria
350 840 185 60 inquantum
492 840 156 60 materia
606 840 99 60 non
662 840 170 60 includit
790 840 128 60 illam
861 840 128 60 entita-

270 885 96 56 tem
325 885 110 56 quae
394 885 96 56 est
449 885 110 56 haec
518 885 165 56 materia.
641 885 124 56 eodem
724 885 110 56 modo
793 885 82 56 de
834 885 137 56 forma.
916 885 69 56 Non

271 931 102 53 est
330 931 117 53 ergo
403 931 117 53 ista
476 931 160 53 entitas
592 931 160 53 materia
709 931 102 53 vel
767 931 131 53 forma
855 931 102 53 vel
899 931 88 53 con-

259 975 143 55 positum
363 975 169 55 inquantum
492 975 169 55 quodlibet
622 975 143 55 istorum
726 975 91 55 est
778 975 143 55 natura.
881 975 91 55 sed
920 975 65 55 est

270 1018 122 50 vltima
355 1018 147 50 realitas
465 1018 110 50 entis
539 1018 98 50 quod
600 1018 86 50 est
649 1018 147 50 materia.
759 1018 73 50 et
796 1018 110 50 entum
869 1018 98 50 quod
918 1018 61 50 est

265 1057 129 62 forma.
356 1057 78 62 et
395 1057 117 62 entis
472 1057 104 62 quod
537 1057 91 62 est
589 1057 194 62 compositum.
744 1057 91 62 ita
796 1057 104 62 quod
848 1057 142 62 quodlibet

264 1103 146 55 commune
370 1103 79 55 et
409 1103 119 55 tamen
489 1103 238 55 determinabile.
687 1103 119 55 Adhuc
767 1103 132 55 potest
846 1103 146 55 distingui

260 1146 230 56 quantumcumque
450 1146 95 56 sit
504 1146 95 56 vna
558 1146 95 56 res
612 1146 81 56 in
653 1146 135 56 plures
747 1146 189 56 realitates
882 1146 95 56 forma

259 1190 113 56 liter
335 1190 189 56 distinctas.
486 1190 126 56 quarum
574 1190 88 56 hoc
624 1190 176 56 formaliter
762 1190 88 56 non
813 1190 88 56 est
863 1190 113 56 illa.
926 1190 50 56 et

248 1232 94 60 hec
301 1232 188 60 formaliter
449 1232 94 60 est
503 1232 148 60 entitas
611 1232 202 60 singularis.
773 1232 81 60 et
813 1232 108 60 illa
867 1232 121 60 formali

253 1280 92 58 ter
305 1280 92 58 est
358 1280 144 58 entitas
463 1280 131 58 nature
555 1280 171 58 communis.
686 1280 92 58 Nec
739 1280 144 58 possunt
844 1280 105 58 iste
896 1280 92 58 enti-

247 1325 125 63 tates
331 1325 112 63 esse
400 1325 98 63 res
456 1325 84 63 et
498 1325 112 63 res.
568 1325 125 63 sicut
651 1325 167 63 possunt.
777 1325 112 63 esse
833 1325 153 63 realitas.

248 1365 99 63 vnde
310 1365 161 63 accipitur
434 1365 124 63 genus.
520 1365 74 63 et
558 1365 149 63 realitas
669 1365 99 63 vnde
731 1365 161 63 accipitur
843 1365 136 63 different

252 1413 73 60 ex
288 1413 122 60 quibus
374 1413 146 60 realitas
483 1413 159 60 specifica
605 1413 159 60 accipitur
727 1413 171 60 quandoque.
861 1413 85 60 sed
898 1413 61 60 spi

233 1453 89 59 in
278 1453 148 59 eodem.
381 1453 118 59 siue
455 1453 89 59 in
499 1453 148 59 parte.
603 1453 118 59 siue
676 1453 89 59 in
721 1453 118 59 toto
795 1453 148 59 sumpte
883 1453 89 59 sunt

242 1492 188 65 realitates
389 1492 147 65 eiusdem
496 1492 94 65 rei
550 1492 188 65 formaliter
697 1492 174 65 distincte
831 1492 67 65 â‹
858 1492 80 65 Ex
885 1492 80 65 isto

255 1544 90 63 patet
315 1544 80 63 quod
365 1544 90 63 circa
424 1544 90 63 istam
484 1544 159 63 differentiam
614 1544 149 63 contrhentem
733 1544 90 63 ponit
793 1544 90 63 iste.
852 1544 90 63 Primo
902 1544 60 63 quod

247 1589 179 58 differentia
390 1589 191 58 indiuidualis
545 1589 83 58 non
593 1589 83 58 est
640 1589 203 58 quidditatiua.
807 1589 131 58 Secundo
891 1589 71 58 quod

248 1636 114 51 natura
327 1636 80 51 est
373 1636 103 51 prior
441 1636 171 51 naturaliter
578 1636 91 51 ista
635 1636 171 51 differentia
772 1636 160 51 crhebente.
886 1636 91 51 Tertio

237 1678 108 49 quod
304 1678 134 49 nature
398 1678 81 49 de
438 1678 81 49 se
479 1678 94 49 non
532 1678 161 49 repugnat
653 1678 175 49 oppositum
788 1678 134 49 istius
868 1678 108 49 dicere

231 1723 214 54 indiuidualis.
408 1723 114 54 sicut
484 1723 88 54 nec
534 1723 101 54 sibi
597 1723 151 54 conuenit
711 1723 76 54 ex
749 1723 76 54 se
786 1723 101 54 ista
837 1723 126 54 differen

232 1760 190 61 indiuidualis
386 1760 59 61 â‹
410 1760 119 61 Quarto
493 1760 95 61 quod
553 1760 83 61 hoc
600 1760 83 61 est
648 1760 107 61 verum
719 1760 202 61 vniversaliter
885 1760 83 61 tam
921 1760 47 61 in

245 1805 83 55 toto
297 1805 83 55 quam
348 1805 62 55 in
380 1805 125 55 parribus
473 1805 93 55 suis.
535 1805 62 55 et
566 1805 135 55 similiter
670 1805 83 55 quod
722 1805 156 55 differentia
836 1805 135 55 indiuidalis

227 1854 79 50 et
266 1854 131 50 natura
358 1854 92 50 non
411 1854 223 50 distinguuntur
594 1854 171 50 realiter.
726 1854 118 50 sicut
804 1854 92 50 res
857 1854 79 50 et
883 1854 79 50 res.

237 1890 127 64 Quinto
326 1890 102 64 quod
390 1890 127 64 tantum
479 1890 216 64 distinguuntur
656 1890 190 64 formaliter.
809 1890 114 64 Sexto
872 1890 89 64 ponit

236 1935 106 63 alibi.
311 1935 85 63 vii.
364 1935 74 63 qui
407 1935 74 63 est
449 1935 64 63 in
481 1935 85 63 sine
534 1935 96 63 dist.
598 1935 85 63 iii.
651 1935 64 63 li
683 1935 74 63 ii.
726 1935 85 63 quod
779 1935 106 63 natura
853 1935 74 63 est
885 1935 64 63 rea-

232 1976 110 59 liter
305 1976 98 59 alia
366 1976 73 59 et
403 1976 110 59 alia.
476 1976 86 59 cum
525 1976 98 59 alio
586 1976 73 59 et
623 1976 98 59 alio
684 1976 171 59 conrhente.
819 1976 98 59 Unde
867 1976 86 59 dicit

230 2021 86 64 sic.
284 2021 75 64 Sis
327 2021 151 64 substantia
445 2021 75 64 per
489 2021 65 64 se
521 2021 129 64 existens
618 2021 75 64 est
661 2021 118 64 propria
747 2021 86 64 illi
801 2021 97 64 cuius
865 2021 86 64 est.
908 2021 54 64 hoc

226 2074 99 49 est.
288 2074 87 49 vel
337 2074 87 49 est
387 2074 75 49 ex
424 2074 124 49 seipsa
511 2074 87 49 vel
561 2074 87 49 per
611 2074 137 49 aliquid
710 2074 149 49 conthens
822 2074 112 49 facta
884 2074 62 49 pro

229 2118 110 50 ptria.
306 2118 77 50 quo
350 2118 165 50 contrahente
481 2118 110 50 posito
558 2118 77 50 non
602 2118 110 50 potest
679 2118 110 50 inesse
756 2118 121 50 alteri.
843 2118 99 50 licet
898 2118 55 50 non

229 2157 149 56 repugnat
341 2157 100 56 sibi
403 2157 75 56 ex
440 2157 75 56 se
478 2157 125 56 inesse
565 2157 137 56 alteri.
665 2157 100 56 Unde
727 2157 137 56 propter
826 2157 87 56 hoc
864 2157 87 56 dicit

224 2207 91 59 ipse
280 2207 91 59 quod
337 2207 91 59 ydea
394 2207 91 59 quae
450 2207 147 59 imponitur
564 2207 125 59 platoni
654 2207 79 59 non
700 2207 79 59 est
745 2207 159 59 substantia
858 2207 91 59 sorum.

216 2237 87 72 Und
265 2237 150 72 sequitur
378 2237 137 72 ibidem.
477 2237 100 72 ydea
540 2237 87 72 non
590 2237 100 72 erit
652 2237 175 72 substantia
789 2237 137 72 sortis.
876 2237 75 72 quia

219 2284 91 66 nec
271 2284 131 66 natura
363 2284 144 66 sortis.
467 2284 104 66 quia
532 2284 91 66 nec
584 2284 78 66 ex
624 2284 78 66 se
663 2284 144 66 propria
767 2284 91 66 nec
806 2284 144 66 propriata

220 2333 101 56 sorti
287 2333 67 56 vt
321 2333 112 56 tantum
399 2333 79 56 sit
444 2333 67 56 in
478 2333 79 56 eo.
523 2333 79 56 sed
568 2333 101 56 etiam
635 2333 79 56 est
680 2333 67 56 in
713 2333 90 56 alio
770 2333 135 56 secundum
859 2333 90 56 ipsum.

213 2372 153 68 scilicet
328 2372 77 68 in
366 2372 153 68 platone.
481 2372 179 68 Consimiles
622 2372 128 68 sninas
711 2372 115 68 ponit
788 2372 115 68 alibi
864 2372 77 68 in
890 2372 51 68 di

209 2427 146 59 uersis
311 2427 146 59 locis.
413 2427 87 59 Si
457 2427 131 59 autem
544 2427 116 59 ista
617 2427 146 59 natura
719 2427 204 59 comparetur
879 2427 87 59 ad

219 2471 148 49 vnitatem
330 2471 173 49 numeralem.
466 2471 161 49 similiter
589 2471 111 49 ponit
663 2471 99 49 quod
725 2471 124 49 natura
811 2471 74 49 ex
849 2471 74 49 se
873 2471 62 49 non

208 2505 134 61 habet
298 2505 209 61 numeralem.
462 2505 104 61 nec
521 2505 104 61 est
581 2505 134 61 illud
670 2505 119 61 quod
745 2505 194 61 immediate
879 2505 60 61 de

212 2551 163 60 nominatur
338 2551 163 60 quacumque
463 2551 138 60 vnitate
563 2551 125 60 reali.
651 2551 88 60 Est
701 2551 113 60 tamen
776 2551 150 60 realiter
876 2551 63 60 vna

212 2604 140 60 numero.
314 2604 89 60 nec
365 2604 89 60 est
416 2604 153 60 realiter
531 2604 140 60 aliquod
633 2604 102 60 vnum
697 2604 179 60 quaecumque
824 2604 115 60 vnitate

1092 214 118 86 reali
1171 214 79 86 in
1210 214 131 86 duobus
1302 214 197 86 indiuiduis.
1459 214 92 86 sed
1512 214 79 86 in
1551 214 92 86 vno
1604 214 131 86 tantum
1696 214 66 86 â‹
1722 214 92 86 Und
1761 214 66 86 est

1104 266 116 73 dicit
1181 266 90 73 sic
1233 266 103 73 quod
1297 266 129 73 vnitas
1387 266 129 73 realis
1477 266 90 73 non
1529 266 90 73 est
1580 266 154 73 alicuius
1683 266 142 73 existentu

1095 316 92 70 in
1141 316 153 70 duobus
1248 316 214 70 indiuiduis
1416 316 107 70 sed
1477 316 92 70 in
1523 316 122 70 vno.
1600 316 92 70 Et
1645 316 107 70 cum
1691 316 138 70 obiicis

1103 362 167 65 quicquid
1228 362 97 65 est
1284 362 83 65 in
1326 362 97 65 vno
1381 362 153 65 numero.
1492 362 97 65 est
1548 362 111 65 idem
1617 362 153 65 numero.
1715 362 111 65 Respon

1103 406 92 58 deo
1156 406 119 58 primo
1235 406 79 58 in
1274 406 106 58 alio
1340 406 132 58 simili
1433 406 224 58 manifestiori.
1618 406 158 58 quicquid
1737 406 92 58 est
1776 406 53 58 in

1100 452 92 61 vna
1152 452 131 61 specie
1244 452 92 61 est
1296 452 105 61 vnum
1361 452 144 61 specie.
1466 452 118 61 color
1544 452 105 61 ergo
1610 452 78 61 in
1649 452 157 61 albedine
1754 452 65 61 est

1101 501 93 55 vnum
1160 501 128 55 specie.
1253 501 93 55 ergo
1311 501 82 55 non
1358 501 105 55 habet
1428 501 140 55 vnitatem
1533 501 128 55 minorem
1626 501 128 55 vnitate
1708 501 105 55 speciei

1105 536 83 70 Non
1153 536 155 70 sequitur.
1272 536 83 70 nam
1320 536 107 70 sicut
1391 536 107 70 alias
1463 536 119 70 dictum
1546 536 83 70 est
1594 536 131 70 aliquid
1689 536 119 70 potest
1760 536 60 70 di-

1092 589 75 59 ci
1130 589 151 59 animatum
1243 589 213 59 denominatiue.
1419 589 113 59 sicut
1494 589 138 59 corpus.
1595 589 88 59 vel
1645 589 88 59 per
1695 589 75 59 se
1720 589 88 59 primo

1087 631 92 56 modo
1145 631 69 56 vt
1180 631 104 56 homo.
1249 631 69 56 et
1284 631 81 56 ita
1330 631 173 56 superficies
1468 631 127 56 dicitur
1560 631 92 56 alba
1618 631 196 56 denominatiue.
1768 631 46 56 et

1087 670 171 72 superficies
1223 670 91 72 alba
1280 670 125 72 dicitur
1371 670 91 72 alba
1428 670 80 72 per
1473 670 68 72 se
1507 670 102 72 primo
1576 670 91 72 modo
1632 670 91 72 quia
1678 670 125 72 subiectum

1084 714 163 71 includit
1207 714 217 71 praedicatum.
1383 714 95 71 ita
1437 714 109 71 dico
1505 714 109 71 quod
1573 714 217 71 potentionale
1736 714 81 71 quod

1079 760 163 72 conrahitur
1208 760 82 72 per
1254 760 128 72 actuale
1348 760 163 72 informatur
1476 760 70 72 ab
1511 760 93 72 illo
1570 760 140 72 actuali.
1675 760 70 72 et
1710 760 82 72 per
1745 760 58 72 hoc

1087 806 175 62 informatur
1224 806 75 62 ab
1261 806 100 62 illa
1324 806 137 62 vnitate
1424 806 187 62 consequente
1574 806 112 62 illam
1636 806 175 62 actualitatem

1070 855 104 57 siue
1135 855 117 57 illum
1212 855 129 57 actum.
1303 855 78 57 Et
1342 855 91 57 ita
1394 855 91 57 est
1445 855 104 57 vnum
1510 855 142 57 vnitate
1614 855 142 57 propria
1704 855 104 57 illius

1079 899 163 59 actualis.
1205 899 88 59 sed
1255 899 200 59 denominatiue
1417 899 88 59 est
1467 899 88 59 sic
1517 899 113 59 vnum.
1592 899 88 59 non
1642 899 113 59 autem
1717 899 88 59 est
1755 899 50 59 de

1073 941 80 64 se
1113 941 93 64 sic
1166 941 119 64 vnum.
1245 941 119 64 neque
1325 941 119 64 primo
1404 941 119 64 neque
1484 941 93 64 per
1537 941 133 64 partem
1616 941 186 64 essentialem.

1071 981 59 64 â‹
1095 981 107 64 Color
1166 981 95 64 ergo
1225 981 71 64 in
1261 981 142 64 albedine
1367 981 83 64 est
1415 981 95 64 vnus
1474 981 130 64 specie.
1569 981 83 64 sed
1616 981 83 64 non
1664 981 71 64 de
1699 981 83 64 se.
1735 981 59 64 nec

1072 1029 77 68 per
1116 1029 77 68 se.
1160 1029 77 68 nec
1204 1029 110 68 primo.
1281 1029 77 68 sed
1325 1029 176 68 denominatiue
1469 1029 121 68 tantum.
1557 1029 187 68 Dferentiautem
1700 1029 99 68 specifi

1077 1076 80 60 ca
1117 1076 94 60 est
1170 1076 94 60 vna
1224 1076 134 60 primo.
1317 1076 107 60 quia
1384 1076 107 60 sibi
1451 1076 120 60 primo
1531 1076 160 60 repugnat
1651 1076 134 60 diuidi
1731 1076 67 60 ten

1065 1120 118 64 plura
1144 1120 145 64 specie.
1249 1120 131 64 Albedo
1341 1120 118 64 autem
1420 1120 92 64 est
1472 1120 92 64 vna
1525 1120 131 64 specie
1617 1120 92 64 per
1670 1120 92 64 se.
1722 1120 92 64 sed

1080 1160 87 65 non
1129 1160 125 65 primo.
1217 1160 100 65 quia
1279 1160 87 65 per
1329 1160 137 65 aliquid
1429 1160 187 65 intrinsecum
1578 1160 100 65 sibi
1641 1160 75 65 vt
1678 1160 87 65 per
1716 1160 87 65 illam

1076 1200 198 66 differentiam.
1240 1200 82 66 Ita
1286 1200 128 66 concedo
1380 1200 93 66 quod
1438 1200 128 66 quicqud
1531 1200 82 66 est
1578 1200 70 66 in
1613 1200 82 66 hoc
1660 1200 117 66 lapide
1730 1200 58 66 est

1070 1249 110 63 vnum
1139 1249 151 63 numero:
1249 1249 96 63 vel
1304 1249 124 63 primo
1387 1249 96 63 vel
1442 1249 96 63 per
1497 1249 96 63 se.
1552 1249 96 63 vel
1593 1249 206 63 denominatiue.

1087 1286 122 60 Primo
1169 1286 122 60 forte
1251 1286 82 60 vt
1292 1286 122 60 illud
1373 1286 95 60 per
1428 1286 109 60 quod
1496 1286 136 60 vnitas
1591 1286 122 60 talis
1659 1286 136 60 conuenit

1069 1328 101 70 huic
1132 1328 177 70 composito.
1271 1328 88 70 Per
1322 1328 76 70 se
1359 1328 76 70 vt
1397 1328 88 70 hoc
1448 1328 113 70 lapis
1523 1328 113 70 cuius
1599 1328 113 70 illud
1675 1328 101 70 quod
1725 1328 63 70 est

1067 1383 123 54 primo
1149 1383 110 54 vnum
1218 1383 96 54 hac
1273 1383 151 54 vnitate
1382 1383 96 54 est
1437 1383 123 54 pars.
1519 1383 219 54 Denominatiue
1683 1383 110 54 tantum

1062 1428 114 51 illud
1138 1428 177 51 potentiale
1277 1428 101 51 quod
1340 1428 177 51 perficitur
1479 1428 101 51 isto
1542 1428 152 51 actuali.
1656 1428 101 51 quod
1707 1428 88 51 quasi

1060 1466 225 69 denominatiue
1243 1466 169 69 respicit
1369 1466 225 69 actualitatem
1552 1466 112 69 eius
1622 1466 84 69 et
1650 1466 141 69 vnitatem

1059 1515 71 57 Si
1095 1515 106 57 autem
1165 1515 118 57 tertio
1248 1515 94 57 modo
1307 1515 118 57 natura
1389 1515 165 57 comparetur
1519 1515 71 57 ad
1554 1515 83 57 ess
1601 1515 177 57 vniversale.
1731 1515 59 57 sic

1062 1555 87 67 ponit
1120 1555 77 67 quod
1168 1555 58 67 de
1197 1555 58 67 se
1226 1555 67 67 non
1264 1555 67 67 est
1303 1555 115 67 complete
1390 1555 144 67 vniversale.
1505 1555 67 67 sed
1543 1555 115 67 secundum
1630 1555 77 67 quod
1678 1555 87 67 habet
1726 1555 58 67 esse

1058 1602 73 60 in
1094 1602 183 60 intellectu.
1241 1602 134 60 Secundo
1339 1602 98 60 quod
1400 1602 73 60 de
1436 1602 73 60 se
1473 1602 146 60 conuenit
1583 1602 98 60 sibi
1632 1602 146 60 communitas

1059 1643 94 68 non
1112 1643 227 68 singularitas.
1299 1643 107 68 Unde
1366 1643 120 68 dicit
1447 1643 107 68 sic.
1513 1643 94 68 Ule
1567 1643 80 68 in
1607 1643 107 68 actu
1674 1643 94 68 est
1714 1643 67 68 il-

1071 1682 71 66 ud
1107 1682 94 66 quod
1165 1682 106 66 habet
1236 1682 130 66 aliquam
1330 1682 141 66 vnitatem
1436 1682 212 66 indifferentem.
1613 1682 141 66 secundum
1707 1682 71 66 quam

1067 1728 109 60 prim
1135 1728 95 60 est
1190 1728 82 60 in
1230 1728 163 60 potentia
1353 1728 149 60 proxima
1461 1728 82 60 vt
1502 1728 149 60 dicatur
1611 1728 82 60 de
1638 1728 136 60 quolibet

1050 1772 143 61 supposito.
1162 1772 82 61 quia
1214 1772 123 61 secundum
1306 1772 154 61 philosophum
1429 1772 92 61 primo
1490 1772 164 61 posteriorum.
1623 1772 143 61 vniversale
1726 1772 51 61 est

1061 1815 90 67 quod
1117 1815 78 67 est
1162 1815 90 67 vnum
1218 1815 67 67 in
1251 1815 112 67 multis
1329 1815 67 67 et
1363 1815 67 67 de
1397 1815 123 67 multis.
1486 1815 101 67 nihil
1553 1815 101 67 autem
1620 1815 123 67 secundu
1699 1815 67 67 quan

1051 1868 118 60 cumque
1134 1868 142 60 vnitatem
1240 1868 71 60 in
1275 1868 71 60 re
1311 1868 83 60 est
1358 1868 106 60 tale.
1429 1868 94 60 quod
1488 1868 142 60 secundum
1594 1868 106 60 illam
1653 1868 118 60 vnitatem

1055 1902 161 70 praecise
1175 1902 94 70 sit
1229 1902 81 70 in
1269 1902 161 70 potentia
1390 1902 148 70 proxima
1498 1902 81 70 ad
1538 1902 175 70 quodlibet
1659 1902 107 70 suppo-

1046 1954 109 67 situm
1119 1954 206 67 praedicatione
1288 1954 145 67 dicente.
1397 1954 85 67 hoc
1445 1954 85 67 est
1494 1954 97 67 hoc.
1554 1954 97 67 quia
1615 1954 109 67 licet
1675 1954 97 67 alicui

1046 2002 171 53 existente
1178 2002 79 53 in
1217 2002 79 53 re
1257 2002 92 53 non
1309 2002 158 53 repugnat
1428 2002 79 53 ex
1467 2002 79 53 se
1507 2002 105 53 esse
1573 2002 79 53 in
1612 2002 105 53 alia
1665 2002 92 53 singi

1043 2035 173 60 laritate
1173 2035 87 60 ab
1216 2035 116 60 illa
1288 2035 87 60 in
1332 2035 101 60 qua
1389 2035 116 60 est.
1462 2035 101 60 non
1519 2035 130 60 tamen
1606 2035 130 60 illud
1678 2035 87 60 vere

1042 2083 132 61 potest
1134 2083 106 61 dici
1201 2083 79 61 de
1240 2083 159 61 quolibet
1360 2083 185 61 inferiori.
1505 2083 172 61 videlicet
1638 2083 106 61 quod
1691 2083 79 61 quod

1047 2128 132 64 libet
1136 2128 103 64 est
1194 2128 147 64 ipsum.
1297 2128 103 64 hoc
1356 2128 118 64 enim
1430 2128 132 64 solum
1518 2128 103 64 est
1577 2128 191 64 possibile
1709 2128 59 64 de

1036 2175 144 55 eodem
1132 2175 176 55 obiecto
1260 2175 176 55 numero.
1388 2175 240 55 considerato
1580 2175 128 55 actu
1660 2175 96 55 ab
1692 2175 64 55 in

1035 2218 199 62 tellectu.
1188 2218 122 62 quod
1264 2218 153 62 quidem
1371 2218 92 62 vt
1417 2218 229 62 intellectum
1601 2218 138 62 habet
1677 2218 92 62 vni-

1034 2265 118 58 tatem
1113 2265 118 58 etiam
1192 2265 171 58 numeralem
1323 2265 145 58 obiecti
1428 2265 158 58 secundum
1547 2265 105 58 quam
1612 2265 118 58 ipsum
1678 2265 79 58 idem

1044 2310 84 53 est
1092 2310 193 53 praedicabile
1249 2310 72 53 de
1285 2310 96 53 omni
1345 2310 169 53 singulari.
1478 2310 121 53 dicedo
1562 2310 84 53 hoc
1610 2310 84 53 est
1659 2310 96 53 hoc.
1707 2310 48 53 Et

1027 2346 134 65 subdit
1120 2346 107 65 quod
1188 2346 80 65 in
1228 2346 80 65 re
1268 2346 94 65 est
1322 2346 148 65 commune
1429 2346 107 65 quod
1496 2346 94 65 non
1550 2346 94 65 est
1603 2346 80 65 de
1644 2346 80 65 se
1671 2346 80 65 hoc.

1038 2394 92 61 et
1084 2394 108 61 per
1145 2394 215 61 consequens
1314 2394 92 61 de
1361 2394 92 61 se
1407 2394 123 61 eino
1484 2394 185 61 repugnat
1622 2394 108 61 non
1668 2394 77 61 hod

1030 2437 100 64 sed
1087 2437 115 64 tale
1159 2437 158 64 commune
1273 2437 100 64 non
1331 2437 100 64 est
1388 2437 201 64 vniuersale
1545 2437 86 64 in
1588 2437 129 64 actu.
1660 2437 86 64 quia

1021 2475 155 70 deficit
1133 2475 112 70 illa
1204 2475 239 70 indifferentia
1401 2475 169 70 secundum
1527 2475 112 70 quam
1583 2475 169 70 vniuersale

1028 2534 149 49 completiue
1145 2534 74 49 est
1188 2534 159 49 vniversale.
1315 2534 128 49 secundum
1411 2534 85 49 quam
1464 2534 128 49 scilicet
1560 2534 96 49 ipsum
1623 2534 85 49 idem
1666 2534 85 49 aliqua

1029 2567 181 61 identitate
1171 2567 90 61 est
1223 2567 207 61 praedicabile
1391 2567 77 61 de
1429 2567 155 61 quolicet
1545 2567 181 61 indiuiduo.
1674 2567 65 61 ita

1022 2616 101 50 quod
1085 2616 164 50 quodlibet
1211 2616 88 50 sit
1262 2616 126 50 ipsum.
1350 2616 101 50 Item
1413 2616 126 50 ibidem
1501 2616 138 50 subdit.
1601 2616 101 50 quod
1664 2616 88 50 non
1702 2616 63 50 ita
