2233 3068
425 225 100 85 realem
495 225 121 85 secundum
586 225 80 85 eos:
636 225 80 85 ergo
686 225 80 85 vnum
736 225 110 85 illorum
817 225 131 85 communium
917 225 70 85 non
957 225 70 85 est
997 225 121 85 realiter
1078 225 70 85 aliud

428 293 62 67 et
459 293 72 67 per
500 293 144 67 consequens
612 293 103 67 quando
684 293 92 67 sunt:
746 293 82 67 sunt
797 293 103 67 plura.
869 293 51 67 ⁋
889 293 62 67 Si
920 293 123 67 dicitur:
1013 293 82 67 quod
1064 293 82 67 illa
1105 293 41 67 na

418 332 80 67 tura
468 332 70 67 est
508 332 121 67 communis
599 332 60 67 ex
629 332 70 67 hoc
669 332 80 67 ipso
719 332 80 67 quod
769 332 70 67 est
810 332 151 67 appropriata
930 332 90 67 sorti
990 332 70 67 per
1020 332 131 67 differentia

417 380 215 71 contrahbentem.
596 380 119 71 Contra
680 380 84 71 per
727 380 84 71 te.
775 380 119 71 nature
859 380 107 71 extra
930 380 179 71 intellectum
1061 380 84 71 conue

429 427 82 57 nit
476 427 117 57 aliqua
558 427 176 57 communitas.
699 427 117 57 quaero
781 427 94 57 ergo
840 427 82 57 pro
887 427 82 57 quo
934 427 141 57 supponit
1039 427 82 57 ibi
1075 427 70 57 natu

420 465 85 64 ra.
468 465 85 64 aut
517 465 85 64 pro
565 465 97 64 ente
626 465 121 64 reali.
710 465 85 64 aut
759 465 85 64 pro
807 465 97 64 ente
868 465 157 64 rationis.
989 465 145 64 secundum
1085 465 61 64 non

427 513 126 70 potest
516 513 113 70 dari.
591 513 101 70 quia
654 513 88 70 hoc
704 513 176 70 includeret
843 513 214 70 condictionem.
1019 513 76 70 Si
1044 513 101 70 suppo-

419 553 89 69 nat
470 553 89 69 pro
521 553 102 69 ente
584 553 127 69 reali.
673 553 89 69 aut
724 553 89 69 pro
775 553 102 69 este
838 553 114 69 reali
915 553 102 69 quod
978 553 89 69 est
1016 553 140 69 singulare

429 599 161 63 realiter.
553 599 87 63 aut
602 599 87 63 pro
652 599 124 63 aliquo
739 599 99 63 ente
801 599 112 63 reali
876 599 99 63 quod
938 599 87 63 non
988 599 87 63 est
1025 599 124 63 singula-

429 638 56 76 re
457 638 121 76 realiter.
550 638 56 76 Si
578 638 103 76 primum.
653 638 75 76 ergo
699 638 65 76 non
737 638 65 76 est
774 638 112 76 commune.
858 638 56 76 et
886 638 65 76 per
924 638 131 76 consequens
1026 638 65 76 non
1064 638 65 76 est
1101 638 56 76 ex
1120 638 37 76 se

426 687 125 64 commune.
519 687 62 64 Si
550 687 94 64 detur
613 687 135 64 secundum:
717 687 83 64 ergo
769 687 73 64 est
810 687 104 64 aliqua
883 687 73 64 res
924 687 94 64 extra
987 687 104 64 animam
1059 687 83 64 quae
1101 687 52 64 non

436 730 78 64 est
480 730 133 64 realiter
580 730 166 64 singularis:
713 730 89 64 quod
768 730 100 64 tamen
835 730 111 64 negant
912 730 89 64 quia
968 730 111 64 dicunt
1045 730 89 64 quod
1090 730 55 64 na-

426 776 117 62 tura
499 776 102 62 est
558 776 175 62 realiter
689 776 102 62 vna
747 776 146 62 numero
850 776 88 62 et
893 776 219 62 singularis.
1068 776 73 62 ⁋
1083 776 73 62 Ter

423 820 99 61 tio
480 820 128 61 arguo
565 820 114 61 sic.
636 820 185 61 humanitas
778 820 85 61 in
820 820 142 61 sorte:
920 820 85 61 et
962 820 185 61 humanitas
1090 820 57 61 in

429 860 130 75 platone
524 860 142 75 realiter
630 860 213 75 distinguuntur.
808 860 95 75 ergo
867 860 130 75 vtraque
962 860 130 75 illarum
1056 860 83 75 est
1092 860 59 75 re-

435 909 101 62 aliter
506 909 71 62 vna
546 909 111 62 numero.
627 909 61 62 et
657 909 71 62 per
698 909 142 62 consequens
809 909 101 62 neutra
880 909 71 62 est
920 909 131 62 communis.
1021 909 51 62 ⁋
1042 909 61 62 Si
1062 909 101 62 dicitur:

432 947 91 75 quod
489 947 91 75 iste
545 947 114 75 nature
625 947 80 75 non
671 947 91 75 sunt
728 947 148 75 distincte
842 947 91 75 nisi
898 947 80 75 per
944 947 102 75 istas
1001 947 148 75 differentia

418 995 168 68 additas.
544 995 126 68 sicut
629 995 98 68 nec
685 995 140 68 aliqua
783 995 126 68 earum
867 995 98 68 est
923 995 98 68 vna
980 995 140 68 numero
1064 995 98 68 nisi-

450 1038 56 74 e
472 1038 167 74 differentia
606 1038 134 74 additam.
706 1038 67 74 et
739 1038 89 74 ideo
795 1038 111 74 neutra
873 1038 78 74 est
917 1038 67 74 de
951 1038 67 74 se
984 1038 167 74 singularis:
1106 1038 56 74 sed

445 1085 75 62 est
488 1085 65 62 de
521 1085 65 62 se
553 1085 140 62 communis.
661 1085 118 62 Contra.
747 1085 97 62 omnis
811 1085 75 62 res
854 1085 108 62 seipsa
930 1085 75 62 vel
973 1085 75 62 per
1016 1085 118 62 aliquid
1091 1085 65 62 sibi

439 1123 198 66 intrinsecum
597 1123 211 66 distinguitur
769 1123 224 66 essentialiter
954 1123 79 66 ab
993 1123 106 66 omni
1059 1123 106 66 alia
1112 1123 53 66 re

434 1169 64 67 a
460 1169 89 67 qua
511 1169 217 67 essentialiter
690 1169 217 67 distinguitur.
868 1169 89 67 sed
919 1169 166 67 humanitas
1047 1169 102 67 quae
1098 1169 64 67 est

433 1215 88 64 in
477 1215 132 64 sorte
565 1215 249 64 essentialiter
770 1215 234 64 distinguitur
960 1215 88 64 ab
989 1215 176 64 humanitate

446 1264 94 54 quae
505 1264 82 54 est
552 1264 70 54 in
587 1264 140 54 platone.
692 1264 94 54 ergo
751 1264 117 54 seipsa
832 1264 82 54 vel
879 1264 82 54 per
926 1264 129 54 aliquid
1008 1264 152 54 intrinsecum

442 1303 101 66 sibi
505 1303 75 66 ab
543 1303 75 66 ea
581 1303 214 66 distinguitur.
757 1303 88 66 Non
807 1303 101 66 ergo
870 1303 88 66 per
920 1303 138 66 aliquid
1008 1303 164 66 extrinsecum

441 1346 128 61 additum
534 1346 105 61 illi.
604 1346 105 61 maior
674 1346 116 61 patet.
756 1346 93 61 quia
814 1346 105 61 nihil
884 1346 81 61 est
930 1346 128 61 dictum:
1023 1346 93 61 quod
1070 1346 93 61 sortes

448 1388 210 61 distinguitur
618 1388 79 61 ab
657 1388 105 61 isto
723 1388 118 61 asino
801 1388 92 61 per
854 1388 157 61 platonem
959 1388 196 61 essentialiter

446 1430 144 68 Similiter
557 1430 89 68 esse
613 1430 89 68 idem
668 1430 67 68 et
701 1430 133 68 diuersum
801 1430 167 68 consequitur
935 1430 78 68 ens
979 1430 156 68 immediate:
1090 1430 67 68 ergo

450 1474 112 63 nihil
524 1474 87 63 est
574 1474 99 63 idem
636 1474 87 63 vel
685 1474 149 63 diuersum
797 1474 74 63 ab
834 1474 124 63 aliquo
921 1474 87 63 per
971 1474 136 63 aliquod
1057 1474 112 63 extrin-

448 1521 106 64 secum.
523 1521 138 64 Similiter
629 1521 128 64 secundum
725 1521 160 64 philosophum
853 1521 64 64 et
884 1521 117 64 commen.
970 1521 96 64 iiiii
1033 1521 106 64 metha.
1097 1521 64 64 Smne

441 1561 83 66 ens
489 1561 83 66 est
536 1561 95 66 vnum
595 1561 83 66 per
642 1561 154 66 essentiam
761 1561 71 66 et
796 1561 83 66 non
844 1561 83 66 per
891 1561 142 66 additum:
997 1561 95 66 ergo
1057 1561 107 66 nihil
1116 1561 59 66 est

456 1603 92 71 vnum
513 1603 115 71 numero
593 1603 80 71 per
639 1603 126 71 aliquid
731 1603 138 71 additum.
834 1603 92 71 ergo
892 1603 115 71 natura
972 1603 92 71 quae
1029 1603 80 71 est
1075 1603 69 71 in
1098 1603 69 71 sor-

443 1649 94 63 te:
496 1649 80 63 si
536 1649 94 63 sit
590 1649 94 63 vna
643 1649 147 63 numero.
750 1649 134 63 seipsa
844 1649 94 63 vel
897 1649 134 63 aliquo
991 1649 107 63 sibi
1044 1649 134 63 essentia

448 1690 81 70 li
489 1690 109 70 erit
557 1690 95 70 vna
611 1690 149 70 numero.
720 1690 176 70 Similiter
855 1690 81 70 si
896 1690 136 70 natura
991 1690 95 70 sit
1045 1690 109 70 vna.
1100 1690 81 70 ergo

459 1742 66 58 non
496 1742 66 58 est
534 1742 123 58 communis.
629 1742 57 58 et
657 1742 66 58 per
695 1742 132 58 consequens
799 1742 66 58 non
837 1742 66 58 est
875 1742 57 58 de
903 1742 57 58 se
932 1742 123 58 communis.
1026 1742 76 58 quia
1073 1742 76 58 ista
1111 1742 76 58 deter-

448 1780 169 62 minatio:
575 1780 84 62 de
617 1780 99 62 se:
673 1780 99 62 non
729 1780 99 62 est
786 1780 225 62 determinatio
969 1780 197 62 distrahens
1110 1780 70 62 nec

462 1821 205 62 diminuens:
624 1821 117 62 ergo
697 1821 73 62 a
726 1821 191 62 negatione
873 1821 264 62 determinabilis
1078 1821 103 62 abso-

459 1862 130 73 lute:
545 1862 87 73 ad
589 1862 203 73 negationem
748 1862 261 73 determinabilis
966 1862 101 73 cum
1024 1862 116 73 ista
1082 1862 101 73 deter

469 1908 142 63 minatione
578 1908 77 63 est
622 1908 88 63 bona
677 1908 186 63 consequentia.
830 1908 88 63 ergo
885 1908 98 63 sicut
950 1908 142 63 sequitur:
1060 1908 109 63 sortes
1125 1908 55 63 non

460 1955 77 59 est
504 1955 99 59 homo:
570 1955 88 59 ergo
625 1955 77 59 non
669 1955 77 59 est
713 1955 165 59 neccessario
845 1955 99 59 homo.
911 1955 77 59 ita
955 1955 143 59 sequitur:
1054 1955 121 59 humanitas

464 1992 97 71 sortis
532 1992 77 71 quae
580 1992 58 71 in
609 1992 87 71 sorte
668 1992 68 71 non
706 1992 68 71 est
745 1992 126 71 communis:
842 1992 77 71 ergo
890 1992 68 71 non
929 1992 68 71 est
967 1992 58 71 de
996 1992 58 71 se
1026 1992 126 71 communis.
1122 1992 48 71 ⁋
1132 1992 58 71 Con-

465 2038 161 65 firmatur.
588 2038 99 65 quia
650 2038 198 65 quandocumque
811 2038 136 65 aliquid
910 2038 111 65 debet
984 2038 161 65 conuenire
1095 2038 99 65 alicui

468 2081 74 66 de
505 2081 74 66 se
541 2081 86 66 non
591 2081 148 66 positiue
701 2081 86 66 sed
750 2081 160 66 negatiue:
873 2081 111 66 sicut
947 2081 135 66 dicitur
1045 2081 98 66 quod
1095 2081 98 66 creatu

467 2131 76 60 ra
505 2131 76 60 de
544 2131 76 60 se
582 2131 89 60 non
633 2131 89 60 est
683 2131 102 60 ens.
747 2131 76 60 et
785 2131 102 60 quod
849 2131 140 60 materia
950 2131 76 60 de
989 2131 76 60 se
1027 2131 89 60 est
1065 2131 127 60 priuata:

469 2173 106 63 quae
535 2173 79 63 et
574 2173 185 63 consimilia
720 2173 119 63 falsa
799 2173 106 63 sunt
865 2173 79 63 de
905 2173 79 63 vi
944 2173 172 63 sermonis.
1076 2173 92 63 sed
1116 2173 79 63 vera

472 2217 100 63 sunt
534 2217 150 63 secundum
646 2217 100 63 quod
709 2217 187 63 equipollent
858 2217 162 63 quibusdam
983 2217 175 63 negatiuis.
1108 2217 75 63 puta

477 2256 152 66 talibus
588 2256 152 66 materia
698 2256 97 66 non
753 2256 97 66 est
808 2256 83 66 de
850 2256 83 66 se
891 2256 166 66 formata.
1016 2256 166 66 creatura
1126 2256 69 66 non

476 2308 88 58 est
527 2308 76 58 de
565 2308 76 58 se
603 2308 88 58 ens
653 2308 114 58 tale.
729 2308 139 58 quamuis
830 2308 88 58 non
880 2308 152 58 oporteat
994 2308 101 58 quod
1057 2308 139 58 aliquid
1146 2308 51 58 in

471 2346 81 63 sit
518 2346 93 63 illi
576 2346 81 63 cui
622 2346 128 63 dicitur
715 2346 70 63 ex
750 2346 70 63 se
785 2346 163 63 conuenire.
913 2346 105 63 tamen
982 2346 105 63 illud
1040 2346 163 63 simpliciter:

474 2395 122 58 saltem
559 2395 86 58 per
608 2395 159 58 potentiam
730 2395 134 58 diuinam
828 2395 122 58 potest
914 2395 98 58 sibi
975 2395 134 58 inesse:
1073 2395 110 58 sicut
1134 2395 61 58 cre

476 2434 115 61 atura
553 2434 192 61 simpliciter
706 2434 128 61 potest
795 2434 102 61 esse
859 2434 89 61 non
910 2434 102 61 ens.
974 2434 77 61 et
1012 2434 140 61 materia
1102 2434 102 61 potest

473 2481 127 71 priuari
566 2481 81 71 vel
612 2481 93 71 esse
670 2481 139 71 priuata.
774 2481 93 71 ergo
832 2481 150 71 similiter
948 2481 150 71 humanitas
1063 2481 93 71 quae
1121 2481 81 71 est
1156 2481 46 71 in

494 2520 90 77 orte:
554 2520 100 77 potest
624 2520 80 77 esse
674 2520 120 77 communis
763 2520 120 77 pluribus
853 2520 140 77 hominibus.
963 2520 140 77 consequens
1072 2520 70 77 est
1102 2520 100 77 impossi-

489 2564 89 64 bile:
549 2564 80 64 ergo
598 2564 60 64 et
628 2564 139 64 antecedens
738 2564 89 64 probo
797 2564 139 64 falsitatem
907 2564 169 64 consequentis.
1046 2564 80 64 quia
1096 2564 99 64 quando
1155 2564 50 64 ali

489 2608 88 83 qua
540 2608 88 83 sut
590 2608 101 83 idem
653 2608 151 83 realiter
766 2608 189 83 impossibile
917 2608 88 83 est
968 2608 101 83 quod
1031 2608 101 83 vnum
1094 2608 88 83 sit
1131 2608 76 83 idem

1259 215 144 67 realiter
1367 215 84 67 cum
1415 215 120 67 aliquo
1499 215 96 67 quin
1559 215 108 67 aliud
1630 215 84 67 sit
1678 215 96 67 idem
1738 215 144 67 realiter
1846 215 84 67 cum
1882 215 84 67 eodem

1258 259 76 69 et
1296 259 89 69 hoc
1347 259 89 69 est
1398 259 114 69 verum
1474 259 76 69 in
1512 259 178 69 creaturis.
1652 259 76 69 et
1690 259 114 69 etiam
1766 259 127 69 aliquo
1855 259 102 69 modo
1906 259 63 69 est

1257 312 110 61 verum
1330 312 73 61 in
1367 312 98 61 deo.
1427 312 98 61 quia
1488 312 134 61 quamuis
1586 312 85 61 non
1635 312 85 61 sit
1683 312 110 61 verum
1757 312 122 61 dicere
1842 312 98 61 quod
1891 312 85 61 pater

1248 355 86 66 est
1297 355 135 66 filius.
1395 355 86 66 non
1444 355 147 66 obstante
1554 355 171 66 identitate
1688 355 86 66 tam
1737 355 122 66 patris
1823 355 98 66 quam
1872 355 98 66 filipi

1247 404 86 59 cum
1296 404 148 59 essentia
1407 404 135 59 diuina.
1505 404 111 59 tamen
1579 404 111 59 verum
1652 404 86 59 est
1702 404 123 59 dicere
1788 404 98 59 quod
1849 404 111 59 pater
1911 404 61 59 est

1241 449 101 58 illa
1305 449 88 58 res
1355 449 101 58 quae
1418 449 88 58 est
1469 449 139 58 filius.
1570 449 101 58 ergo
1633 449 164 58 humanitas
1759 449 101 58 quae
1822 449 88 58 est
1873 449 76 58 in
1898 449 76 58 sor-

1241 492 72 56 te
1277 492 84 56 cum
1325 492 84 56 sit
1373 492 108 56 eadem
1446 492 144 56 realiter
1554 492 84 56 cum
1602 492 181 56 differentia
1746 492 193 56 contrahente.
1903 492 72 56 si
1927 492 48 56 hu

1241 532 134 68 manitas
1338 532 98 68 quae
1399 532 85 68 est
1448 532 73 68 in
1485 532 110 68 sorte
1558 532 122 68 potest
1644 532 98 68 esse
1705 532 146 68 realiter
1814 532 85 68 cum
1851 532 122 68 differen

1250 575 92 63 tia
1303 575 198 63 contrahente
1461 575 79 63 in
1500 575 158 63 platone.
1619 575 158 63 sequitur
1738 575 105 63 quod
1790 575 185 63 differentia.

1243 621 111 61 ista
1313 621 208 61 contrahens.
1479 621 83 61 et
1521 621 111 61 illa
1590 621 194 61 contrahens
1743 621 153 61 possent
1854 621 111 61 esse
1910 621 69 61 vna

1245 664 96 67 res.
1305 664 72 67 et
1341 664 84 67 per
1389 664 168 67 consequens
1521 664 120 67 aliqua
1605 664 84 67 vna
1654 664 84 67 res
1702 664 120 67 posset
1786 664 96 67 esse
1846 664 120 67 sortes
1918 664 48 67 et

1259 712 129 56 plato.
1349 712 103 56 quod
1414 712 155 56 includit
1530 712 258 56 contradictionem.
1749 712 64 56 ⁋
1775 712 168 56 Preterea.
1891 712 77 56 quio

1256 756 99 65 quid
1318 756 62 65 a
1342 756 112 65 parte
1417 756 87 65 rei
1466 756 198 65 distinguitur
1628 756 74 65 ab
1665 756 99 65 alio
1727 756 99 65 quod
1789 756 87 65 non
1839 756 87 65 est
1888 756 74 65 de
1913 756 62 65 in-

1253 797 160 61 tellectu
1373 797 93 61 suo
1426 797 147 61 formali
1532 797 133 61 potest
1626 797 173 61 intuitiue
1759 797 133 61 videri
1852 797 107 61 sine
1905 797 67 61 il-

1258 846 69 54 lo
1293 846 104 54 alio.
1363 846 139 54 secundum
1467 846 104 54 istum
1536 846 150 54 doctorem:
1652 846 81 54 qui
1698 846 104 54 etiam
1768 846 104 54 ponit
1837 846 93 54 quod
1883 846 93 54 essen-

1251 887 95 60 tia
1306 887 135 60 diuina
1400 887 135 60 potest
1495 887 176 60 intuitiue
1630 887 135 60 videri
1724 887 108 60 sine
1792 887 162 60 persona.
1900 887 81 60 ergo

1247 931 188 65 humanitas
1391 931 101 65 que
1449 931 101 65 est
1507 931 87 65 in
1550 931 145 65 sorte.
1652 931 145 65 potest
1753 931 188 65 intuitiue
1883 931 87 65 vide

1256 976 62 63 ri
1287 976 82 63 sine
1338 976 103 63 aliqua
1410 976 155 63 differentia
1534 976 165 63 contrahente.
1668 976 62 63 et
1699 976 72 63 per
1740 976 144 63 consequens
1853 976 72 63 cum
1894 976 82 63 iste
1936 976 52 63 hu-

1258 1021 179 55 manitates
1396 1021 235 55 distinguantur
1589 1021 110 55 loco
1659 1021 83 55 et
1700 1021 179 55 subiecto.
1838 1021 138 55 potest
1921 1021 55 55 ta

1259 1063 99 61 lis
1316 1063 213 61 intellectus
1486 1063 213 61 distinguere
1656 1063 114 61 vnam
1727 1063 85 61 ab
1770 1063 114 61 alia
1841 1063 114 61 sine
1898 1063 85 61 omni

1258 1112 168 54 differentia
1392 1112 135 54 chsente.
1493 1112 90 54 quod
1549 1112 79 54 non
1594 1112 101 54 esset
1662 1112 146 54 possibile
1774 1112 67 54 si
1808 1112 135 54 praecise
1897 1112 90 54 distin

1257 1150 146 67 guerentur
1369 1150 79 67 per
1414 1150 90 67 suas
1470 1150 169 67 differentia
1605 1150 191 67 contrahentes.
1762 1150 90 67 ergo
1818 1150 124 67 seipsis
1897 1150 90 67 distin

1271 1193 123 71 guntur
1357 1193 197 71 numeraliter.
1517 1193 62 71 ⁋
1542 1193 197 71 Confirmatur.
1702 1193 99 71 quia
1763 1193 111 71 talis
1825 1193 160 71 intellectus

1270 1236 137 60 potest
1366 1236 150 60 formare
1475 1236 109 60 tale
1544 1236 232 60 propositionem
1735 1236 178 60 negatiuam
1858 1236 123 60 dicendo

1260 1280 84 67 hoc
1308 1280 84 67 non
1356 1280 84 67 est
1404 1280 96 67 hoc.
1464 1280 72 67 et
1500 1280 120 67 potest
1584 1280 108 67 scire
1655 1280 108 67 istam
1727 1280 96 67 esse
1787 1280 120 67 veram.
1871 1280 96 67 ergo
1919 1280 72 67 ista

1258 1323 81 59 res
1305 1323 115 59 seipsa
1385 1323 81 59 non
1432 1323 81 59 est
1478 1323 92 59 alia
1535 1323 92 59 res.
1593 1323 58 59 ⁋
1616 1323 185 59 Confirmatur.
1766 1323 92 59 quia
1824 1323 138 59 secundum
1916 1323 81 59 istum

1258 1371 175 58 doctorem
1389 1371 204 58 formaliter
1550 1371 248 58 compossibilia
1753 1371 102 58 vel
1797 1371 204 58 repugnantia.

1261 1414 108 58 suis
1329 1414 189 58 rationibus
1478 1414 189 58 formalibus
1626 1414 108 58 sunt
1694 1414 230 58 compossibilia
1883 1414 95 58 vel
1923 1414 68 58 re-

1273 1454 165 58 dugnantia.
1403 1454 118 58 igitur
1486 1454 106 58 eadem
1556 1454 142 58 ratione.
1663 1454 165 58 quaecumque
1792 1454 189 58 distinguntur
1934 1454 59 58 vel

1265 1498 104 62 sunt
1330 1498 130 62 eadem.
1421 1498 104 62 suis
1486 1498 182 62 rationibus
1629 1498 182 62 formalibus
1773 1498 208 62 distinguntur
1929 1498 65 62 vel

1261 1547 110 61 sunt
1330 1547 138 61 eadem.
1426 1547 110 61 ergo
1495 1547 83 61 si
1537 1547 110 61 iste
1605 1547 220 61 humanitates.
1784 1547 110 61 puta
1853 1547 138 61 sortis
1936 1547 55 61 et

1277 1586 152 56 platonis
1391 1586 215 56 distinguntur:
1568 1586 152 56 realiter
1681 1586 101 56 suis
1745 1586 152 56 propriis
1846 1586 152 56 rationibus

1273 1628 203 60 formalibus:
1436 1628 81 60 et
1477 1628 95 60 per
1531 1628 122 60 nulla
1612 1628 135 60 addita
1707 1628 230 60 distinguntur.
1896 1628 81 60 et
1923 1628 68 60 per

1285 1674 157 58 prasequens
1408 1674 146 58 quaelibet
1520 1674 123 58 istarum
1610 1674 67 58 de
1644 1674 79 58 se.
1689 1674 90 58 sine
1745 1674 90 58 omni
1801 1674 112 58 addito
1868 1674 135 58 distingui-

1280 1715 88 60 tur
1331 1715 150 60 realiter
1443 1715 75 60 ab
1481 1715 113 60 illa.
1556 1715 163 60 Assumptum
1681 1715 125 60 patet.
1768 1715 100 60 quia
1831 1715 113 60 dicit
1906 1715 100 60 sic.
1956 1715 50 60 Uo

1275 1759 121 63 tandum
1360 1759 97 63 quod
1420 1759 109 63 sicut
1493 1759 158 63 repugnant
1615 1759 73 63 ex
1651 1759 146 63 propriis
1760 1759 182 63 rationibus.
1906 1759 85 63 ita
1942 1759 61 63 non

1278 1802 199 70 repugnantia
1437 1802 106 70 siue
1503 1802 252 70 compossibilitas
1715 1802 93 70 est
1768 1802 79 70 ex
1807 1802 159 70 propriis
1913 1802 93 70 ratio

1277 1860 114 46 nibus
1353 1860 241 46 compossibilium.
1556 1860 63 46 ⁋
1581 1860 76 46 Si
1619 1860 139 46 dicatur
1720 1860 101 46 quod
1784 1860 76 46 ex
1822 1860 89 46 hoc
1872 1860 101 46 ipso
1923 1860 76 46 quod

1281 1897 134 53 dicis.
1375 1897 107 53 iste
1442 1897 202 53 humanitates
1603 1897 215 53 distinguntur
1778 1897 175 53 realiter.
1899 1897 107 53 inclu-

1271 1943 80 50 dis
1316 1943 103 50 istas
1385 1943 172 50 differentia
1523 1943 195 50 contrahentes.
1684 1943 92 50 quia
1741 1943 80 50 non
1787 1943 92 50 sunt
1844 1943 92 50 iste
1902 1943 92 50 nisi
1948 1943 57 50 per

1288 1978 95 62 istas
1352 1978 158 62 differentia
1478 1978 189 62 contrahbentes.
1636 1978 63 62 et
1667 1978 84 62 ideo
1720 1978 84 62 suis
1773 1978 147 62 rationibus
1878 1978 126 62 formalibus

1287 2024 224 59 distinguuntur.
1474 2024 100 59 quia
1536 2024 100 59 iste
1598 2024 187 59 differentie
1748 2024 100 59 sunt
1810 2024 75 59 de
1847 2024 137 59 ratione
1935 2024 62 59 for

1290 2077 106 53 mali
1356 2077 146 53 istarum
1462 2077 212 53 humanitatum.
1635 2077 93 53 ita
1688 2077 106 53 quod
1754 2077 119 53 istis
1820 2077 186 53 differentiis

1285 2112 277 57 circumscriptis
1515 2112 108 57 non
1577 2112 169 57 remanet
1700 2112 123 57 nisi
1777 2112 200 57 humanitas
1916 2112 92 57 indi

1277 2164 155 51 stincta
1390 2164 71 51 ⁋
1418 2164 155 51 Contra.
1531 2164 226 51 quandocunque
1715 2164 141 51 aliqua
1799 2164 212 51 distinguuntur

1284 2199 152 62 quocumque
1401 2199 94 62 modo
1460 2199 59 62 a
1484 2199 105 62 parte
1554 2199 94 62 rei:
1612 2199 117 62 potest
1695 2199 117 62 imponi
1777 2199 141 62 terminus
1882 2199 94 62 quae
1929 2199 82 62 pramo

1282 2243 108 60 cise
1350 2243 108 60 stet
1418 2243 95 60 pro
1472 2243 95 60 vno
1526 2243 81 60 et
1567 2243 95 60 non
1621 2243 95 60 pro
1675 2243 163 60 reliquo.
1797 2243 135 60 Aliter
1892 2243 108 60 enim
1946 2243 68 60 non

1288 2300 140 53 posset
1386 2300 112 53 esse
1456 2300 140 53 aliqua
1553 2300 195 53 propositio
1707 2300 126 53 vera.
1791 2300 168 53 denotans
1902 2300 112 53 distin

1287 2332 160 64 ctionem
1404 2332 131 64 vnius
1491 2332 87 64 ab
1534 2332 131 64 alio.
1622 2332 145 64 Impono
1723 2332 116 64 ergo
1796 2332 131 64 istum
1869 2332 145 64 terminum

1284 2381 71 51 a.
1320 2381 95 51 quae
1379 2381 142 51 praecise
1485 2381 95 51 stet
1545 2381 83 51 pro
1592 2381 95 51 illo
1651 2381 95 51 quod
1710 2381 71 51 in
1746 2381 107 51 sorte
1817 2381 189 51 distinguitur
1959 2381 59 51 for

1292 2419 112 59 maliter
1373 2419 61 59 et
1404 2419 71 59 non
1445 2419 122 59 realiter
1537 2419 51 59 a
1557 2419 153 59 differentia
1680 2419 112 59 chente.
1761 2419 82 59 quia
1812 2419 71 59 par
1853 2419 61 59 te
1884 2419 112 59 aliquid
1955 2419 51 59 est

1301 2461 65 58 in
1334 2461 98 58 sorte
1399 2461 87 58 quod
1454 2461 175 58 distinguitur
1596 2461 153 58 formaliter
1716 2461 55 58 a
1737 2461 153 58 diferentia
1857 2461 142 58 phabente.
1956 2461 65 58 quod

1301 2509 89 59 tamen
1361 2509 69 59 est
1400 2509 79 59 idem
1450 2509 119 59 realiter
1539 2509 69 59 cum
1578 2509 79 59 illa
1628 2509 149 59 differentia
1747 2509 59 59 et
1776 2509 79 59 ideo
1826 2509 69 59 est
1865 2509 119 59 realiter
1945 2509 69 59 singu

1298 2551 117 64 lare.
1376 2551 129 64 Impono
1466 2551 117 64 etiam
1544 2551 117 64 istum
1622 2551 155 64 terminum
1738 2551 78 64 b.
1777 2551 104 64 quae
1842 2551 155 64 praecise
1945 2551 78 64 stet

1302 2596 81 68 pro
1349 2596 93 68 illo
1407 2596 93 68 quod
1465 2596 163 68 formaliter
1593 2596 186 68 distinguitur
1745 2596 58 68 a
1768 2596 175 68 differentia
1896 2596 128 68 otrahente
