2198 3079
242 226 66 70 in
275 226 131 70 platone.
373 226 66 70 et
406 226 99 70 tamen
472 226 77 70 est
516 226 88 70 idem
571 226 131 70 realiter
669 226 77 70 cum
713 226 88 70 illa
768 226 164 70 differentia
888 226 77 70 phen-

243 277 84 58 te:
291 277 97 58 tunc
352 277 109 58 quero
424 277 97 58 Aut.
484 277 72 58 a.
521 277 84 58 et.
569 277 72 58 b.
605 277 97 58 sunt
665 277 97 58 idem
726 277 157 58 realiter.
846 277 84 58 aut
883 277 60 58 non

233 323 80 55 Si
273 323 106 55 sic.
339 323 106 55 ergo
405 323 120 55 ipsis
485 323 93 55 non
538 323 159 55 variatis
658 323 120 55 nullo
737 323 106 55 modo
791 323 159 55 distinguum

229 370 81 55 tur
276 370 151 55 realiter.
392 370 69 55 et
426 370 81 55 per
473 370 162 55 consequens
600 370 81 55 est
646 370 127 55 aliquid
739 370 185 55 indistinctum
878 370 81 55 reali

232 410 92 61 ter
284 410 79 61 in
324 410 118 61 sorte
402 410 79 61 et
442 410 157 61 platone.
560 410 105 61 quod
625 410 105 61 isti
691 410 144 61 negant:
796 410 105 61 quia
848 410 105 61 ponunt

228 454 98 58 quod
289 454 111 58 nihil
363 454 98 58 idem
424 454 147 58 realiter
535 454 196 58 indistinctum
694 454 86 58 est
744 454 74 58 in
780 454 111 58 sorte
854 454 74 58 et
879 454 61 58 pla

227 501 97 63 tone.
292 501 65 63 si
324 501 76 63 non
367 501 86 63 sunt
421 501 86 63 idem
475 501 140 63 realiter.
583 501 86 63 ergo
637 501 183 63 distinguuntur
788 501 140 63 realiter.
885 501 65 63 ergo

218 547 92 59 per
271 547 106 59 suas
337 547 158 59 rationes
455 547 185 59 propinquas
601 547 172 59 formales.
733 547 92 59 sed
786 547 106 59 iste
852 547 92 59 non
891 547 53 59 in

225 591 131 58 cludunt
320 591 107 58 illas
391 591 154 58 dferentia
510 591 190 58 contrabentes
664 591 83 58 per
712 591 142 58 positum.
818 591 71 58 Et
854 591 83 58 ita
890 591 59 58 ha-

219 626 112 69 betur
293 626 174 69 propositum
430 626 100 69 quod
493 626 137 69 seipsis
592 626 224 69 distinguuntur.
779 626 75 69 Et
804 626 137 69 propterea

219 669 89 68 hoc
270 669 89 68 est
321 669 102 68 vera
385 669 89 68 per
436 669 77 68 te
475 669 64 68 a
500 669 179 68 formaliter
641 669 153 68 repugnat
755 669 115 68 diere
819 669 128 68 conhenti

224 717 111 68 ipsius
301 717 144 68 platonis.
412 717 89 68 ergo
468 717 78 68 per
512 717 133 68 propriam
612 717 133 68 rationem
711 717 89 68 sibi
767 717 144 68 repugnat.
867 717 66 68 ergo

221 768 77 57 per
265 768 132 57 propriam
364 768 132 57 rationem
463 768 66 57 ab
496 768 66 57 ea
529 768 176 57 distinguitur
672 768 143 57 realiter.
782 768 88 57 ergo
837 768 110 57 seipsa
903 768 44 57 di

216 810 163 57 stinguitur
345 810 152 57 realitur.
461 810 70 57 et
496 810 82 57 non
543 810 93 57 nisi
601 810 187 57 numeraliter.
753 810 93 57 quia
811 810 82 57 non
846 810 105 57 distin-

206 850 135 59 guitur
301 850 135 59 specie
396 850 95 59 nec
450 850 149 59 genere.
559 850 108 59 ergo
626 850 135 59 seipsa
721 850 95 59 est
775 850 95 59 vna
816 850 122 59 numero.

214 901 59 56 â‹
238 901 71 56 Si
273 901 131 56 dicitur
368 901 95 56 quod
428 901 166 56 quaecumque
558 901 166 56 repugnant:
689 901 83 56 vel
736 901 95 56 sunt
784 901 154 56 compossibi-

210 937 85 66 lia
259 937 97 66 suis
319 937 146 66 propriis
429 937 183 66 rationibus.
575 937 85 66 vel
624 937 85 66 per
673 937 122 66 aliqua
758 937 110 66 eadem
819 937 122 66 realiter

202 985 99 59 cum
258 985 127 59 illis
343 985 198 59 repugnant.
499 985 99 59 vel
556 985 113 59 sunt
627 985 241 59 compossibilia
825 985 99 59 hoc
867 985 71 59 non

221 1033 107 51 valet.
296 1033 86 51 quia
350 1033 96 51 sicut
414 1033 128 51 secundum
510 1033 96 51 istum
574 1033 128 51 doctorem
671 1033 96 51 patet
735 1033 86 51 ibi.
788 1033 75 51 non
831 1033 107 51 tantum
895 1033 43 51 lo

215 1079 137 52 quitur
311 1079 82 52 de
352 1079 205 52 repugnantia
517 1079 82 52 et
558 1079 274 52 compossibilitate
790 1079 123 52 rerum
859 1079 82 52 rea-

206 1113 118 64 liter
285 1113 223 64 distinctarum:
468 1113 92 64 sed
521 1113 118 64 etiam
600 1113 79 64 de
639 1113 197 64 repugnantia
797 1113 79 64 et
823 1113 118 64 compos-

200 1155 176 60 sibilitate
339 1155 138 60 illorum
440 1155 101 60 quae
502 1155 176 60 sormaliter
641 1155 227 60 distinguuntur.
830 1155 88 60 vel
867 1155 76 60 sunt

210 1205 223 57 compossibilia:
395 1205 111 57 sicut
470 1205 111 57 patet
544 1205 74 57 de
581 1205 149 57 essentia
692 1205 136 57 diuina.
791 1205 111 57 ergo.
866 1205 74 57 a.
890 1205 50 57 et

198 1244 72 61 b.
234 1244 132 61 seipsis
330 1244 216 61 distinguuntur.
510 1244 84 61 vel
558 1244 108 61 erunt
629 1244 96 61 idem
689 1244 156 61 realiter.
809 1244 108 61 etiam
869 1244 60 61 cir

201 1292 188 58 cumscriptis
352 1292 113 58 illis
428 1292 214 58 differentiis.
603 1292 75 58 et
641 1292 88 58 non
691 1292 100 58 sunt
754 1292 100 58 idem
804 1292 126 58 realiter

210 1338 83 61 qui
258 1338 71 61 si
293 1338 95 61 sic.
353 1338 131 61 numquam
447 1338 131 61 possent
542 1338 154 61 distingui
661 1338 154 61 realiter:
780 1338 95 61 ergo
827 1338 107 61 seipsis

206 1384 248 53 distinguuntur.
413 1384 69 53 â‹
440 1384 138 53 Quarto
536 1384 124 53 arguo
619 1384 110 53 sic.
688 1384 83 53 si
729 1384 138 53 natura
811 1384 124 53 contra-

202 1430 96 58 cta
257 1430 124 58 esset
340 1430 138 58 realit
436 1430 179 58 distincta
574 1430 83 58 ab
615 1430 110 58 omni
684 1430 124 58 gradu
753 1430 193 58 contrahente.

197 1474 141 50 natura
295 1474 84 50 ex
338 1474 84 50 se
380 1474 127 50 esset
464 1474 99 50 vna
521 1474 141 50 numero
619 1474 127 50 sicut
704 1474 169 50 probatum
830 1474 99 50 est
873 1474 56 50 in

193 1511 112 63 prima
267 1511 187 63 quaestione.
417 1511 100 63 ergo
479 1511 87 63 cum
529 1511 100 63 ista
591 1511 124 63 natura
678 1511 137 63 propter
765 1511 162 63 identitatem

200 1563 114 53 realem
279 1563 80 53 cum
325 1563 160 53 diferentia
450 1563 148 53 conbbente
564 1563 80 53 non
610 1563 80 53 sit
655 1563 103 53 minus
724 1563 80 53 vna
769 1563 137 53 sequitur
861 1563 68 53 quod

200 1600 114 60 ipsa
271 1600 114 60 erit
342 1600 85 60 ex
385 1600 85 60 se
428 1600 100 60 vna
485 1600 157 60 numero.
598 1600 71 60 â‹
627 1600 228 60 Confirmatur.
812 1600 114 60 quia
869 1600 57 60 na

199 1646 98 57 tura
260 1646 111 57 nihil
334 1646 148 57 vnitatis
445 1646 123 57 pardit
531 1646 86 57 per
580 1646 86 57 hoc
629 1646 98 57 quod
690 1646 86 57 est
740 1646 111 57 eadem
801 1646 123 57 realiter

202 1693 84 47 cum
250 1693 96 47 illo
310 1693 96 47 quod
370 1693 84 47 est
418 1693 108 47 summe
490 1693 108 47 vnum.
562 1693 96 47 ergo
623 1693 84 47 non
671 1693 108 47 minus
743 1693 96 47 erit
803 1693 72 47 de
839 1693 72 47 se
863 1693 60 47 vna

195 1735 72 53 per
236 1735 72 53 hoc
277 1735 82 53 quod
328 1735 72 53 est
369 1735 92 53 eadem
430 1735 123 53 realiter
522 1735 72 53 cum
563 1735 143 53 diferentia
676 1735 164 53 indiuiduali:
809 1735 82 53 quam
860 1735 61 53 si
881 1735 51 53 di-

197 1768 193 65 stingueretur
354 1768 145 65 realiter
463 1768 60 65 a
487 1768 181 65 differentia
632 1768 193 65 indiuiduali.
789 1768 60 65 â‹
801 1768 121 65 Confirma

193 1821 95 57 tur.
252 1821 95 57 quia
311 1821 142 57 secundum
418 1821 106 57 istum
489 1821 95 57 doc.
548 1821 165 57 quemcumque
678 1821 130 57 ordinem
772 1821 142 57 haberent
867 1821 59 57 ali

200 1868 96 54 qua
255 1868 82 54 si
296 1868 137 54 essent
392 1868 178 54 distincta
529 1868 178 54 realiter.
666 1868 137 54 eundem
761 1868 151 54 ordinem
857 1868 55 54 ha

186 1904 107 64 bent
252 1904 94 64 vbi
306 1904 227 64 distinguuntur
493 1904 134 64 aliquo
587 1904 120 64 modo.
667 1904 94 64 non
720 1904 120 64 tamen
787 1904 134 64 realiter

180 1946 102 67 sed
239 1946 88 67 si
283 1946 219 67 differentia
458 1946 204 67 contrahens
618 1946 88 67 et
662 1946 146 67 natura
749 1946 161 67 distingue

186 1998 147 57 rentur
289 1998 176 57 realiter
421 1998 176 57 haberent
554 1998 162 57 ordinem
671 1998 147 57 sicut:
774 1998 118 57 duo:
833 1998 88 57 quo-

195 2035 97 64 tum
250 2035 166 64 vtrumque
375 2035 124 64 esset
457 2035 110 64 vnum
526 2035 152 64 numero.
637 2035 83 64 et
678 2035 110 64 vnum
747 2035 124 64 esset
830 2035 83 64 ex
858 2035 55 64 se

192 2089 157 54 potentia
310 2089 79 54 et
349 2089 118 54 aliud
428 2089 131 54 actus.
519 2089 79 54 et
559 2089 105 54 ergo
624 2089 183 54 consimilem
768 2089 144 54 ordinem
860 2089 52 54 ha

186 2129 155 58 babunt
294 2129 108 58 vbi
356 2129 263 58 distinguuntur
572 2129 232 58 formaliter.
758 2129 124 58 Ista
820 2129 93 58 con-

182 2169 199 65 firmatio
332 2169 149 65 magis
431 2169 116 65 est
498 2169 216 65 manifesta
664 2169 100 65 de
714 2169 166 65 natura
813 2169 100 65 gene

176 2215 88 61 ris
227 2215 150 61 respectu
339 2215 201 61 diferentiaum
502 2215 213 61 specificarum.
678 2215 100 61 quia
741 2215 75 61 si
778 2215 125 61 natura
853 2215 63 61 co-

188 2261 126 59 loris
272 2261 98 59 non
328 2261 126 59 esset
412 2261 168 59 realiter
538 2261 126 59 eadem
622 2261 98 59 cum
678 2261 210 59 differentia
832 2261 84 59 spe-

184 2310 151 47 cifica
289 2310 196 47 albedinis
440 2310 105 47 nec
500 2310 151 47 natura
606 2310 166 47 coloris
726 2310 136 47 esset
802 2310 105 47 eadem

192 2349 143 49 cealiter
299 2349 84 49 cum
347 2349 179 49 differentia
490 2349 179 49 nigredinis.
634 2349 72 49 et
669 2349 84 49 cum
705 2349 203 49 distinguerentur

184 2390 120 50 iste
259 2390 149 50 nature
363 2390 179 50 seipsis.
498 2390 179 50 haberent
632 2390 164 50 ordinem
737 2390 179 50 perfectio-

186 2440 93 61 ris
239 2440 80 61 et
279 2440 253 61 imperfectioris.
492 2440 107 61 ergo
559 2440 93 61 vbi
612 2440 107 61 modo
678 2440 93 61 non
718 2440 200 61 distinguuntur

190 2483 162 58 realiter
312 2483 68 58 a
339 2483 216 58 differentiis
515 2483 203 58 specificis.
677 2483 95 58 sed
731 2483 122 58 inter
812 2483 81 58 se
839 2483 68 58 di-

196 2520 201 65 stinguntur
353 2520 172 65 realiter
483 2520 172 65 seipsis:
612 2520 86 65 ha
655 2520 143 65 bebunt
755 2520 143 65 eundem
841 2520 72 65 or-

187 2565 126 60 dine.
271 2565 112 60 quod
341 2565 98 60 non
397 2565 126 60 esset
481 2565 182 60 possibile
620 2565 112 60 nisi
690 2565 154 60 seipsis
788 2565 126 60 distin-

187 2613 192 72 querentur:
338 2613 110 72 quia
407 2613 220 72 contradictio
586 2613 110 72 est:
654 2613 110 72 quod
723 2613 137 72 aliqua
805 2613 124 72 seipsis

1042 234 93 75 se
1088 234 170 75 habeant
1211 234 139 75 sicut
1304 234 216 75 perfectius
1473 234 93 75 et
1520 234 262 75 imperfectius.
1720 234 62 75 ni

1050 285 76 63 si
1088 285 139 63 seipsis
1189 285 227 63 distinguantur.
1378 285 88 63 cum
1429 285 151 63 perfectu
1542 285 76 63 et
1580 285 189 63 imperfectum
1719 285 50 63 ne

1043 331 160 63 cessario
1163 331 240 63 distinguantur.
1363 331 107 63 ergo
1429 331 80 63 si
1469 331 107 63 modo
1536 331 107 63 iste
1603 331 133 63 nature
1683 331 93 63 speci

1041 376 108 59 fice
1109 376 149 59 seipsis
1217 376 149 59 habeant
1326 376 149 59 ordinem
1434 376 149 59 perfect
1542 376 108 59 oris
1610 376 81 59 et
1637 376 122 59 imperfe

1038 427 179 61 ctioris.
1172 427 164 61 seipsis
1291 427 253 61 distinguuntur
1499 427 149 61 Quinto
1589 427 179 61 sequeretur

1037 468 105 59 quod
1103 468 105 59 ille
1169 468 132 59 gradus
1261 468 92 59 est
1314 468 237 59 communicabilis
1511 468 79 59 cu
1551 468 145 59 natura.
1657 468 105 59 immo
1709 468 53 59 de

1037 510 104 52 fcto
1102 510 209 52 communicatur
1272 510 157 52 pluribus
1389 510 235 52 vniuersalibus.
1585 510 104 52 quod
1637 510 131 52 repugnat

1031 556 143 60 nature
1131 556 172 60 respectu
1260 556 257 60 differentiarum
1474 556 257 60 indiuidualium.
1674 556 86 60 ergo

1034 595 93 67 non
1087 595 120 67 minus
1167 595 240 67 communicabilis
1367 595 93 67 est
1421 595 133 67 gradus
1514 595 213 67 indiuidualis
1674 595 80 67 quae

1028 644 138 52 natura.
1129 644 63 52 â‹
1154 644 125 52 Sexto.
1242 644 100 52 quia
1304 644 100 52 illa
1367 644 188 52 differentia
1517 644 75 52 et
1555 644 100 52 illa
1618 644 138 52 natura.
1705 644 63 52 aut

1038 681 102 59 sunt
1102 681 140 59 eiusdem
1204 681 165 59 rationis.
1331 681 89 59 aut
1382 681 165 59 alterius.
1509 681 76 59 Si
1547 681 140 59 eiusdem
1636 681 127 59 rationis

1036 734 109 51 ergo
1104 734 95 51 non
1159 734 109 51 plus
1227 734 95 51 est
1281 734 109 51 vnum
1349 734 177 51 singulare
1485 734 82 51 de
1526 734 82 51 se
1567 734 109 51 quam
1621 734 136 51 reliquum

1035 774 78 65 Si
1074 774 157 65 alterius
1192 774 170 65 rationis.
1322 774 144 65 Contra.
1427 774 104 65 illa
1492 774 104 65 quae
1557 774 104 65 sunt
1622 774 91 65 vna
1675 774 91 65 res
1714 774 52 65 in

1026 824 183 56 creaturis.
1170 824 92 56 non
1222 824 105 56 sunt
1287 824 157 56 alterius
1405 824 78 56 et
1444 824 157 56 alterius
1562 824 170 56 rationis.
1693 824 92 56 sed

1032 862 192 71 differentia
1185 862 192 71 idiuidualis
1339 862 77 71 et
1377 862 128 71 natura
1466 862 166 71 contracta
1594 862 102 71 sunt
1658 862 89 71 vna
1696 862 64 71 res

1025 916 111 47 ergo
1094 916 111 47 etc.
1164 916 69 47 â‹
1191 916 180 47 Similiter
1330 916 125 47 maior
1413 916 97 47 est
1468 916 194 47 similitudo
1620 916 83 47 et
1648 916 97 47 conue

1026 952 130 63 mientia
1121 952 83 63 vel
1168 952 154 63 equalitas
1287 952 107 63 inter
1357 952 95 63 illa
1417 952 95 63 quae
1476 952 95 63 sunt
1535 952 83 63 vna
1582 952 95 63 res.
1642 952 95 63 quam
1689 952 59 63 ini

1032 995 98 64 illa
1093 995 98 64 quae
1154 995 207 64 distinguuntur
1324 995 158 64 realiter.
1446 995 98 64 ergo
1507 995 110 64 magis
1580 995 85 64 vel
1617 995 134 64 equaliter

1019 1042 146 64 possunt
1125 1042 159 64 couenire
1244 1042 80 64 in
1284 1042 239 64 proprietatibus
1483 1042 80 64 et
1523 1042 212 64 passionibus.
1683 1042 66 64 dum

1030 1091 96 61 modo
1090 1091 108 61 tamen
1162 1091 108 61 omnia
1235 1091 96 61 sint
1295 1091 205 61 essentialiter
1463 1091 156 61 simplicia
1584 1091 84 61 vel
1620 1091 132 61 composita

1016 1137 128 47 ergo
1096 1137 96 47 si
1144 1137 160 47 gradus
1255 1137 255 47 indiuiduales
1463 1137 255 47 contrahenres
1654 1137 96 47 natu

1019 1165 91 64 ram
1071 1165 130 64 asini.
1162 1165 183 64 conueniunt
1306 1165 78 64 in
1345 1165 91 64 hac
1397 1165 169 64 passione.
1527 1165 104 64 quia
1593 1165 143 64 vterque
1684 1165 65 64 est

1024 1213 93 69 de
1070 1213 93 69 se
1116 1213 123 69 hoc.
1193 1213 123 69 eque
1271 1213 170 69 poterit
1394 1213 154 69 gradus
1502 1213 247 69 indiuidualis
1687 1213 62 69 et

1030 1267 135 53 natura
1125 1267 108 53 quae
1193 1267 95 53 est
1247 1267 122 53 eadem
1328 1267 135 53 realit
1423 1267 95 53 cum
1477 1267 108 53 illo
1544 1267 122 53 gradu
1625 1267 81 53 in
1652 1267 95 53 eadem

1021 1305 174 56 passione
1152 1305 174 56 conuenir
1283 1305 73 56 â‹
1312 1305 189 56 Similiter
1457 1305 102 56 non
1516 1305 116 56 sunt
1588 1305 131 56 minus
1661 1305 87 56 eius

1023 1351 72 58 dem
1064 1351 134 58 rationis.
1167 1351 51 58 a
1187 1351 62 58 et
1218 1351 51 58 b
1239 1351 82 58 quae
1290 1351 82 58 sunt
1342 1351 82 58 idem
1393 1351 134 58 realiter.
1496 1351 82 58 quam
1547 1351 51 58 a
1568 1351 62 58 et
1599 1351 72 58 di.
1640 1351 62 58 si
1661 1351 82 58 disti-

1016 1394 127 62 guantur
1108 1394 150 62 realiter.
1223 1394 81 62 sed
1269 1394 115 62 natura
1349 1394 92 62 quae
1407 1394 81 62 est
1453 1394 69 62 in
1487 1394 115 62 sorte.
1568 1394 69 62 et
1602 1394 115 62 natura
1671 1394 69 62 quae

1017 1444 91 55 est
1069 1444 78 55 in
1108 1444 143 55 platone
1212 1444 104 55 quae
1277 1444 221 55 distinguuntur
1460 1444 169 55 realiter.
1590 1444 104 55 sunt
1642 1444 104 55 eiusde

1016 1483 152 65 rationis.
1133 1483 93 65 ergo
1191 1483 105 65 multo
1261 1483 128 65 fortius
1355 1483 117 65 natura
1437 1483 117 65 sortis
1518 1483 70 65 et
1553 1483 175 65 differentia
1682 1483 58 65 con

1008 1523 134 61 trahens
1105 1523 109 61 erunt
1178 1523 134 61 eiusdem
1275 1523 158 61 rationis.
1397 1523 61 61 â‹
1421 1523 158 61 Similiter
1543 1523 97 61 tunc
1603 1523 122 61 sortes
1676 1523 61 61 in-

1011 1569 150 67 cluderet
1123 1569 138 67 aliquid
1223 1569 150 67 alterius
1336 1569 150 67 rationis
1448 1569 75 67 ab
1486 1569 100 67 illo
1548 1569 100 67 quod
1611 1569 88 67 est
1661 1569 75 67 in
1686 1569 63 67 pla

1011 1618 110 59 tone.
1084 1618 97 59 quod
1145 1618 122 59 falsum
1230 1618 97 59 est.
1291 1618 97 59 quia
1352 1618 97 59 tunc
1413 1618 122 59 sortes
1498 1618 73 59 et
1535 1618 110 59 plato
1608 1618 85 59 non
1645 1618 97 59 essent

1012 1657 184 66 simplicitur
1159 1657 135 66 eiusdem
1257 1657 160 66 rationis.
1380 1657 61 66 â‹
1405 1657 135 66 Septio.
1503 1657 74 66 si
1540 1657 123 66 natura
1626 1657 86 66 sic
1662 1657 74 66 cont

1014 1699 116 65 heretur
1099 1699 127 65 praecise
1194 1699 74 65 per
1236 1699 169 65 differentiam
1374 1699 169 65 contrahentem
1511 1699 148 65 distinctam
1627 1699 95 65 solum
1680 1699 53 65 for

1007 1747 163 60 maliter.
1130 1747 177 60 equaliter
1266 1747 136 60 posset
1361 1747 109 60 poni
1429 1747 190 60 vniuocatio
1578 1747 149 60 realis.
1673 1747 68 60 hoc

1012 1790 96 60 est
1067 1790 165 60 alicuius
1191 1790 138 60 realis
1288 1790 69 60 a
1315 1790 124 60 parte
1398 1790 96 60 rei
1453 1790 151 60 vniuoci
1563 1790 96 60 deo
1618 1790 69 60 a
1632 1790 110 60 creatu

1011 1828 107 63 ris.
1077 1828 120 63 sicut
1157 1828 133 63 potest
1250 1828 107 63 poni
1317 1828 120 63 talis
1397 1828 186 63 vniuocatio
1544 1828 160 63 respectu
1650 1828 80 63 indi

1013 1874 171 55 uiduorum
1141 1874 228 55 quorumcunque
1327 1874 86 55 in
1370 1874 200 55 creaturis.
1527 1874 200 55 consequens
1670 1874 71 55 est

1010 1914 124 70 contra
1096 1914 86 70 eos
1146 1914 86 70 qui
1195 1914 124 70 ponunt
1281 1914 148 70 praecise
1393 1914 99 70 quod
1454 1914 86 70 est
1504 1914 136 70 aliquis
1590 1914 136 70 conceptus

1011 1969 169 51 vniuocus
1137 1969 98 51 deo
1194 1969 70 51 a
1222 1969 183 51 creature.
1362 1969 84 51 et
1405 1969 98 51 non
1461 1969 155 51 aliquid
1573 1969 70 51 a
1601 1969 127 51 parte
1672 1969 70 51 rei

1009 2005 98 62 sicut
1074 2005 109 62 ponunt
1151 2005 65 62 ex
1183 2005 98 62 parte
1249 2005 98 62 alia.
1314 2005 174 62 consequentia
1456 2005 109 62 patet.
1532 2005 87 62 quia
1586 2005 76 62 non
1630 2005 98 62 debet
1684 2005 44 62 ne

1002 2061 109 55 gari
1070 2061 122 55 talis
1152 2061 204 55 vniuocatio.
1315 2061 109 55 nisi
1383 2061 109 55 quia
1451 2061 190 55 sequeretur
1587 2061 136 55 composi-

997 2102 97 44 tio
1053 2102 84 44 in
1095 2102 97 44 deo
1150 2102 84 44 ex
1192 2102 139 44 aliquo
1289 2102 195 44 contracto.
1443 2102 84 44 et
1484 2102 139 44 aliquo
1568 2102 167 44 contrahen-

1003 2146 97 53 te.
1059 2146 97 53 sed
1114 2146 153 53 ponendo
1226 2146 237 53 distinctionem
1421 2146 167 53 formale:
1546 2146 97 53 non
1588 2146 139 53 sequitur

1003 2181 116 61 aliqua
1084 2181 173 61 compositio.
1223 2181 93 61 quia
1281 2181 93 61 illa
1339 2181 93 61 quae
1397 2181 116 61 tantum
1478 2181 162 61 formaliter
1593 2181 139 61 distingum-

1010 2223 96 67 tur
1065 2223 96 67 non
1120 2223 192 67 componunt.
1270 2223 123 67 sicut
1353 2223 123 67 patet
1435 2223 82 67 de
1476 2223 137 67 diuina
1572 2223 164 67 essentia
1681 2223 55 67 et

995 2277 222 52 relatione.
1170 2277 127 52 ergo
1249 2277 143 52 talis
1345 2277 222 52 vniuocatio
1519 2277 111 52 non
1567 2277 159 52 repugnat

1000 2314 149 56 simpli.
1109 2314 122 56 itati
1191 2314 149 56 diuine.
1299 2314 68 56 â‹
1326 2314 217 56 Confirmatur.
1503 2314 109 56 quia
1571 2314 95 56 non
1625 2314 95 56 est
1666 2314 54 56 ma

1001 2358 90 66 ior
1053 2358 128 66 ratio.
1142 2358 103 66 quod
1207 2358 103 66 ista
1271 2358 167 66 distincta
1399 2358 180 66 formaliter
1540 2358 167 66 componant
1656 2358 77 66 quam

1002 2408 112 58 alia.
1076 2408 137 58 quamuis
1176 2408 100 58 ista
1238 2408 112 58 magis
1313 2408 199 58 distingantur
1475 2408 100 58 quam
1537 2408 112 58 alia.
1612 2408 100 58 quia
1662 2408 62 58 qua

993 2448 157 60 ratione
1107 2448 171 60 ponuntur
1235 2448 142 60 gradus
1334 2448 85 60 in
1377 2448 228 60 distinctione
1562 2448 171 60 formali.
1676 2448 57 60 ea

1004 2489 94 53 dem
1057 2489 148 53 ratione
1165 2489 148 53 ponutur
1273 2489 135 53 gradus
1368 2489 81 53 in
1408 2489 216 53 compositione
1584 2489 81 53 ex
1611 2489 121 53 distin-

1003 2541 99 54 ctis
1065 2541 174 54 formaliter
1201 2541 62 54 â‹
1226 2541 199 54 Confirmatur.
1388 2541 99 54 quia
1450 2541 112 54 sicut
1525 2541 124 54 quando
1612 2541 124 54 aliqua
1686 2541 50 54 di

999 2576 184 62 stinguntur
1143 2576 171 62 realiter.
1275 2576 105 62 siue
1341 2576 118 62 magis
1420 2576 105 62 siue
1485 2576 131 62 minus.
1577 2576 79 62 si
1604 2576 118 62 faciant

985 2628 81 62 per
1032 2628 70 62 se
1067 2628 104 62 vnum.
1136 2628 81 62 non
1182 2628 81 62 est
1229 2628 104 62 maior
1298 2628 104 62 ratio
1368 2628 93 62 quod
1426 2628 93 62 ista
1484 2628 151 62 componant
1600 2628 93 62 quam
1646 2628 81 62 illa.
