2239 3053
405 205 141 95 quamuis
508 205 103 95 ista
572 205 116 95 minus
649 205 103 95 quam
713 205 116 95 illa.
790 205 90 95 Ita
842 205 77 95 si
880 205 128 95 aliqua
957 205 167 95 distinguan-

396 264 102 72 tur
455 264 203 72 formaliter
614 264 87 72 et
658 264 160 72 faciant
774 264 102 72 per
832 264 87 72 se
875 264 116 72 vnum
948 264 102 72 non
1006 264 102 72 est
1049 264 73 72 ma-

390 309 86 70 ior
439 309 111 70 ratio
513 309 98 70 quod
574 309 98 70 ista
635 309 160 70 componant
758 309 98 70 quam
820 309 111 70 illa.
894 309 98 70 ergo
955 309 86 70 vel
1004 309 111 70 omnia
1066 309 61 70 di-

402 352 156 72 stincta
515 352 198 72 formaliter
671 352 184 72 facientia
812 352 99 72 vel
868 352 240 72 constituentia
1052 352 71 72 per

391 398 91 70 se
436 398 137 70 vnum:
528 398 213 70 componunt.
695 398 107 70 vel
756 398 152 70 nulla.
863 398 76 70 ⁋
893 398 122 70 Item
954 398 168 70 discuren-

394 439 102 78 do
445 439 119 78 per
513 439 170 78 dicta.
633 439 102 78 in
684 439 136 78 medo
769 439 188 78 ponendi
905 439 205 78 videntur
1042 439 85 78 mul

398 484 81 82 ta
438 484 94 82 non
492 484 107 82 bene
559 484 134 82 dicta.
653 484 134 82 Primum
747 484 107 82 quod
814 484 134 82 dicit:
908 484 107 82 quod
975 484 134 82 natura
1056 484 67 82 est

405 528 127 87 prior
490 528 212 87 naturaliter
659 528 99 87 hac
715 528 169 87 entitate
842 528 85 87 vt
884 528 99 87 hec
941 528 113 87 est.
1011 528 99 87 hoc
1054 528 71 87 non

405 577 75 69 et
442 577 125 69 verum.
529 577 87 69 tum
579 577 100 69 quia
642 577 112 69 eadem
717 577 137 69 ratione
817 577 87 69 cum
867 577 87 69 sit
917 577 175 69 distinctio
1042 577 87 69 forma

402 619 94 80 lis
455 619 121 80 inter
536 619 174 80 essentiam
670 619 80 80 et
710 619 201 80 relationem.
870 619 161 80 essentia
991 619 121 80 esset
1058 619 67 80 pri

407 664 73 76 or
443 664 183 76 naturaliter
589 664 158 76 relatione
711 664 97 76 quod
772 664 122 76 falsum
857 664 97 76 est.
918 664 85 76 tum
967 664 97 76 quod
1015 664 122 76 secundum

402 709 128 70 dicta
487 709 99 70 sua
544 709 142 70 alibi.
643 709 113 70 omne
714 709 128 70 prius
799 709 142 70 natura
898 709 128 70 alio:
983 709 142 70 potest
1068 709 71 70 per

399 752 182 79 potentiam
539 752 154 79 diuinam
650 752 126 79 fieri
734 752 112 79 sine
804 752 209 79 posteriori.
971 752 98 79 sed
1027 752 98 79 hoc
1069 752 70 79 est

411 795 220 76 impossibile
588 795 88 76 de
632 795 162 76 natura:
749 795 103 76 cum
808 795 103 76 sit
867 795 132 76 eadem
955 795 176 76 realiter
1073 795 73 76 cum

396 842 219 74 differentia
571 842 233 74 contrahente.
761 842 190 74 Assumptum
907 842 146 74 patet.
1009 842 117 74 quia
1067 842 73 74 po-

411 880 87 79 nit
460 880 99 79 quod
522 880 99 79 omne
585 880 112 79 prius
659 880 112 79 alio:
734 880 124 79 potest
821 880 99 79 esse
883 880 99 79 sine
945 880 87 79 eo:
995 880 75 79 et
1032 880 87 79 non
1069 880 75 79 econ

410 930 131 73 uerso.
502 930 66 73 ⁋
528 930 144 73 Secundo
633 930 92 73 non
685 930 144 73 videtur
790 930 105 73 bene
856 930 144 73 dictum:
960 930 105 73 quod
1013 930 131 73 differen

404 970 106 74 tia
464 970 242 74 indiuidualis
661 970 106 74 non
722 970 106 74 est
783 970 257 74 quidditatiua.
995 970 121 74 quia
1055 970 91 74 omne

405 1017 123 69 quod
481 1017 108 69 est
543 1017 92 69 de
589 1017 184 69 essentia
727 1017 184 69 alicuius
865 1017 108 69 per
927 1017 92 69 se
973 1017 92 69 in
1004 1017 138 69 genere:

421 1068 90 65 est
472 1068 77 65 de
511 1068 179 65 quidditate
652 1068 141 65 ipsius:
754 1068 77 65 et
792 1068 90 65 per
844 1068 179 65 consequens
984 1068 90 65 est
1023 1068 115 65 entitas

411 1104 245 72 quidditatiua.
612 1104 101 72 sed
670 1104 101 72 hec
728 1104 216 72 differentia
901 1104 231 72 indiuidualis
1074 1104 72 72 est

418 1147 80 72 de
458 1147 161 72 essentia
578 1147 174 72 indiuidui
712 1147 107 72 quod
779 1147 94 72 est
833 1147 94 72 per
886 1147 80 72 se
927 1147 80 72 in
967 1147 147 72 genere.
1061 1147 80 72 ergo

415 1189 87 77 etc.
469 1189 54 77 ⁋
491 1189 65 77 Si
524 1189 119 77 dicatur
610 1189 87 77 quod
665 1189 152 77 requiritur
784 1189 87 77 quod
838 1189 76 77 sit
882 1189 119 77 entitas
958 1189 184 77 communicabilis:

418 1236 94 82 qui
471 1236 121 82 omnis
552 1236 174 82 quidditas
686 1236 80 82 et
726 1236 255 82 communicabilis.
940 1236 94 82 hoc
994 1236 147 82 videtur
1088 1236 67 82 di-

426 1281 95 76 ctum
486 1281 95 76 sine
545 1281 143 76 ratione.
653 1281 95 76 quia
712 1281 107 76 sicut
784 1281 83 76 tum
831 1281 107 76 ponis
903 1281 95 76 quod
962 1281 107 76 omnis
1022 1281 131 76 quidditas

426 1327 87 69 est
475 1327 237 69 communicabilis:
675 1327 87 69 ita
725 1327 112 69 eadem
800 1327 175 69 facilitate
938 1327 112 69 ponam
1013 1327 100 69 quod
1063 1327 87 69 omnis

426 1370 172 79 quidditas
558 1370 132 79 realis
651 1370 93 79 est
704 1370 238 79 communicabilis
902 1370 185 79 distinctis
1035 1370 119 79 specie:

420 1411 89 74 et
465 1411 103 74 ita
524 1411 162 74 entitas
642 1411 207 74 specifica:
804 1411 103 74 non
863 1411 118 74 erit
937 1411 162 74 entitas
1040 1411 118 74 quiddi

428 1458 128 78 tatiua.
522 1458 128 78 Uidetur
615 1458 93 78 ergo
673 1458 152 78 dicendum:
790 1458 93 78 quod
848 1458 105 78 omnis
918 1458 128 78 entitas
1011 1458 93 78 quae
1069 1458 82 78 est
1104 1458 47 78 de

426 1505 147 75 essentia
536 1505 147 75 alicuius
647 1505 86 75 rei
696 1505 86 75 per
745 1505 74 75 se
782 1505 110 75 vnius
855 1505 74 75 et
892 1505 172 75 existentis
1027 1505 86 75 per
1076 1505 74 75 se
1101 1505 49 75 in

426 1541 157 88 genere:
540 1541 100 88 est
597 1541 157 88 entitas
711 1541 242 88 quidditatiua.
910 1541 100 88 ita
967 1541 114 88 quod
1039 1541 114 88 siue
1096 1541 71 88 sit

429 1588 213 78 communicabilis
607 1588 95 78 siue
666 1588 83 78 sit
714 1588 249 78 incommunicabilis:
927 1588 107 78 nihil
998 1588 130 78 refert.
1093 1588 95 78 immo

441 1636 141 69 verius
539 1636 127 69 debet
624 1636 112 69 dici
694 1636 127 69 sicut
778 1636 169 69 patebit:
905 1636 112 69 quod
975 1636 127 69 nulla
1045 1636 127 69 entitas

442 1684 207 69 quidditatiua
611 1684 130 69 realis
701 1684 91 69 est
753 1684 246 69 communicabilis:
961 1684 104 69 nisi
1025 1684 117 69 sicut
1090 1684 78 69 for-

431 1719 90 72 ma
476 1719 241 72 communicatur
672 1719 166 72 materie
792 1719 105 72 vel
853 1719 121 72 tali
928 1719 121 72 modo
1003 1719 105 72 quo
1064 1719 105 72 res
1109 1719 60 72 di

439 1760 150 75 stincta
549 1760 218 75 communicatur
726 1760 96 75 rei
781 1760 178 75 distincte
917 1760 68 75 ⁋
945 1760 137 75 Tertio
1040 1760 96 75 non
1081 1760 82 75 vide

436 1807 99 69 tur
492 1807 113 69 bene
563 1807 155 69 dictum:
676 1807 113 69 quod
746 1807 141 69 natura
845 1807 99 69 sit
901 1807 211 69 indifferens
1070 1807 85 69 de
1099 1807 70 69 se.

444 1850 70 68 et
479 1850 105 68 tamen
550 1850 94 68 quod
608 1850 140 68 realiter
713 1850 82 68 sit
760 1850 175 68 differentia
900 1850 175 68 contrahens.
1040 1850 94 68 quia
1087 1850 82 68 sicut

445 1894 150 75 argutum
554 1894 95 75 est
609 1894 123 75 illud
690 1894 109 75 quod
759 1894 95 75 est
813 1894 82 75 de
854 1894 82 75 se
895 1894 204 75 indifferens
1058 1894 95 75 est
1099 1894 68 75 in-

455 1938 186 79 differens.
601 1938 93 79 sed
654 1938 200 79 indifferens
814 1938 93 79 non
867 1938 93 79 est
920 1938 106 79 idem
987 1938 173 79 realiter:
1106 1938 67 79 cum

447 1982 78 77 non
491 1982 179 77 indifferenti
637 1982 145 77 realiter.
748 1982 89 77 ergo
804 1982 112 77 natura
882 1982 67 77 et
915 1982 167 77 differentia
1038 1982 134 77 contrahens

455 2026 84 76 non
503 2026 96 76 sunt
563 2026 96 76 idem
623 2026 156 76 realiter.
742 2026 60 76 ⁋
766 2026 191 76 Confirmatur.
922 2026 96 76 quia
982 2026 72 76 si
1017 2026 84 76 sit
1065 2026 72 76 de
1101 2026 72 76 se
1125 2026 60 76 in-

441 2077 191 69 differens
588 2077 103 69 aut
647 2077 103 69 est
706 2077 177 69 realiter
839 2077 88 69 de
883 2077 88 69 se
927 2077 235 69 indifferens:
1103 2077 74 69 aut

457 2114 89 82 non.
513 2114 67 82 si
546 2114 89 82 non:
602 2114 89 82 ergo
658 2114 100 82 nihil
725 2114 100 82 facit
792 2114 67 82 ad
825 2114 167 82 propositum.
959 2114 67 82 si
992 2114 89 82 sic.
1048 2114 89 82 ergo
1093 2114 89 82 potest

454 2159 212 75 communicari:
626 2159 106 75 quod
692 2159 119 75 prius
771 2159 185 75 improbatum
917 2159 93 75 est
969 2159 66 75 ⁋
996 2159 79 75 Ex
1036 2159 106 75 isto
1088 2159 93 75 sequi

456 2208 96 70 tur:
516 2208 96 70 quod
576 2208 84 70 non
624 2208 132 70 videtur
719 2208 96 70 bene
779 2208 132 70 dictum:
875 2208 96 70 quod
935 2208 120 70 natura
1018 2208 84 70 sit
1066 2208 72 70 de
1102 2208 72 70 se
1126 2208 60 70 in-

454 2246 179 77 differens.
595 2246 77 77 et
633 2246 115 77 tamen
710 2246 192 77 appropriata
864 2246 90 77 per
915 2246 205 77 identitatem.
1082 2246 102 77 quia
1133 2246 51 77 si

462 2296 94 74 sit
515 2296 161 74 realiter
636 2296 80 74 in
676 2296 107 74 hoc:
743 2296 161 74 repugnat
863 2296 107 74 sibi
930 2296 107 74 esse
997 2296 80 74 in
1038 2296 121 74 alio.
1105 2296 80 74 ergo

458 2336 96 74 non
513 2336 96 74 est
568 2336 83 74 de
610 2336 83 74 se
651 2336 165 74 communis
775 2336 110 74 nisi
843 2336 124 74 forte
926 2336 179 74 negatiue.
1063 2336 69 74 ⁋
1077 2336 110 74 Quarto

472 2391 100 70 non
529 2391 157 70 videtur
643 2391 114 70 bene
715 2391 157 70 dictum:
829 2391 114 70 quod
900 2391 143 70 natura
1000 2391 100 70 est
1043 2391 143 70 realiter

470 2424 88 79 vna
521 2424 138 79 numero:
621 2424 138 79 quamuis
722 2424 88 79 sit
772 2424 75 79 de
809 2424 75 79 se
847 2424 163 79 communis.
973 2424 75 79 et
1010 2424 88 79 sit
1060 2424 88 79 vna
1098 2424 88 79 nume-

471 2468 72 72 ro
507 2468 120 72 tantum
591 2468 204 72 denominatiue.
759 2468 96 72 quia
819 2468 120 72 quando
902 2468 120 72 aliqua
986 2468 132 72 faciunt
1082 2468 84 72 vel
1118 2468 72 72 con-

479 2512 158 81 stituunt
597 2512 105 81 vnum
663 2512 92 81 per
715 2512 92 81 se.
768 2512 92 81 qua
820 2512 144 81 ratione
925 2512 131 81 passio
1017 2512 92 81 vel
1057 2512 131 81 proprie-

472 2560 118 74 tas
540 2560 152 74 forme
641 2560 236 74 predicatur
826 2560 270 74 denominatiue
1045 2560 101 74 de
1079 2560 118 74 mate-

467 2604 119 79 ria:
541 2604 134 79 eadem
631 2604 163 79 ratione
749 2604 208 79 proprietas
913 2604 104 79 vel
972 2604 149 79 passio
1061 2604 134 79 materie

1225 189 204 78 predicatur
1386 189 233 78 denominatiue
1575 189 87 78 de
1618 189 146 78 forma.
1720 189 116 78 ergo
1793 189 102 78 cum
1837 189 116 78 natura

1229 242 65 62 et
1262 242 162 62 differentia
1391 242 151 62 contrahens
1510 242 119 62 faciant
1596 242 86 62 vnum
1650 242 76 62 per
1694 242 76 62 se.
1737 242 76 62 qua
1780 242 119 62 ratione
1856 242 86 62 vnitas

1219 289 175 59 numeralis
1353 289 189 59 predicatur
1502 289 216 59 denominatiue
1677 289 81 59 de
1718 289 148 59 natura.
1826 289 94 59 ita
1866 289 81 59 quod

1216 340 138 60 natura
1313 340 96 60 est
1368 340 96 60 vna
1423 340 138 60 numero
1519 340 179 60 realiter.
1657 340 124 60 eadem
1739 340 151 60 ratione
1836 340 110 60 vnitas

1216 374 125 61 minor
1299 374 111 61 quae
1369 374 97 61 est
1424 374 139 61 passio
1521 374 139 61 ipsius
1618 374 139 61 nature
1715 374 222 61 predicabitur
1882 374 69 61 de-

1227 424 157 60 nominatiue
1350 424 67 60 de
1384 424 168 60 differentia
1519 424 180 60 indiuiduali.
1664 424 79 60 ita
1709 424 90 60 quod
1765 424 168 60 differentia
1889 424 56 60 in-

1228 461 185 67 diuidualis
1373 461 159 67 realiter
1492 461 106 67 erit
1558 461 172 67 communis:
1691 461 79 67 et
1730 461 93 67 vna
1783 461 145 67 vnitate
1876 461 79 67 mino

1230 505 83 63 re.
1278 505 71 63 et
1313 505 83 63 per
1361 505 166 63 consequens
1491 505 107 63 totum
1562 505 154 63 singulare
1681 505 107 63 eadem
1752 505 131 63 ratione
1835 505 119 63 denomina

1225 549 126 64 bitur
1309 549 84 64 ab
1351 549 154 64 vtraque
1463 549 168 64 vnitate.
1589 549 84 64 et
1632 549 98 64 ita
1688 549 182 64 singulare
1828 549 98 64 non
1870 549 84 64 plus

1225 595 107 63 erit
1291 595 107 63 vnum
1358 595 133 63 numero
1451 595 107 63 quam
1518 595 146 63 commune
1624 595 93 63 vel
1677 595 107 63 vnum
1744 595 146 63 vnitate
1837 595 120 63 minore.

1231 637 66 73 ⁋
1257 637 93 73 Per
1310 637 119 73 illud
1390 637 133 73 patet.
1483 637 106 73 quod
1549 637 119 73 illud
1629 637 133 73 simile
1721 637 93 73 est
1774 637 80 73 ad
1801 637 159 73 oppositum.

1230 686 98 66 quia
1291 686 110 66 sicut
1364 686 183 66 differentia
1511 686 159 66 specifica
1633 686 86 66 non
1682 686 110 66 debet
1755 686 98 66 dici
1817 686 86 66 vna
1853 686 98 66 vnita-

1234 730 85 59 te
1276 730 142 59 minore
1376 730 114 59 quam
1447 730 99 59 sit
1504 730 142 59 vnitas
1603 730 199 59 specifica.
1759 730 99 59 ita
1816 730 142 59 vnitas
1901 730 57 59 ge

1235 771 119 70 neris
1314 771 92 70 non
1367 771 132 70 potest
1459 771 106 70 dici
1525 771 92 70 vna
1578 771 145 70 vnitate
1684 771 132 70 maiore
1776 771 106 70 quam
1842 771 92 70 sit
1882 771 79 70 vni-

1225 811 100 73 tas
1282 811 171 73 generis.
1410 811 71 73 ⁋
1439 811 143 73 Quinto
1539 811 100 73 non
1596 811 157 73 videtur
1710 811 114 73 bene
1782 811 143 73 dictum
1867 811 86 73 quod

1232 863 141 65 dicitur.
1338 863 94 65 quod
1397 863 165 65 vniversale
1526 863 71 65 in
1561 863 94 65 actu
1620 863 82 65 est
1667 863 106 65 illud
1738 863 94 65 quod
1796 863 106 65 habet
1855 863 106 65 aliquam

1238 901 172 69 vnitate
1363 901 265 69 indifferentem
1582 901 125 69 etc.
1660 901 125 69 Quia
1738 901 125 69 tunc
1800 901 172 69 oporteret

1236 959 100 72 quod
1298 959 175 72 vniversale
1436 959 75 72 in
1473 959 100 72 actu
1536 959 113 72 esset
1611 959 100 72 vnum
1673 959 75 72 in
1711 959 125 72 multis
1798 959 75 72 et
1836 959 75 72 de
1861 959 113 72 multis.

1230 997 99 62 Modo
1292 997 136 62 quaero.
1391 997 87 62 Aut
1440 997 111 62 illud
1514 997 173 62 vniversale
1651 997 87 62 est
1700 997 87 62 ens
1750 997 161 62 rationis.
1873 997 74 62 et
1898 997 62 62 per

1233 1035 172 71 consequens
1368 1035 86 71 non
1417 1035 86 71 est
1466 1035 98 71 vnum
1527 1035 74 71 in
1564 1035 123 71 multis
1649 1035 196 71 singularibus
1809 1035 110 71 extra
1870 1035 98 71 animam

1236 1080 94 65 nisi
1295 1080 83 65 per
1342 1080 224 65 praedicationem.
1531 1080 94 65 quod
1590 1080 83 65 est
1637 1080 94 65 dici
1696 1080 71 65 de
1731 1080 130 65 multis.
1826 1080 94 65 ergo
1873 1080 94 65 disti-

1234 1129 140 66 guendo
1332 1129 112 66 esse
1402 1129 84 66 in
1444 1129 140 66 multis
1542 1129 70 66 a
1570 1129 112 66 dici
1641 1129 84 66 de
1683 1129 154 66 multis.
1795 1129 98 66 non
1851 1129 98 66 est
1893 1129 70 66 ve-

1239 1174 92 56 rum.
1297 1174 69 56 Si
1332 1174 104 56 autem
1401 1174 104 56 illud
1470 1174 161 56 vniversale
1596 1174 81 56 sit
1642 1174 104 56 extra
1711 1174 127 56 animam.
1803 1174 92 56 ergo
1861 1174 81 56 est
1907 1174 69 56 in
1930 1174 46 56 re

1241 1211 156 64 secundum
1358 1211 143 64 aliquam
1462 1211 169 64 vnitatem.
1592 1211 65 64 ⁋
1618 1211 117 64 Sexto
1696 1211 91 64 non
1748 1211 143 64 videtur
1852 1211 104 64 bene
1904 1211 65 64 di-

1244 1258 113 64 ctum.
1320 1258 100 64 quod
1383 1258 176 64 communitas
1521 1258 75 64 et
1558 1258 163 64 similiter
1684 1258 201 64 singularitas
1834 1258 151 64 conueniunt

1241 1299 132 70 nature
1333 1299 119 70 extra
1413 1299 211 70 intellectum.
1584 1299 106 70 quia
1651 1299 119 70 nihil
1730 1299 79 70 ex
1770 1299 198 70 intellectum
1915 1299 66 70 est

1246 1353 135 53 commune.
1347 1353 79 53 cum
1392 1353 101 53 extra
1460 1353 169 53 intellectum
1595 1353 79 53 sit
1640 1353 146 53 quodlibet
1752 1353 135 53 realiter
1842 1353 135 53 singulare.

1252 1389 60 58 ⁋
1276 1389 96 58 Ideo
1336 1389 96 58 dico
1395 1389 120 58 aliter
1479 1389 72 58 ad
1515 1389 191 58 quaestionem.
1670 1389 72 58 et
1706 1389 108 58 primo
1778 1389 143 58 ostendam
1873 1389 108 58 conclu-

1243 1433 138 63 sionem.
1344 1433 101 63 quod
1407 1433 164 63 quaelibet
1533 1433 88 63 res
1583 1433 176 63 singularis
1721 1433 126 63 seipsa
1809 1433 88 63 est
1847 1433 126 63 singula-

1250 1474 106 67 ris.
1316 1474 79 67 Et
1355 1474 92 67 hoc
1408 1474 172 67 persuadeo
1540 1474 106 67 sic.
1606 1474 106 67 quia
1672 1474 211 67 singularitas
1831 1474 145 67 immediate

1256 1517 129 68 conuenit
1353 1517 86 68 illi
1407 1517 97 68 cuius
1471 1517 86 68 est.
1525 1517 86 68 ergo
1579 1517 75 68 non
1622 1517 108 68 potest
1697 1517 86 68 sibi
1751 1517 140 68 conuenire
1859 1517 75 68 per
1891 1517 97 68 aliquod

1252 1566 125 62 aliud.
1340 1566 100 62 ergo
1403 1566 75 62 si
1440 1566 138 62 aliquid
1541 1566 88 62 sit
1591 1566 163 62 singlare.
1716 1566 125 62 seipso
1804 1566 88 62 est
1841 1566 138 62 singulare

1284 1609 57 68 ⁋
1306 1609 160 68 Praeterea.
1432 1609 103 68 sicut
1501 1609 103 68 illud
1569 1609 91 68 quod
1626 1609 80 68 est
1672 1609 148 68 singulare
1786 1609 69 68 se
1820 1609 103 68 habet
1889 1609 69 68 ad
1912 1609 69 68 esse

1257 1652 127 64 singulare.
1357 1652 64 64 ita
1393 1652 73 64 quod
1439 1652 64 64 est
1475 1652 127 64 vniversale
1575 1652 55 64 se
1602 1652 82 64 habet
1657 1652 55 64 ad
1684 1652 64 64 ess
1720 1652 136 64 vniversale.
1829 1652 73 64 ergo
1875 1652 82 64 sicut
1929 1652 82 64 illud

1258 1694 95 72 quod
1317 1694 83 72 est
1365 1694 166 72 singulare.
1495 1694 83 72 non
1543 1694 119 72 potest
1626 1694 83 72 per
1673 1694 130 72 aliquod
1768 1694 130 72 additum
1863 1694 95 72 sibi
1910 1694 83 72 fieri

1266 1737 134 64 vniversale
1372 1737 67 64 vel
1410 1737 105 64 commne.
1487 1737 67 64 ita
1525 1737 86 64 illud
1582 1737 77 64 quod
1630 1737 67 64 est
1669 1737 105 64 commne.
1745 1737 67 64 non
1783 1737 96 64 potest
1850 1737 67 64 per
1889 1737 105 64 aliquid
1956 1737 38 64 si

1258 1784 82 57 bi
1299 1784 151 57 additum
1409 1784 124 57 fieri
1492 1784 192 57 singulare.
1643 1784 110 57 ergo
1711 1784 165 57 quicquid
1835 1784 96 57 est
1876 1784 110 57 singu-

1251 1827 119 65 lare
1326 1827 104 65 per
1385 1827 134 65 nihil
1475 1827 179 65 additum:
1609 1827 104 65 est
1669 1827 194 65 singulare
1818 1827 149 65 seipo.
1922 1827 75 65 ⁋
1937 1827 60 65 Se

1262 1871 114 62 cunda
1338 1871 177 62 conclusio.
1477 1871 101 62 quod
1540 1871 114 62 omnis
1616 1871 88 62 res
1666 1871 114 62 extra
1742 1871 126 62 animam
1830 1871 88 62 est
1868 1871 126 62 realiter

1264 1915 189 64 singularis
1412 1915 81 64 et
1452 1915 94 64 vna
1506 1915 148 64 numero.
1614 1915 108 64 quia
1682 1915 121 64 omnis
1763 1915 94 64 res
1817 1915 121 64 extra
1884 1915 108 64 animam

1264 1959 100 63 vel
1321 1959 100 63 est
1378 1959 158 63 simplex
1493 1959 100 63 vel
1550 1959 200 63 composita.
1708 1959 86 63 Si
1751 1959 100 63 sit
1808 1959 172 63 simplex.
1922 1959 72 63 non

1262 2004 181 65 includit
1397 2004 150 65 multas
1503 2004 120 65 res.
1578 2004 105 65 sed
1638 2004 135 65 omnis
1728 2004 105 65 res
1788 2004 105 65 non
1834 2004 165 65 includens

1273 2051 139 65 multas
1371 2051 97 65 res
1426 2051 97 65 est
1482 2051 97 65 vna
1538 2051 153 65 numero.
1649 2051 111 65 quia
1719 2051 125 65 omnis
1802 2051 125 65 talis
1886 2051 111 65 res.
1941 2051 56 65 et

1276 2094 96 63 vna
1331 2094 110 63 alia
1400 2094 96 63 res
1455 2094 192 63 consimilis
1606 2094 165 63 praecise
1729 2094 110 63 sunt
1798 2094 96 63 due
1853 2094 110 63 res.
1908 2094 82 63 ergo

1269 2139 159 69 vtraque
1384 2139 159 69 illarum
1500 2139 101 69 est
1557 2139 101 69 vna
1615 2139 159 69 numero.
1731 2139 116 69 ergo
1803 2139 130 69 omnis
1889 2139 101 69 res
1933 2139 72 69 sim

1277 2181 108 70 plex
1344 2181 94 70 est
1398 2181 94 70 vna
1451 2181 148 70 numero.
1559 2181 81 70 Si
1599 2181 94 70 sit
1653 2181 188 70 composita.
1801 2181 135 70 tandem
1882 2181 121 70 oportet

1275 2231 146 57 deuenire
1384 2231 73 57 ad
1421 2231 122 57 certum
1506 2231 134 57 numerum
1603 2231 146 57 partium.
1713 2231 73 57 et
1749 2231 85 57 per
1798 2231 170 57 consequens
1920 2231 85 57 totum

1277 2267 186 66 compositum
1423 2267 80 66 ex
1463 2267 93 66 eis
1516 2267 106 66 erit
1582 2267 106 66 vnum
1649 2267 146 66 numero.
1755 2267 93 66 vel
1808 2267 106 66 erit
1874 2267 106 66 vnum
1941 2267 80 66 ag

1284 2310 196 76 gregatiue.
1438 2310 84 76 Et
1480 2310 98 76 hoc
1536 2310 126 76 etiam
1620 2310 140 76 potest
1718 2310 126 76 argui
1802 2310 98 76 sub
1858 2310 112 76 ista
1914 2310 84 76 for-

1281 2362 118 60 mar.
1355 2362 162 60 Accipio
1473 2362 133 60 illam
1561 2362 103 60 rem
1620 2362 118 60 quam
1694 2362 103 60 non
1753 2362 133 60 ponis
1841 2362 103 60 rem
1885 2362 118 60 singu-

1283 2396 135 69 larem.
1377 2396 81 69 et
1417 2396 135 69 quero.
1512 2396 94 69 Aut
1566 2396 162 69 includit
1687 2396 135 69 plures
1782 2396 108 69 res.
1849 2396 94 69 aut
1903 2396 108 69 non.
1957 2396 54 69 si

1274 2449 91 67 non
1326 2449 144 67 Accipio
1431 2449 104 67 vnam
1496 2449 183 67 consimilem
1639 2449 183 67 distinctam
1783 2449 170 67 realiter.
1914 2449 78 67 et
1940 2449 65 67 ar-

1276 2488 90 73 guo
1328 2488 103 73 sic.
1392 2488 65 73 ⁋
1418 2488 103 73 Iste
1483 2488 90 73 res
1534 2488 103 73 sunt
1599 2488 155 73 disticte
1715 2488 168 73 realitur.
1844 2488 77 73 et
1883 2488 90 73 non
1922 2488 77 73 sunt

1282 2533 86 66 in
1325 2533 144 66 numero
1426 2533 187 66 infinito.
1570 2533 115 66 ergo
1642 2533 86 66 in
1685 2533 144 66 numero
1786 2533 158 66 finito.
1901 2533 86 66 et
1930 2533 72 66 non

1283 2580 109 71 nisi
1352 2580 82 71 in
1393 2580 178 71 dualitate
1529 2580 191 71 manifestum
1679 2580 109 71 est.
1748 2580 109 71 ergo
1816 2580 109 71 sunt
1870 2580 137 71 praecise
