2398 3593
296 182 377 87 Reuerendissimo
610 182 126 87 in
673 182 231 87 Christo
841 182 189 87 Patri
967 182 126 87 ac
1030 182 231 87 domino,
1197 182 210 87 domino
1344 182 210 87 Thomae
1491 182 210 87 Vulsae
1638 182 231 87 Sanctae
1784 182 189 87 Romanae

268 256 232 65 Ecclesiae
447 256 179 65 titulo
572 256 197 65 Sanctae
715 256 215 65 Caecilie
876 256 250 65 presbytero
1073 256 250 65 Cardinali,
1270 256 286 65 Eboracensium
1502 256 322 65 Archiepiscopo,
1752 256 215 65 Angliaeque

264 320 231 61 Primati,
437 320 173 61 atque
553 320 289 61 Apostolicae
784 320 173 61 sedis
899 320 116 61 ab
957 320 193 61 latere
1092 320 212 61 Legato,
1246 320 212 61 Ioannes
1400 320 173 61 Maior
1515 320 327 61 Hadyngtonanus
1785 320 135 61 cum
1842 320 116 61 omni

266 371 296 92 obseruatia,
484 371 198 92 Salutem.

750 445 124 104 pe
812 445 268 104 multumque
1018 445 186 104 mecum
1142 445 227 104 decreui
1307 445 247 104 animoque
1493 445 247 104 concepi.
1678 445 268 104 Praesulum
1864 445 103 104 am¬-

750 547 252 67 plissime,
943 547 427 67 lucubratiuncularum
1312 547 194 67 mearum
1448 547 330 67 (qualescunque
1719 547 174 67 sunt)
1816 547 155 67 primi¬-

758 595 164 75 tias,
867 595 219 75 Anglorum
1031 595 201 75 cuipiam
1177 595 182 75 dicare
1305 595 292 75 nuncupareque
1542 595 237 75 Principi:
1724 595 164 75 idque
1815 595 146 75 iustis

763 654 136 66 (vt
840 654 156 66 mihi
938 654 195 66 quidem
1074 654 175 66 visae
1191 654 175 66 sunt)
1308 654 292 66 rationibus.
1542 654 195 66 Quarum
1678 654 195 66 primum
1814 654 136 66 (ne
1873 654 97 66 lon

772 718 133 67 gus
848 718 171 67 fiam)
962 718 152 67 sibi
1056 718 208 67 addicit
1208 718 171 67 locum
1322 718 227 67 communis
1492 718 227 67 patriae,
1663 718 208 67 omnibus
1795 718 171 67 animan¬-

768 766 170 71 tibus
882 766 208 71 innatus
1033 766 170 71 amor:
1146 766 132 71 vna
1222 766 151 71 enim
1317 766 265 71 Britannia,
1525 766 246 71 insularum
1714 766 114 71 in
1771 766 151 71 tota
1846 766 114 71 Euro

766 830 116 63 pa
824 830 310 63 celeberrima,
1075 830 174 63 quasi
1192 830 116 63 in
1250 830 155 63 naui
1346 830 213 63 quadam.
1501 830 194 63 Oceano
1637 830 194 63 magno,
1772 830 174 63 paruo
1869 830 97 63 in¬-

753 889 250 60 terstitio
945 889 308 60 concludimur.
1196 889 212 60 Alterum
1350 889 154 60 siue
1446 889 231 60 proximum
1619 889 193 60 locum,
1735 889 231 60 religionis

754 931 98 70 &
794 931 255 70 studiorum
990 931 216 70 occupat
1147 931 275 70 consensio.
1363 931 275 70 Asusceptae
1579 931 157 70 enim
1677 931 236 70 pietatis
1835 931 137 70 Chri¬-

746 986 198 77 stianae
890 986 252 77 primordio,
1089 986 162 77 multi
1197 986 90 77 &
1233 986 162 77 magni
1341 986 198 77 fuerunt
1485 986 108 77 in
1539 986 198 77 vtroque
1684 986 162 77 regno
1774 986 198 77 illustres

276 1046 103 70 in
327 1046 154 70 omni,
430 1046 120 70 sed
499 1046 223 70 praecipue
670 1046 103 70 in
721 1046 171 70 diuina
841 1046 223 70 sapientia
1013 1046 154 70 viri:
1115 1046 120 70 qui
1184 1046 86 70 &
1218 1046 171 70 plures
1338 1046 154 70 sunt,
1441 1046 137 70 quam
1527 1046 103 70 vt
1578 1046 120 70 eos
1646 1046 120 70 hac
1715 1046 240 70 epistolari
1886 1046 86 70 an¬-

274 1099 185 74 gustia
403 1099 240 74 complecti
588 1099 203 74 valeam,
736 1099 92 74 &
773 1099 222 74 notiores
939 1099 148 74 quam
1032 1099 111 74 vt
1087 1099 203 74 debeam.
1235 1099 222 74 Tertium,
1402 1099 185 74 eumque
1531 1099 111 74 ne
1587 1099 185 74 multis
1716 1099 166 74 agam,
1809 1099 166 74 postre¬-

267 1159 136 62 mum
344 1159 97 62 &
383 1159 174 62 tamen
499 1159 271 62 potissimum
712 1159 174 62 locum
828 1159 155 62 sibi
925 1159 252 62 vendicat,
1119 1159 213 62 ingrati
1274 1159 194 62 animi,
1409 1159 155 62 quae
1506 1159 136 62 vel
1584 1159 194 62 Persis
1719 1159 194 62 semper
1835 1159 136 62 odio¬-

272 1216 205 69 sissima
422 1216 168 69 labes
534 1216 168 69 fuit,
645 1216 168 69 etiam
757 1216 205 69 minimae
907 1216 187 69 notae,
1037 1216 168 69 fuga.
1149 1216 131 69 Tam
1224 1216 149 69 enim
1317 1216 243 69 frequenti
1504 1216 243 69 hospitio,
1690 1216 131 69 tam
1765 1216 187 69 humano
1877 1216 93 69 co¬-

267 1270 177 60 mique
385 1270 275 60 colloquio,
602 1270 98 60 &
641 1270 138 60 tam
720 1270 177 60 amico
838 1270 256 60 commercio
1035 1270 118 60 ab
1094 1270 197 60 Anglis
1231 1270 236 60 acceptus
1408 1270 295 60 dignatusque
1645 1270 157 60 sum,
1743 1270 118 60 vt
1802 1270 157 60 sine
1881 1270 98 60 im¬-

274 1327 215 71 memoris
430 1327 176 71 animi
547 1327 234 71 labecula
722 1327 215 71 diutius
878 1327 195 71 tacere
1015 1327 234 71 nequeam.
1190 1327 195 71 Abhinc
1327 1327 156 71 enim
1424 1327 293 71 quadraginta
1658 1327 195 71 annos,
1795 1327 117 71 si
1834 1327 137 71 iusto

277 1382 202 74 calculo
424 1382 257 74 supputaui,
626 1382 221 74 paternos
791 1382 184 74 primum
920 1382 221 74 egressus
1086 1382 184 74 lares,
1214 1382 129 74 cum
1288 1382 129 74 per
1361 1382 202 74 Angliam
1508 1382 257 74 Parrhisios
1711 1382 147 74 iter
1784 1382 184 74 facerem,

274 1436 182 63 tanta
395 1436 243 63 Anglorum
578 1436 284 63 humanitate
800 1436 243 63 retentus
983 1436 101 63 &
1023 1436 243 63 acceptus
1205 1436 162 63 sum,
1307 1436 122 63 vt
1367 1436 182 63 annum
1489 1436 243 63 integrum
1671 1436 122 63 in
1712 1436 263 63 celeberrimo

273 1495 305 71 Cantabrigiae
521 1495 210 71 musaeo,
673 1495 152 71 nunc
768 1495 210 71 Christi
921 1495 305 71 nomenclatura
1169 1495 286 71 illustrato,
1397 1495 172 71 prima
1512 1495 191 71 artium
1645 1495 210 71 bonarum
1778 1495 191 71 rudimen¬-

274 1549 112 59 ta
330 1549 260 59 acceperim:
535 1549 167 59 atque
646 1549 112 59 ex
702 1549 149 59 illo
795 1549 149 59 quum
888 1549 130 59 per
962 1549 149 59 mare
1055 1549 242 59 perpetuum
1241 1549 260 59 potuissem,
1446 1549 149 59 fere
1538 1549 130 59 per
1613 1549 204 59 Angliam
1743 1549 223 59 profectio¬-

268 1604 127 75 nem
340 1604 308 75 reditionemque
594 1604 217 75 fecerim:
757 1604 163 75 atque
865 1604 145 75 quod
956 1604 91 75 &
992 1604 199 75 recenti
1137 1604 199 75 memoria
1282 1604 163 75 teneo
1390 1604 290 75 perpetuaque,
1626 1604 127 75 dum
1698 1604 217 75 spiritus
1861 1604 127 75 hos
1916 1604 72 75 re

273 1667 128 65 get
346 1667 183 65 artus,
474 1667 202 65 tenebo,
621 1667 128 65 iam
694 1667 202 65 quartus
841 1667 183 65 agitur
969 1667 183 65 annus,
1097 1667 128 65 quo
1171 1667 147 65 tua.
1262 1667 183 65 Legate
1391 1667 165 65 longe
1501 1667 257 65 Reuerende,
1702 1667 220 65 maiestas
1849 1667 128 65 inter

279 1725 327 60 ecclesiasticas
551 1725 182 60 totius
678 1725 200 60 Angliae
823 1725 254 60 dignitates
1023 1725 254 60 amplissima
1223 1725 91 60 &
1259 1725 182 60 facile
1386 1725 236 60 princeps,
1568 1725 272 60 exiguitatem
1785 1725 145 60 meam
1858 1725 127 60 istac

275 1776 188 72 tursum
407 1776 150 72 iter
501 1776 225 72 habentem
670 1776 188 72 veteri
801 1776 319 72 Christianorum
1064 1776 319 72 hospitalitate
1327 1776 282 72 susceperit:
1553 1776 94 72 &
1590 1776 113 72 ad
1647 1776 263 72 literarium
1834 1776 132 72 gymna

273 1828 152 59 sium
368 1828 152 59 tunc
463 1828 247 59 recentius
654 1828 95 59 a
692 1828 247 59 magnifica
882 1828 305 59 beneficentia
1129 1828 133 59 tua
1206 1828 209 59 Oxoniae
1358 1828 286 59 institutum,
1586 1828 266 59 praesentia
1796 1828 95 59 &
1815 1828 171 59 doctri¬-

272 1888 112 71 na
328 1888 131 71 mea
403 1888 225 71 vtcunque
572 1888 318 71 illustrandum,
834 1888 187 71 oblata
965 1888 169 71 etiam
1077 1888 300 71 splendissima
1321 1888 225 71 mercede,
1489 1888 262 71 inuitarit:
1695 1888 169 71 verum
1808 1888 169 71 tanta
1901 1888 75 71 me

273 1944 195 65 tenuit
410 1944 195 65 matris
547 1944 137 65 iam
625 1944 156 65 meae
723 1944 313 65 Parrhisiorum
977 1944 274 65 academiae,
1192 1944 98 65 &
1231 1944 195 65 studii
1368 1944 235 65 sociorum
1544 1944 117 65 ac
1603 1944 254 65 coeptorum
1779 1944 195 65 librorum

284 1998 151 70 quos
378 1998 245 70 perficere
567 1998 283 70 affectabam,
793 1998 170 70 amor,
907 1998 113 70 vt
963 1998 170 70 vltro
1076 1998 208 70 oblatam
1227 1998 132 70 tam
1303 1998 434 70 honorificentissimam
1680 1998 283 70 conditionem
1888 1998 94 70 ac¬-

274 2058 191 67 cipere
408 2058 134 67 non
484 2058 249 67 potuerim:
676 2058 153 67 nunc
772 2058 191 67 igitur
906 2058 115 67 ne
963 2058 211 67 penitus
1116 2058 211 67 immemor
1270 2058 172 67 tanti
1384 2058 191 67 arguar
1518 2058 268 67 beneficii,
1729 2058 96 67 &
1767 2058 115 67 vt
1825 2058 134 67 tot
1882 2058 96 67 an¬-

274 2108 124 74 nos
345 2108 142 74 quod
434 2108 283 74 parturiuerim
664 2108 230 74 aliquando
841 2108 195 74 pariam,
983 2108 142 74 tibi
1071 2108 142 74 tali
1160 2108 213 74 tantoque
1320 2108 106 74 in
1373 2108 301 74 ecclesiastico
1621 2108 177 74 ordine
1745 2108 230 74 principi,
1904 2108 71 74 ac

278 2164 328 69 theologorum,
544 2164 164 69 immo
647 2164 308 69 literatorum
893 2164 205 69 omnium
1036 2164 287 69 Mecoenati,
1262 2164 308 69 Aristotelis
1508 2164 287 69 complurium
1733 2164 226 69 iudicio
1877 2164 103 69 phi

275 2221 277 74 losophorum
493 2221 277 74 principis,
711 2221 237 74 moralium
889 2221 297 74 traditionum
1126 2221 158 74 opus
1225 2221 336 74 laudatissimum
1502 2221 158 74 meis
1601 2221 237 74 vtcunque
1759 2221 218 74 expositum

285 2282 275 67 commentariis
508 2282 86 67 &
543 2282 138 67 dico
629 2282 86 67 &
663 2282 189 67 dedico.
801 2282 172 67 Quippe
921 2282 103 67 in
973 2282 120 67 quo
1041 2282 172 67 opere,
1162 2282 103 67 vt
1213 2282 103 67 in
1265 2282 206 67 reliquis
1420 2282 172 67 alios,
1540 2282 120 67 ita
1609 2282 155 67 sese,
1712 2282 103 67 id
1764 2282 120 67 est
1815 2282 155 67 naturae

276 2332 161 67 vires
383 2332 232 67 superasse
562 2332 161 67 visus
670 2332 143 67 est:
759 2332 125 67 nam
830 2332 107 67 in
884 2332 197 67 omnibus
1027 2332 143 67 fere
1117 2332 268 67 sententiis,
1331 2332 125 67 cum
1403 2332 286 67 syncerissima
1635 2332 250 67 catholicae
1832 2332 107 67 ac
1868 2332 107 67 vere

277 2387 289 68 Christianae
508 2387 308 68 persuasionis
758 2387 289 68 integritate
990 2387 270 68 concordat.
1201 2387 212 68 Liberum
1356 2387 154 68 enim
1452 2387 212 68 hominis
1606 2387 250 68 arbitrium
1779 2387 193 68 constan¬-

279 2444 130 65 ter
354 2444 223 65 asserit.
521 2444 167 65 Manum
632 2444 148 65 sibi
725 2444 204 65 inferre
873 2444 111 65 ac
929 2444 167 65 necem
1040 2444 278 65 consciscere
1263 2444 111 65 ob
1319 2444 167 65 rerum
1430 2444 223 65 tristium
1597 2444 297 65 deuitationem
1838 2444 130 65 non
1894 2444 74 65 ve

277 2501 112 75 re
333 2501 187 75 fortis
465 2501 187 75 animi,
596 2501 131 75 sed
670 2501 187 75 potius
802 2501 262 75 meticulosi
1007 2501 262 75 grauissime
1213 2501 225 75 definit.
1382 2501 262 75 Voluptatem
1588 2501 225 75 honestam
1756 2501 94 75 &
1794 2501 169 75 bonis
1887 2501 94 75 ex¬-

292 2556 235 79 petibilem
473 2556 91 79 a
509 2556 290 79 spurcissimis
745 2556 254 79 illecebris
944 2556 145 79 quas
1034 2556 181 79 Turcae
1161 2556 145 79 sibi
1252 2556 254 79 proponunt,
1451 2556 235 79 seiungit.
1632 2556 272 79 Felicitatem
1831 2556 145 79 homini

278 2619 115 66 in
335 2619 134 66 hac
412 2619 153 66 vita
508 2619 307 66 contingentem
757 2619 115 66 in
814 2619 268 66 heroicarum
1025 2619 230 66 virtutum
1197 2619 268 66 operatione
1408 2619 287 66 constituit:
1638 2619 287 66 duplicemque
1849 2619 134 66 vitam

276 2671 94 64 &
314 2671 226 64 vtramque
483 2671 282 64 laudabilem,
709 2671 207 64 actiuam
859 2671 150 64 dico
953 2671 94 64 &
991 2671 357 64 contemplatiuam,
1292 2671 207 64 ludaeis
1442 2671 150 64 olim
1537 2671 113 64 in
1593 2671 207 64 Rachele
1743 2671 94 64 &
1781 2671 150 64 Lya,
1856 2671 132 64 nobis

270 2726 144 67 nunc
360 2726 162 67 etiam
468 2726 108 67 in
522 2726 180 67 Martha
648 2726 90 67 &
684 2726 234 67 Magdalena
865 2726 234 67 sororibus
1045 2726 252 67 figuratam,
1243 2726 144 67 miro
1333 2726 198 67 iudicio
1477 2726 288 67 prosequitur:
1712 2726 126 67 nam
1784 2726 144 67 hanc
1856 2726 126 67 etiam

280 2784 221 66 superis,
445 2784 166 66 illam
556 2784 184 66 tantum
685 2784 258 66 mortalibus
888 2784 276 66 accommodat.
1109 2784 203 66 Denique
1256 2784 111 66 in
1312 2784 166 66 tanto
1422 2784 92 66 &
1459 2784 129 66 tam
1533 2784 240 66 multiiugo
1717 2784 166 66 opere
1828 2784 129 66 vix
1883 2784 92 66 pla

284 2838 164 61 citum
393 2838 146 61 vnum
484 2838 255 61 Christiano
685 2838 182 61 homine
812 2838 237 61 indignum,
994 2838 109 61 si
1049 2838 109 61 vt
1104 2838 91 61 a
1140 2838 164 61 nobis
1249 2838 255 61 explanatum
1450 2838 146 61 est,
1541 2838 219 61 legatur:
1705 2838 237 61 offendas.
1869 2838 109 61 Pro¬-

278 2899 171 70 inde,
392 2899 171 70 Pater
506 2899 418 70 magnificentissime,
867 2899 114 70 vt
924 2899 133 70 qua
1000 2899 266 70 humanitate
1208 2899 95 70 &
1246 2899 304 70 beneuolentia
1493 2899 114 70 me
1550 2899 171 70 nuper
1664 2899 285 70 suscepisti,
1873 2899 114 70 hanc

280 2958 170 61 nouam
393 2958 245 61 foeturam,
582 2958 151 61 tuae
676 2958 245 61 dignitati
865 2958 170 61 etiam
978 2958 113 61 si
1035 2958 170 61 longe
1148 2958 170 61 (quod
1261 2958 208 61 vellem)
1412 2958 189 61 melior
1544 2958 170 61 esset
1657 2958 170 61 multo
1770 2958 151 61 ante
1846 2958 132 61 debi¬-

281 3014 137 64 tam
360 3014 98 64 &
399 3014 157 64 nunc
497 3014 118 64 ex
556 3014 177 64 animo
674 3014 235 64 dicatam,
850 3014 235 64 accipias
1027 3014 235 64 rogamus.
1203 3014 177 64 Vale.
1321 3014 118 64 Ex
1380 3014 235 64 collegio
1556 3014 255 64 literario
1733 3014 255 64 Montisacuti

277 3063 123 82 in
338 3063 328 82 Patrhisiorum
604 3063 246 82 gymnasio
789 3063 123 82 ad
850 3063 246 82 Calendas
1035 3063 225 82 lunias.
1199 3063 123 82 M.
1260 3063 123 82 D.
1301 3063 123 82 XXX.
