2387 3601
221 282 81 87 ⁋
253 282 194 87 Sequitur
399 282 178 87 litera,
529 282 178 87 secunda
658 282 211 87 conclusio
820 282 146 87 huius
918 282 178 87 capitis
1047 282 130 87 quae
1128 282 113 87 est
1193 282 146 87 haec.
1290 282 211 87 Fortitudo
1452 282 146 87 circa
1550 282 276 87 intempestiuae
1760 282 130 87 mortis

220 359 241 53 discrimina
409 359 206 53 insudat,
564 359 138 53 sane
650 359 138 53 viro
736 359 155 53 forti
839 359 172 53 nullus
959 359 189 53 malorum
1097 359 258 53 tolerantior
1303 359 138 53 est:
1389 359 327 53 Terribilissimum
1664 359 155 53 autem
1750 359 138 53 omnium

215 410 192 56 malorum
354 410 227 56 insperata
529 410 140 56 mors
616 410 140 56 est:
703 410 157 56 omnes
808 410 140 56 enim
895 410 105 56 ob
947 410 157 56 ipsum
1052 410 244 56 terrentur,
1244 410 122 56 est
1313 410 140 56 enim
1401 410 157 56 vitae
1505 410 262 56 nouissimum:
1715 410 140 56 post
1784 410 105 56 mor¬-

220 451 123 55 tem
291 451 140 55 enim
378 451 175 55 homini
501 451 123 55 aut
571 451 158 55 bonum
676 451 123 55 aut
746 451 158 55 malum
851 451 158 55 nihil
956 451 140 55 esse
1043 451 210 55 videtur.
1201 451 88 55 ⁋
1236 451 210 55 Sequitur
1394 451 175 55 tertia
1516 451 245 55 conclusio.
1709 451 123 55 Non
1761 451 123 55 circa

215 497 134 54 omne
299 497 150 54 genus
399 497 184 54 mortis,
533 497 201 54 sedcirca
683 497 117 54 eam
750 497 134 54 quae
834 497 117 54 est
901 497 100 54 in
951 497 167 54 bello,
1068 497 167 54 fortis
1185 497 184 54 dicitur
1319 497 150 54 esse.
1419 497 117 54 Nam
1486 497 117 54 non
1553 497 267 54 appellabitur
1753 497 134 54 fortis

223 540 153 57 circa
325 540 170 57 mortem
444 540 102 57 in
495 540 221 57 naufragio
664 540 170 57 quando
783 540 153 57 nauis
885 540 119 57 est
953 540 85 57 a
987 540 204 57 scopulis
1139 540 238 57 semilacera
1326 540 119 57 aut
1394 540 187 57 fracta:
1530 540 119 57 aut
1598 540 102 57 si
1648 540 153 57 morbo
1750 540 102 57 in
1784 540 119 57 lecto

226 590 229 54 decumbat,
402 590 141 54 bene
490 590 264 54 confidendo:
701 590 141 54 quia
789 590 123 54 hoc
859 590 123 54 non
930 590 123 54 est
1000 590 176 54 multum
1123 590 229 54 gloriosum
1299 590 123 54 cum
1369 590 193 54 euadere
1510 590 211 54 nequeat:
1668 590 123 54 sed
1739 590 123 54 vit
1791 590 106 54 for¬-

219 637 120 59 tis
287 637 120 59 est
356 637 154 59 circa
458 637 307 59 elegantissimam
714 637 188 59 mortem:
851 637 154 59 talis
953 637 154 59 autem
1056 637 102 59 ea
1107 637 137 59 quae
1193 637 120 59 est
1261 637 102 59 in
1312 637 154 59 bello
1415 637 102 59 in
1466 637 171 59 maximo
1586 637 85 59 &
1620 637 256 59 pulcherrimo
1808 637 85 59 pe¬-

222 683 179 61 riculo.
352 683 131 61 Quod
434 683 212 61 testantur
597 683 179 61 honores
727 683 131 61 tuma
809 683 261 61 ciuitatibus,
1021 683 114 61 tum
1086 683 82 61 a
1119 683 179 61 regibus
1249 683 212 61 instituti
1413 683 147 61 illis
1510 683 114 61 qui
1576 683 147 61 talia
1674 683 196 61 pericula
1804 683 98 61 glo¬-

213 727 151 65 riose
314 727 286 65 aggrediuntur.
549 727 134 65 Post
633 727 134 65 haec
717 727 134 65 viri
801 727 168 65 fortis
919 727 286 65 diffinitionem
1154 727 151 65 ponit
1255 727 218 65 inquiens.
1423 727 134 65 homo
1507 727 168 65 fortis
1624 727 185 65 proprie
1742 727 151 65 dicitur

227 775 111 56 qui
291 775 143 56 circa
386 775 191 56 honestam
529 775 159 56 mortem
640 775 79 56 &
672 775 95 56 ea
720 775 143 56 omnia
815 775 127 56 quae
894 775 175 56 repente
1021 775 238 56 contingunt,
1212 775 191 56 ipsamque
1355 775 207 56 afferunt,
1514 775 222 56 interritus
1689 775 127 56 est:
1768 775 111 56 hoc
1816 775 79 56 est

220 818 300 67 imperterritus.
471 818 100 67 Si
521 818 134 67 homo
604 818 234 67 terribilia
788 818 184 67 repente
921 818 217 67 venientia
1088 818 217 67 sustinet,
1255 818 100 67 in
1305 818 117 67 hoc
1372 818 134 67 eius
1455 818 217 67 fortitudo
1622 818 217 67 splendet.
1772 818 134 67 huius¬-

220 865 137 63 modi
305 865 154 63 autem
408 865 137 63 sunt
494 865 103 63 ea
545 865 137 63 quae
630 865 103 63 in
682 865 154 63 bello
784 865 222 63 emergunt:
955 865 103 63 Et
1007 865 103 63 in
1058 865 154 63 mari,
1161 865 86 63 &
1195 865 103 63 in
1246 865 171 63 morbo,
1366 865 171 63 timor,
1486 865 205 63 secundum
1639 865 137 63 quod
1725 865 154 63 ratio
1810 865 86 63 ef¬-

221 912 214 64 flagitat,
385 912 164 64 vacat:
500 912 115 64 non
566 912 148 64 tamen
664 912 131 64 sunt
746 912 181 64 propter
878 912 197 64 peritiam
1025 912 214 64 nauigandi
1190 912 164 64 securi
1305 912 99 64 vt
1354 912 181 64 nautae:
1485 912 115 64 sed
1551 912 164 64 fortes
1666 912 99 64 de
1715 912 115 64 sua
1765 912 131 64 salute

227 962 252 58 desperantes,
432 962 126 58 tale
510 962 142 58 genus
605 962 157 58 mortis
715 962 173 58 moleste
841 962 173 58 ferunt,
966 962 220 58 praeligunt
1139 962 94 58 in
1186 962 142 58 bello
1281 962 157 58 mortem
1391 962 204 58 oppetere.
1548 962 204 58 Pontiuagi
1705 962 126 58 enim
1768 962 126 58 nautae

226 1008 99 51 ob
276 1008 133 51 spem
359 1008 199 51 euadendi
508 1008 133 51 bene
591 1008 199 51 sperant,
740 1008 99 51 ac
790 1008 116 51 ego
856 1008 249 51 confidenter
1055 1008 116 51 cum
1121 1008 83 51 a
1154 1008 166 51 magnis
1270 1008 166 51 oceani
1386 1008 215 51 fiuctibus
1552 1008 182 51 pluries
1685 1008 133 51 mare
1751 1008 149 51 sulcan¬-

224 1062 103 52 do
275 1062 172 52 euasi,
396 1062 155 52 ratus
499 1062 120 52 sum
568 1062 275 52 consequenter
791 1062 103 52 me
843 1062 138 52 tunc
929 1062 172 52 quoque
1049 1062 223 52 euasurum,
1221 1062 86 52 &
1255 1062 155 52 metum
1358 1062 292 52 praeconceptum
1599 1062 206 52 seposui.
1736 1062 155 52 Insuper

220 1106 154 50 fortes
328 1106 200 50 viriliter
482 1106 139 50 agunt
574 1106 93 50 in
620 1106 154 50 quibus
728 1106 139 50 vires
821 1106 154 50 habent
929 1106 154 50 locum,
1037 1106 77 50 &
1068 1106 185 50 honestae
1206 1106 154 50 mortis
1314 1106 200 50 praebetur
1468 1106 185 50 occasio:
1607 1106 154 50 quorum
1715 1106 170 50 neutrum
1838 1106 93 50 in

220 1147 156 61 hmodoi
329 1147 156 61 mortis
438 1147 156 61 genere
547 1147 187 61 existit.
688 1147 125 61 puta
765 1147 109 61 nec
828 1147 187 61 exercere
968 1147 156 61 vires,
1077 1147 109 61 nec
1139 1147 187 61 pulchrum
1279 1147 109 61 est
1341 1147 93 61 in
1388 1147 125 61 tali
1466 1147 125 61 casu
1544 1147 156 61 mortem
1653 1147 202 61 oppetere.
1793 1147 109 61 Dicit

237 1196 195 58 viriliter
387 1196 75 58 &
417 1196 180 58 fortiter
552 1196 150 58 agunt:
657 1196 90 58 in
702 1196 150 58 quibus
807 1196 135 58 vires
897 1196 150 58 habent
1002 1196 135 58 locum
1092 1196 165 58 propter
1212 1196 150 58 bellum
1317 1196 180 58 commune:
1452 1196 135 58 addit
1542 1196 135 58 aliam
1632 1196 210 58 particulam
1797 1196 90 58 ad
1827 1196 75 58 So¬-

233 1240 143 65 cratem
333 1240 100 65 qui
390 1240 114 65 potu
461 1240 157 65 cicutae
575 1240 185 65 propterea
718 1240 114 65 quod
789 1240 214 65 praedicabat
960 1240 100 65 dei
1017 1240 171 65 vnitatem
1146 1240 143 65 passus
1246 1240 114 65 est:
1317 1240 100 65 aut
1374 1240 171 65 honestum
1503 1240 100 65 est
1560 1240 114 65 mori
1631 1240 143 65 quorum
1731 1240 157 65 neutrum
1845 1240 86 65 in

224 1287 121 56 tali
299 1287 151 56 genere
405 1287 151 56 mortis
510 1287 181 56 putatur.
646 1287 136 56 Neque
736 1287 121 56 enim
811 1287 105 56 est
872 1287 151 56 multum
977 1287 166 56 decorum
1098 1287 90 56 in
1143 1287 136 56 aquis
1233 1287 121 56 mori
1309 1287 105 56 nec
1369 1287 136 56 illic
1459 1287 136 56 vires
1550 1287 136 56 locum
1640 1287 196 56 vendicant
1775 1287 121 56 vllum.

231 1332 74 63 ⁋
261 1332 191 63 Dubitatur
408 1332 103 63 hic
467 1332 132 63 primo
555 1332 88 63 de
599 1332 177 63 veritate
731 1332 162 63 illius.
849 1332 132 63 Nihil
937 1332 162 63 videtur
1055 1332 132 63 bonum
1143 1332 103 63 aut
1202 1332 132 63 malum
1290 1332 118 63 post
1364 1332 162 63 mortem:
1482 1332 162 63 videtur
1599 1332 118 63 enim
1673 1332 118 63 quod
1746 1332 132 63 velit
1835 1332 103 63 di¬
1879 1332 44 63 I

228 1389 117 54 cere
301 1389 146 54 animam
404 1389 117 54 esse
477 1389 190 54 mortalem.
623 1389 73 54 ⁋
652 1389 161 54 Secundo
769 1389 205 54 dubitatur,
930 1389 161 54 quomodo
1046 1389 102 54 hic
1105 1389 146 54 bellum
1207 1389 175 54 capitur,
1339 1389 88 54 an
1382 1389 205 54 requiratur
1543 1389 263 54 contrapugnatio
1762 1389 175 54 viribus,
1879 1389 44 54 t

223 1431 131 51 sicut
311 1431 87 51 in
354 1431 145 51 litera
456 1431 160 51 innuere
572 1431 174 51 videtur:
703 1431 116 51 quia
775 1431 87 51 si
819 1431 116 51 sic,
891 1431 174 51 Socrates
1022 1431 73 51 &
1051 1431 174 51 martyres
1182 1431 102 51 qui
1240 1431 145 51 mortem
1341 1431 102 51 per
1399 1431 116 51 fide
1472 1431 203 51 tolerarunt
1632 1431 102 51 non
1690 1431 131 51 erant
1762 1431 131 51 fortes.

236 1477 78 53 ⁋
268 1477 202 53 Dubitatur
423 1477 171 53 tertio,
548 1477 93 53 an
595 1477 202 53 fortitudo
750 1477 109 53 sit
813 1477 109 53 vna
875 1477 156 53 virtus
984 1477 171 53 specie.
1109 1477 78 53 ⁋
1140 1477 156 53 Quarto
1249 1477 218 53 dubitatur,
1420 1477 93 53 an
1467 1477 218 53 requiratur
1638 1477 125 53 mors
1716 1477 93 53 ad
1747 1477 156 53 fortitu¬-

228 1528 142 56 dinis
323 1528 158 56 actum.
434 1528 79 56 ⁋
466 1528 237 56 Respondetur
656 1528 95 56 ad
703 1528 174 56 primum,
830 1528 127 56 quod
909 1528 253 56 Aristoteles,
1115 1528 190 56 Tullius,
1257 1528 79 56 &
1289 1528 127 56 bene
1368 1528 285 56 philosophantes
1605 1528 95 56 in
1653 1528 158 56 lumine
1748 1528 174 56 naturali.

232 1573 160 56 animam
344 1573 176 56 hominis
472 1573 224 56 immortalem
648 1573 176 56 ponunt,
776 1573 144 56 licet
872 1573 208 56 vulgarium
1032 1573 160 56 aliqui
1144 1573 112 56 cum
1208 1573 208 56 nonnullis
1368 1573 192 56 obscuris
1512 1573 240 56 philosophis
1704 1573 160 56 aliter
1800 1573 96 56 opi¬-

222 1618 123 48 nati
298 1618 138 48 sint:
390 1618 199 48 propterea
544 1618 230 48 Aristoteles
728 1618 169 48 addidit
851 1618 169 48 caudam,
973 1618 184 48 videtur.
1112 1618 153 48 tertio
1219 1618 92 48 de
1265 1618 153 48 anima,
1372 1618 107 48 cum
1434 1618 92 48 de
1480 1618 92 48 ea
1526 1618 92 48 in
1572 1618 230 48 particulari
1741 1618 153 48 loquitur

221 1661 301 53 suamsopinionem
472 1661 150 53 circa
572 1661 134 53 hanc
656 1661 201 53 materiam
806 1661 167 53 ponit.
923 1661 150 53 Circa
1024 1661 134 53 quam
1107 1661 201 53 materiam
1258 1661 184 53 Tullius
1391 1661 100 53 in
1442 1661 100 53 de
1492 1661 234 53 Senectute.
1659 1661 234 53 Pythagoricos

225 1706 229 56 Socratem,
401 1706 229 56 Platonem,
577 1706 264 56 Tenophonte,
788 1706 88 56 &
823 1706 123 56 eos
894 1706 158 56 omnes
999 1706 123 56 qui
1070 1706 211 56 generose
1228 1706 281 56 philosophati
1456 1706 141 56 sunt
1544 1706 211 56 adducit.
1703 1706 193 56 secundo
1826 1706 70 56 ad

239 1754 260 52 Aristotelem
447 1754 139 52 dico
534 1754 139 52 quod
620 1754 104 52 de
672 1754 139 52 loco
759 1754 226 52 composito
933 1754 208 52 loquutus
1089 1754 139 52 est.
1175 1754 104 52 In
1227 1754 173 52 mortem
1349 1754 139 52 enim
1436 1754 139 52 tota
1522 1754 191 52 compago
1661 1754 226 52 soluitur,
1817 1754 87 52 qua

231 1804 159 56 soluta
342 1804 127 56 bona
422 1804 207 56 fortunae,
581 1804 191 56 coniunx,
724 1804 175 56 liberi,
852 1804 95 56 ac
899 1804 175 56 reliqua
1027 1804 223 56 abolentur.
1202 1804 159 56 opinor
1313 1804 127 56 quod
1393 1804 286 56 resurrectionem
1631 1804 223 56 ignorasse:
1807 1804 80 56 &
1822 1804 80 56 ita

231 1848 279 53 Pythagoram,
454 1848 241 53 Socratem,
640 1848 241 53 Platonem,
826 1848 130 53 cum
900 1848 260 53 Tenophonte
1104 1848 204 53 bonorum
1253 1848 186 53 animas
1383 1848 111 53 in
1439 1848 204 53 Elisiis
1587 1848 186 53 campis
1717 1848 130 53 vel
1773 1848 130 53 amoe¬-

227 1901 205 50 nissimis
381 1901 154 50 locis
483 1901 86 50 a
518 1901 120 50 deo
586 1901 239 50 manuteneri
774 1901 222 50 credebant
945 1901 154 50 multo
1048 1901 222 50 sublimius
1219 1901 137 50 quam
1304 1901 120 50 nos
1373 1901 103 50 de
1424 1901 205 50 animabus
1578 1901 239 50 paruulorum
1766 1901 103 50 in
1800 1901 103 50 ori¬-

227 1938 169 66 ginali
345 1938 270 66 decedentibus
565 1938 186 66 dixere.
700 1938 118 66 Aut
768 1938 236 66 potissimum
953 1938 135 66 dico
1038 1938 118 66 eum
1105 1938 186 66 locutum
1240 1938 101 66 de
1291 1938 236 66 felicitate
1477 1938 84 66 &
1511 1938 270 66 infelicitate
1730 1938 152 66 huius
1815 1938 84 66 vi¬-

227 1994 137 50 tae,
313 1994 137 50 quae
399 1994 137 50 quia
484 1994 137 50 mors
570 1994 172 50 vltima
690 1994 155 50 linea
793 1994 155 50 rerum
896 1994 189 50 finitur
1034 1994 120 50 hac
1102 1994 155 50 vita:
1205 1994 86 50 &
1240 1994 120 50 ita
1308 1994 103 50 ad
1360 1994 189 50 mortuum
1497 1994 120 50 non
1566 1994 223 50 pertinent
1738 1994 137 50 bona
1806 1994 86 50 aut

234 2034 128 52 mala
314 2034 144 52 huius
410 2034 144 52 vitae
506 2034 112 52 pro
570 2034 224 52 felicitate
746 2034 112 52 aut
810 2034 256 52 infelicitate
1018 2034 96 52 in
1066 2034 96 52 ea
1113 2034 192 52 habenda,
1257 2034 112 52 sed
1321 2034 128 52 bene
1401 2034 176 52 quantum
1529 2034 96 52 ad
1577 2034 160 52 statum
1689 2034 144 52 vitae
1769 2034 128 52 aeter¬-

235 2083 131 54 nae:
317 2083 148 54 opera
415 2083 131 54 enim
497 2083 180 54 illorum
628 2083 213 54 sequuntur
792 2083 164 54 illos.
907 2083 131 54 Haec
989 2083 131 54 fuit
1071 2083 279 54 philosophorum
1301 2083 164 54 opinio
1415 2083 164 54 natura
1530 2083 131 54 duce
1612 2083 197 54 perbelle
1743 2083 148 54 instru¬-

235 2127 189 54 ctorum.
372 2127 86 54 ⁋
407 2127 103 54 Ad
458 2127 206 54 secundum
613 2127 275 54 respondetur,
836 2127 172 54 bellum
956 2127 103 54 in
1008 2127 223 54 proposito
1180 2127 189 54 capitur
1317 2127 120 54 pro
1386 2127 155 54 pugna
1489 2127 120 54 aut
1557 2127 189 54 praelio
1695 2127 155 54 sicut
1781 2127 120 54 satis

227 2179 237 50 communiter
413 2179 203 50 capitur,
565 2179 85 50 &
599 2179 118 50 non
667 2179 118 50 pro
734 2179 135 50 toto
819 2179 186 50 tempore
954 2179 118 50 quo
1022 2179 186 50 homines
1157 2179 135 50 sunt
1242 2179 101 50 in
1292 2179 203 50 militia.
1444 2179 101 50 Et
1495 2179 118 50 sic
1563 2179 169 50 quoque
1681 2179 203 50 bifariam
1816 2179 85 50 ac¬-

230 2221 213 51 cipitur.
390 2221 124 51 Vno
461 2221 142 51 modo
549 2221 177 51 quando
674 2221 124 51 est
744 2221 319 51 contrapugnatio
1010 2221 213 51 hominum.
1170 2221 142 51 Alio
1259 2221 142 51 modo
1347 2221 177 51 quando
1471 2221 124 51 non
1542 2221 301 51 derelinquitur
1773 2221 124 51 actus

233 2266 159 66 bonus,
344 2266 111 66 non
408 2266 191 66 obstante
551 2266 159 66 mortis
662 2266 238 66 discrimine:
853 2266 127 66 puta
932 2266 111 66 nec
996 2266 238 66 committitur
1186 2266 143 66 turpe
1282 2266 111 66 nec
1345 2266 238 66 committitur
1536 2266 191 66 honestum
1679 2266 95 66 ob
1710 2266 191 66 imminentem

234 2314 164 58 necem,
348 2314 98 58 vt
397 2314 98 58 in
446 2314 245 58 martyribus.
643 2314 213 58 Fortitudo
806 2314 164 58 virtus
921 2314 115 58 est
986 2314 98 58 in
1036 2314 164 58 maximo
1150 2314 82 58 &
1183 2314 164 58 optimo
1297 2314 196 58 periculo
1445 2314 196 58 secundum
1592 2314 262 58 philosophum.
1788 2314 115 58 Prae¬-

232 2367 146 59 clarum
334 2367 102 59 est
393 2367 117 59 sane
466 2367 117 59 pero
539 2367 175 59 iustitia
670 2367 73 59 &
699 2367 117 59 fide
772 2367 189 59 instanter
917 2367 87 59 ad
961 2367 146 59 mortem
1063 2367 131 59 vsque
1151 2367 146 59 stare:
1253 2367 131 59 quare
1340 2367 175 59 martyres
1471 2367 87 59 in
1515 2367 131 59 apice
1602 2367 233 59 fortitudinis
1777 2367 117 59 cardi¬-

237 2415 146 50 nalis
334 2415 211 50 existunt.
497 2415 114 50 Sic
562 2415 163 50 Marcus
676 2415 179 50 Regulus
806 2415 81 50 a
838 2415 163 50 Poenis
952 2415 244 50 interemptus
1147 2415 130 50 erat
1228 2415 179 50 fortis.
1359 2415 114 50 Nec
1424 2415 114 50 est
1489 2415 98 50 de
1537 2415 179 50 ratione
1651 2415 244 50 fortitudinis,

230 2456 115 63 quod
302 2456 101 63 per
359 2456 130 63 sugam
445 2456 86 63 se
489 2456 158 63 seruare
604 2456 158 63 possit.
719 2456 130 63 Patet
805 2456 86 63 de
848 2456 115 63 illo
920 2456 101 63 qui
978 2456 86 63 in
1021 2456 130 63 cuneo
1107 2456 158 63 hostium
1223 2456 230 63 circunuentus
1410 2456 201 63 occiditur.
1568 2456 101 63 Hoc
1626 2456 201 63 praenotato
1769 2456 130 63 respon¬-

232 2508 149 50 detur,
336 2508 119 50 quod
411 2508 149 50 bellum
515 2508 164 50 capitur
634 2508 164 50 secundo
753 2508 119 50 modo
827 2508 89 50 ab
872 2508 223 50 Aristotele.
1050 2508 193 50 Probatur,
1199 2508 119 50 quia
1273 2508 223 50 Aristoteles
1452 2508 134 50 dicit
1541 2508 238 50 fortitudinem
1734 2508 119 50 esse
1794 2508 104 50 circa

231 2555 160 49 mortem
343 2555 272 49 pulcherrimam:
567 2555 80 49 &
599 2555 144 49 talem
696 2555 144 49 dicit
792 2555 128 49 esse
872 2555 96 49 in
920 2555 160 49 bello.
1032 2555 96 49 In
1080 2555 160 49 maximo
1192 2555 160 49 namque
1304 2555 112 49 fit
1368 2555 80 49 &
1400 2555 240 49 pulcherrimo
1593 2555 208 49 periculo.
1753 2555 128 49 Sane
1817 2555 80 49 mar

238 2598 133 57 tyres
327 2598 192 57 corporeis
475 2598 163 57 viribus
593 2598 104 57 non
652 2598 281 57 contrapugnantes
889 2598 192 57 steterunt
1037 2598 89 57 in
1082 2598 133 57 pugna
1170 2598 252 57 terribiliori,
1377 2598 118 57 quam
1451 2598 296 57 contropugnantes.
1703 2598 104 57 Nam
1762 2598 118 57 puer
1821 2598 89 57 fide

229 2642 80 55 &
261 2642 193 55 iustitia
406 2642 161 55 mortem
518 2642 209 55 obierunt:
679 2642 177 55 proinde
807 2642 161 55 Marcus
919 2642 193 55 Attilius
1064 2642 177 55 Regulus
1192 2642 80 55 a
1225 2642 161 55 Tullio
1337 2642 161 55 tertio
1449 2642 241 55 Officiorum,
1642 2642 96 55 in
1690 2642 177 55 materia
1803 2642 96 55 for¬-

235 2689 209 50 titudinis
395 2689 160 50 maxime
508 2689 193 50 effertur
652 2689 144 50 inter
749 2689 177 50 fortes.
877 2689 96 50 Et
925 2689 112 50 non
989 2689 144 50 minus
1086 2689 209 50 laudandus
1246 2689 112 50 est
1310 2689 193 50 Socrates
1455 2689 112 50 aut
1519 2689 144 50 alius
1615 2689 193 50 quispiam
1744 2689 160 50 philoso¬-

244 2735 149 61 phorum
348 2735 149 61 mortem
452 2735 164 61 patiens
571 2735 134 61 puero
661 2735 104 61 dei
720 2735 178 61 vnitate.
854 2735 253 61 Contrapugnans
1062 2735 164 61 calefit
1181 2735 74 61 &
1211 2735 134 61 minus
1300 2735 164 61 metuit:
1419 2735 178 61 habetque
1553 2735 119 61 spem
1627 2735 178 61 euadendi
1746 2735 149 61 saepius.

234 2782 78 58 &
266 2782 156 58 gaudet
375 2782 156 58 nocere
484 2782 250 58 corporaliter
687 2782 156 58 hosti.
796 2782 141 58 Illud
890 2782 109 58 non
953 2782 203 58 contingit
1109 2782 94 58 in
1156 2782 187 58 patiente
1296 2782 219 58 martyrium:
1468 2782 125 58 ergo
1546 2782 187 58 martyres
1686 2782 141 58 erant
1764 2782 141 58 heroice

227 2832 172 55 fortes,
352 2832 78 55 &
384 2832 94 55 in
430 2832 297 55 excellentissimo
680 2832 250 55 fortitudinis
883 2832 156 55 gradu:
992 2832 125 55 ergo
1071 2832 109 55 hic
1133 2832 109 55 non
1195 2832 172 55 capitur
1320 2832 156 55 bellum
1430 2832 141 55 primo
1523 2832 141 55 modo.
1617 2832 156 55 Martyr
1726 2832 78 55 &
1757 2832 94 55 si
1789 2832 109 55 verbo

229 2876 74 58 &
259 2876 178 58 ratione.
392 2876 148 58 contra
496 2876 148 58 hostem
600 2876 163 58 pugnat.
719 2876 148 58 Morbus
822 2876 163 58 insuper
941 2876 89 58 in
986 2876 148 58 pabulo
1089 2876 104 58 est
1149 2876 163 58 hostis,
1267 2876 74 58 &
1297 2876 163 58 patiens
1416 2876 193 58 sustinens
1564 2876 104 58 est
1623 2876 148 58 fortis
1727 2876 89 58 si
1757 2876 148 58 apparen¬-

236 2919 105 60 ter
296 2919 150 60 semper
401 2919 75 60 &
431 2919 240 60 probabiliter
627 2919 225 60 expectatur.
807 2919 105 60 Cum
867 2919 195 60 vehementi
1017 2919 210 60 affectione
1183 2919 135 60 citra
1273 2919 255 60 aestimationem
1483 2919 150 60 mortis
1588 2919 270 60 placabilitatem
1799 2919 105 60 animi

228 2971 166 58 tenere,
349 2971 106 58 est
409 2971 211 58 secundario
575 2971 166 58 fortis,
696 2971 106 58 hoc
756 2971 106 58 est
817 2971 227 58 affinitatem
998 2971 106 58 cum
1058 2971 136 58 forti
1149 2971 151 58 magnam
1255 2971 151 58 habet.
1360 2971 196 58 Periculum
1511 2971 91 58 in
1557 2971 166 58 marinis
1678 2971 151 58 vndis,
1783 2971 106 58 non
1829 2971 76 58 est

232 3011 148 64 atrox:
336 3011 163 64 leuiter
454 3011 119 64 enim
528 3011 133 64 illic
617 3011 119 64 homo
691 3011 148 64 mortem
795 3011 193 64 sustinet.
943 3011 148 64 Acerba
1047 3011 148 64 quoque
1151 3011 104 64 est
1210 3011 193 64 afflictio
1358 3011 89 64 in
1402 3011 193 64 nephrisi,
1551 3011 119 64 quae
1625 3011 104 64 est
1684 3011 148 64 saeuus
1773 3011 133 64 hostis,

229 3065 107 54 cui
290 3065 92 54 si
336 3065 184 54 gratiose
473 3065 199 54 renititur
626 3065 107 54 cum
688 3065 138 54 animi
779 3065 260 54 placabilitate
994 3065 214 54 apparenter
1162 3065 107 54 est
1223 3065 168 54 fortis.
1345 3065 92 54 Ob
1391 3065 184 54 Martinum
1529 3065 199 54 magistrum
1682 3065 122 54 haec
1743 3065 153 54 paululum

236 3111 199 57 prolixius
389 3111 261 57 explanauimus.
604 3111 77 57 ⁋
634 3111 153 57 Contra
742 3111 107 57 hoc
803 3111 184 57 instatur
941 3111 123 57 sic.
1018 3111 199 57 Fortitudo
1171 3111 107 57 est
1232 3111 107 57 cum
1293 3111 307 57 contrapugnatione
1554 3111 92 57 vt
1600 3111 230 57 Aristoteles
1784 3111 153 57 dicit,
1876 3111 46 57 I

238 3167 77 49 &
268 3167 108 49 vbi
330 3167 139 49 vires
423 3167 139 49 locum
516 3167 170 49 habent:
640 3167 108 49 sed
701 3167 108 49 hoc
763 3167 186 49 martyres
902 3167 108 49 non
964 3167 216 49 habuerunt.
1134 3167 139 49 Rnsum
1227 3167 124 49 est,
1304 3167 124 49 quod
1382 3167 124 49 erat
1459 3167 93 49 in
1506 3167 108 49 eis
1567 3167 278 49 contrapugnatio
1784 3167 139 49 intrini

243 3199 123 61 seca
320 3199 154 61 contra
427 3199 154 61 carnem
535 3199 77 61 &
566 3199 200 61 spiritum.
720 3199 123 61 Nemo
797 3199 123 61 enim
874 3199 154 61 carnem
982 3199 123 61 suam
1059 3199 123 61 odio
1136 3199 154 61 habet.
1244 3199 169 61 Secundo
1367 3199 185 61 martyres
1506 3199 246 61 carnificibus
1691 3199 200 61 reluctabani

238 3258 147 66 verbo
336 3258 82 66 &
368 3258 114 66 non
433 3258 196 66 corporis
580 3258 196 66 viribus:
727 3258 212 66 propterea
890 3258 98 66 ab
939 3258 196 66 Apostolo
1086 3258 98 66 ad
1135 3258 196 66 Ephesios
1282 3258 82 66 &
1315 3258 98 66 ab
1364 3258 147 66 aliis
1461 3258 179 66 sanctis
1592 3258 212 66 verissime
1739 3258 163 66 dicuntur
