2385 3616
454 273 176 94 tionem
577 273 158 94 finis
683 273 193 94 causare
823 273 158 94 actus
928 273 176 94 medios
1051 273 105 94 in
1104 273 176 94 finem.
1227 273 158 94 Finis
1332 273 158 94 autem
1437 273 158 94 mouet
1543 273 193 94 agentem
1683 273 105 94 ad
1736 273 246 94 operandum:
1929 273 123 94 hoc
1999 273 123 94 est
2052 273 105 94 voli

451 350 119 57 tio
519 350 153 57 finis
621 350 153 57 mouet
723 350 170 57 partim
842 350 221 57 operantem
1012 350 102 57 ad
1063 350 204 57 agendum,
1216 350 102 57 vt
1267 350 187 57 volitio
1404 350 221 57 sanitatis
1574 350 119 57 est
1642 350 221 57 partialis
1812 350 153 57 causa
1914 350 187 57 volendi
2033 350 119 57 habe¬-

457 395 96 61 re
505 395 193 61 medicum.
650 395 112 61 Non
714 395 177 61 oportet
843 395 145 61 finem
939 395 177 61 aliquid
1067 395 209 61 efficere,
1228 395 129 61 stat
1309 395 145 61 ipsum
1405 395 112 61 non
1469 395 129 61 esse
1550 395 96 61 in
1598 395 145 61 rerum
1694 395 177 61 natura.
1823 395 96 61 Vt
1871 395 96 61 si
1919 395 193 61 quisquam
2048 395 96 61 vult

456 436 172 65 gladium
581 436 109 65 aut
644 436 156 65 vestem
753 436 109 65 pro
816 436 141 65 filio
910 436 109 65 qui
972 436 109 65 est
1035 436 94 65 in
1081 436 141 65 bello
1175 436 203 65 efficere,
1331 436 125 65 quem
1410 436 125 65 stat
1488 436 156 65 inscio
1597 436 141 65 patre
1691 436 125 65 esse
1769 436 78 65 e
1800 436 141 65 medio
1894 436 203 65 sublatum.
2035 436 109 65 Actus

449 494 244 60 intellectus
644 494 81 60 &
676 494 228 60 voluntatis
855 494 211 60 ampliant:
1018 494 114 60 sed
1083 494 98 60 an
1132 494 195 60 terminus
1278 494 146 60 finis
1376 494 81 60 &
1408 494 211 60 efficiens
1571 494 211 60 similiter
1733 494 195 60 amplient
1880 494 98 60 ad
1929 494 179 60 logicum
2042 494 98 60 atti

457 535 136 57 net.
542 535 153 57 Multa
643 535 237 57 concedimus
830 535 136 57 vera
915 535 136 57 quae
999 535 136 57 sine
1084 535 305 57 ampliationibus
1338 535 102 57 de
1389 535 186 57 virtute
1525 535 203 57 sermonis
1677 535 186 57 seruari
1813 535 220 57 nequeunt,
1983 535 153 57 licet
2067 535 85 57 ta¬-

453 583 143 59 lium
542 583 250 59 communiter
739 583 107 59 in
792 583 321 59 ampliationibus
1060 583 196 59 regulae
1202 583 125 59 non
1274 583 232 59 ponantur.
1452 583 178 59 Potest
1577 583 143 59 dici
1666 583 161 59 talis
1773 583 107 59 ad
1827 583 161 59 bonum
1934 583 178 59 sensum
2041 583 107 59 con¬-

461 628 148 52 cedi:
559 628 99 52 vt
608 628 247 52 Aristoteles
806 628 148 52 dicit
904 628 131 52 hoc.
987 628 131 52 Oens
1069 628 197 52 apostoli
1217 628 115 52 Dei
1282 628 131 52 sunt
1365 628 214 52 duodecim.
1529 628 148 52 Finis
1627 628 164 52 gratia
1743 628 148 52 cuius
1841 628 148 52 mouet
1940 628 99 52 me
1989 628 99 52 ad
2022 628 115 52 agen¬-

474 675 126 59 dum,
553 675 188 59 loquendo
694 675 94 59 ac
741 675 94 59 si
788 675 141 59 talia
883 675 173 59 essent.
1008 675 79 59 ⁋
1040 675 94 59 Ad
1087 675 188 59 secundum
1228 675 251 59 respondetur,
1432 675 126 59 quod
1511 675 94 59 si
1558 675 251 59 requireretur
1762 675 173 59 relatio
1888 675 188 59 actualis
2029 675 94 59 in
2060 675 79 59 fi¬-

464 725 116 58 nem
531 725 199 58 vltimum,
680 725 116 58 aut
746 725 232 58 habitualis
928 725 99 58 ex
978 725 215 58 charitate
1143 725 166 58 infusa
1259 725 116 58 aut
1325 725 215 58 acquisita
1491 725 149 58 sicut
1590 725 215 58 Gregorius
1755 725 166 58 putat,
1871 725 149 58 purus
1954 725 182 58 infidelis

455 773 171 58 nullum
575 773 154 58 actum
677 773 222 58 moraliter
848 773 154 58 bonum
951 773 171 58 habere
1071 773 188 58 potest,
1208 773 137 58 quod
1293 773 120 58 est
1362 773 171 58 durum,
1482 773 120 58 nec
1550 773 188 58 probari
1687 773 188 58 potest.
1824 773 137 58 Mihi
1909 773 154 58 autem
2012 773 103 58 id
2046 773 103 58 pla¬-

465 817 150 59 citum
565 817 117 59 non
632 817 183 59 placet:
766 817 200 59 sufficit
916 817 183 59 relatio
1049 817 100 59 in
1099 817 183 59 aliquem
1233 817 150 59 finem
1333 817 183 59 creatum
1466 817 217 59 honestum.
1633 817 117 59 Non
1700 817 133 59 enim
1783 817 100 59 in
1833 817 200 59 quolibet
1983 817 133 59 actu
2050 817 100 59 stu¬-

461 866 155 55 dioso
564 866 189 55 tenetur
702 866 138 55 homo
788 866 103 55 de
840 866 121 55 deo
909 866 224 55 cogitare,
1081 866 86 55 &
1115 866 103 55 si
1167 866 103 55 de
1219 866 103 55 eo
1270 866 207 55 cogitet,
1425 866 121 55 non
1494 866 189 55 tenetur
1632 866 224 55 propterea
1804 866 155 55 illum
1908 866 155 55 actum
2011 866 103 55 in
2046 866 103 55 Deum

466 914 208 58 referre.
622 914 87 58 ⁋
656 914 173 58 Contra
778 914 121 58 hoc
847 914 243 58 argumentor
1038 914 156 58 primo
1142 914 139 58 sic.
1228 914 121 58 Non
1298 914 173 58 summum
1419 914 104 58 in
1471 914 208 58 mentibus
1627 914 121 58 non
1696 914 121 58 est
1766 914 191 58 propter
1904 914 104 58 se
1939 914 208 58 diligendum

461 957 90 62 &
497 957 234 62 volendum:
677 957 162 62 nulla
785 957 216 62 creatura
947 957 144 62 siue
1037 957 162 62 finis
1145 957 198 62 creatus
1289 957 126 62 est
1360 957 180 62 summum
1486 957 180 62 bonum.
1612 957 234 62 quamobrem
1792 957 126 62 non
1864 957 126 62 est
1918 957 216 62 diligendum

462 1003 187 63 propter
598 1003 119 63 se:
666 1003 187 63 proinde
801 1003 187 63 propter
937 1003 170 63 aliud,
1056 1003 85 63 &
1090 1003 119 63 non
1157 1003 136 63 nisi
1242 1003 187 63 propter
1378 1003 153 63 Deum:
1480 1003 187 63 igitur.
1615 1003 136 63 Item
1700 1003 187 63 August,
1836 1003 153 63 negat
1937 1003 153 63 veram
2022 1003 119 63 virtu

464 1051 113 54 tem
528 1051 129 54 pure
609 1051 242 54 infidelibus
803 1051 226 54 inhaerere.
981 1051 97 54 Et
1029 1051 162 54 glossa
1142 1051 97 54 ad
1191 1051 194 54 Romanos.
1336 1051 162 54 xiiii.
1449 1051 162 54 dicit:
1562 1051 145 54 omnis
1659 1051 226 54 infidelium
1837 1051 129 54 vita
1918 1051 113 54 est
1966 1051 178 54 peccatum.

467 1105 81 56 ⁋
499 1105 146 56 Prior
596 1105 146 56 ratio
694 1105 146 56 solum
791 1105 162 56 probat
904 1105 130 56 quod
985 1105 130 56 ille
1066 1105 146 56 finis
1163 1105 113 56 non
1228 1105 113 56 est
1293 1105 211 56 vltimatus
1455 1105 259 56 simpliciter,
1665 1105 113 56 nec
1730 1105 97 56 in
1779 1105 146 56 illum
1876 1105 178 56 tenetur
2005 1105 130 56 homo
2070 1105 65 56 re

466 1145 149 54 ferre:
570 1145 104 54 sat
630 1145 104 54 est
689 1145 119 54 quod
764 1145 104 54 est
824 1145 134 54 finis
913 1145 208 54 sufficiens
1077 1145 89 54 in
1121 1145 134 54 illo:
1211 1145 89 54 vt
1255 1145 119 54 volo
1330 1145 208 54 resistendo
1494 1145 164 54 pugnare
1613 1145 89 54 ne
1657 1145 179 54 Socrates
1791 1145 223 54 authoritate
1970 1145 164 54 propria
2074 1145 60 54 me

462 1193 233 50 interimat.
645 1193 116 50 Vel
712 1193 116 50 pro
778 1193 183 50 patria.
911 1193 83 50 ⁋
944 1193 183 50 August.
1077 1193 233 50 intelligit
1260 1193 100 50 de
1310 1193 233 50 virtutibus
1492 1193 83 50 &
1525 1193 149 50 earum
1625 1193 183 50 actibus
1758 1193 133 50 quae
1841 1193 100 50 ad
1891 1193 149 50 vitam
1974 1193 166 50 aeternam

466 1238 211 52 immediate
628 1238 228 52 promouent.
807 1238 163 52 Glossa
921 1238 228 52 intelligit
1100 1238 163 52 quando
1214 1238 98 52 ex
1263 1238 260 52 infidelitate
1474 1238 146 52 agit,
1572 1238 114 52 vel
1637 1238 163 52 semper
1751 1238 211 52 infidelis
1913 1238 114 52 est
1978 1238 98 52 in
2011 1238 130 52 pecca¬-

461 1286 100 56 to
511 1286 199 56 capiendo
661 1286 216 56 infidelem
827 1286 233 56 contrarie,
1010 1286 83 56 &
1043 1286 150 56 etiam
1143 1286 216 56 priuatiue
1309 1286 100 56 si
1359 1286 100 56 se
1409 1286 100 56 ad
1459 1286 133 56 bene
1542 1286 183 56 agendum
1675 1286 116 56 non
1741 1286 216 56 disponat:
1907 1286 116 56 nam
1974 1286 100 56 si
2024 1286 100 56 se
2057 1286 83 56 dis

470 1333 221 52 posuerit,
640 1333 136 52 tunc
725 1333 136 52 Deus
810 1333 102 52 ei
861 1333 153 52 fidem
962 1333 255 52 infunderet.
1166 1333 85 52 ⁋
1200 1333 102 52 Ex
1251 1333 170 52 dictis
1370 1333 289 52 diffinitiones
1608 1333 238 52 extremorum
1794 1333 221 52 colligere
1947 1333 187 52 possumus.

461 1379 188 51 Insanus
598 1379 86 51 &
632 1379 206 51 stupidus
786 1379 120 51 est
855 1379 137 51 ille
941 1379 120 51 qui
1009 1379 171 51 omnino
1129 1379 120 51 non
1198 1379 188 51 timendo
1335 1379 223 51 exuperat,
1506 1379 103 51 vt
1557 1379 120 51 qui
1626 1379 120 51 non
1695 1379 171 51 metuit
1814 1379 171 51 terrae
1934 1379 154 51 motus
2037 1379 86 51 &
2054 1379 86 51 suc

474 1425 217 60 cussiones,
645 1425 140 60 neque
738 1425 186 60 fiuctus,
878 1425 93 60 vt
924 1425 93 60 de
971 1425 155 60 celtis
1079 1425 217 60 perhibent.
1250 1425 202 60 Hispaniam
1405 1425 155 60 celtae
1514 1425 93 60 ex
1560 1425 155 60 gallis
1669 1425 248 60 descendentes
1870 1425 202 60 incolunt.
2010 1425 124 60 Gallo¬-

461 1474 120 55 rum
529 1474 171 55 celtae
649 1474 222 55 miscentes
819 1474 154 55 nomen
922 1474 171 55 lberis
1041 1474 205 55 dicuntur
1195 1474 239 55 celtiberi.
1383 1474 154 55 Audax
1485 1474 120 55 est
1554 1474 120 55 qui
1622 1474 154 55 circa
1724 1474 359 55 humanaadiscrimina
2014 1474 120 55 confi

468 1520 141 64 dendo
563 1520 189 64 superat,
704 1520 79 64 &
735 1520 94 64 is
783 1520 189 64 inflatus
924 1520 79 64 &
955 1520 189 64 arrogans
1097 1520 220 64 insolenter
1270 1520 126 64 sibi
1348 1520 189 64 tribuens
1490 1520 126 64 quae
1568 1520 94 64 in
1615 1520 94 64 eo
1663 1520 110 64 non
1725 1520 141 64 sunt,
1820 1520 110 64 est
1883 1520 126 64 viri
1961 1520 157 64 fortis
2055 1520 79 64 si¬-

468 1573 170 55 mulator
591 1573 123 55 siue
668 1573 154 55 simia:
776 1573 139 55 falso
869 1573 170 55 simulat
992 1573 123 55 sibi
1069 1573 154 55 inesse
1177 1573 262 55 fortitudinem.
1393 1573 154 55 qualis
1501 1573 123 55 enim
1578 1573 108 55 est
1640 1573 123 55 ipse
1717 1573 154 55 fortis
1825 1573 139 55 circa
1917 1573 200 55 pericula,
2056 1573 77 55 ta¬-

470 1612 112 62 lis
534 1612 160 62 videri
646 1612 223 62 desiderat:
821 1612 80 62 &
853 1612 112 62 sic
917 1612 160 62 fortem
1029 1612 176 62 quantum
1156 1612 160 62 potest
1268 1612 208 62 imitatur:
1428 1612 112 62 hoc
1492 1612 112 62 est
1555 1612 128 62 eius
1635 1612 144 62 mores
1731 1612 239 62 insequitur.
1923 1612 96 62 Ex
1970 1612 112 62 quo
2018 1612 128 62 sequi¬-

465 1662 114 50 tur
530 1662 98 50 vt
579 1662 147 50 multi
677 1662 196 50 audacium
824 1662 114 50 sua
890 1662 229 50 temeritate
1070 1662 114 50 sic
1135 1662 164 50 magnae
1250 1662 180 50 stragis
1380 1662 213 50 authores,
1544 1662 82 50 &
1577 1662 114 50 pro
1642 1662 164 50 gloria
1757 1662 180 50 dedecus
1887 1662 229 50 reportent.
2051 1662 98 50 Ale¬-

454 1705 178 54 xander
579 1705 178 54 macedo
704 1705 214 54 saliendo
864 1705 107 54 in
917 1705 196 54 oppidum
1060 1705 267 54 Sardeacarum
1274 1705 125 54 seu
1345 1705 214 54 Mallorum
1506 1705 178 54 temere
1630 1705 160 54 egit:
1737 1705 178 54 multis
1862 1705 178 54 plagis
1969 1705 178 54 acceptis

461 1756 132 55 pene
543 1756 214 55 inglorius
708 1756 214 55 occubuit.
873 1756 148 55 citra
972 1756 231 55 prudentiam
1153 1756 115 55 non
1219 1756 115 55 est
1285 1756 231 55 fortitudo.
1467 1756 214 55 Praeterea
1632 1756 181 55 audaces
1764 1756 214 55 plerumque
1929 1756 132 55 sunt
1995 1756 148 55 timidi:

463 1811 118 48 nam
531 1811 168 48 temere
648 1811 219 48 sperantes
817 1811 202 48 pericula
968 1811 185 48 adeunt,
1103 1811 84 48 &
1137 1811 118 48 vbi
1204 1811 253 48 difficultas
1406 1811 185 48 ingruit
1541 1811 118 48 res
1608 1811 269 48 formidolosas
1827 1811 118 48 non
1894 1811 236 48 sustinent.
2063 1811 84 48 Ti¬-

454 1847 154 57 midus
556 1847 119 57 est
625 1847 119 57 qui
693 1847 205 57 metuendo
846 1847 188 57 excedit
983 1847 85 57 &
1017 1847 119 57 spe
1085 1847 273 57 destituitur.
1307 1847 171 57 Qualis
1426 1847 136 57 fuit
1512 1847 171 57 Xerxes
1631 1847 205 57 Persarum
1785 1847 136 57 rex,
1870 1847 119 57 qui
1938 1847 171 57 primus
2041 1847 102 57 infu

460 1891 121 62 ga,
529 1891 86 62 &
563 1891 241 62 nouissimus
753 1891 103 62 in
804 1891 207 62 praelio,
959 1891 310 62 numerosissimum
1218 1891 241 62 ductitauit
1407 1891 241 62 exercitum,
1597 1891 121 62 ita
1666 1891 103 62 vt
1718 1891 190 62 fiumina
1855 1891 224 62 diceretur
2010 1891 121 62 exica

473 1949 152 56 care:
575 1949 237 56 inconsulto
761 1949 152 56 tamen
862 1949 169 56 bellum
981 1949 169 56 gessit
1099 1949 85 56 &
1133 1949 220 56 inferuore
1303 1949 237 56 conflictus
1489 1949 169 56 minime
1607 1949 254 56 perdurauit.
1810 1949 152 56 Nulla
1912 1949 119 56 est
1963 1949 186 56 repugnan¬-

461 1987 120 57 tia
529 1987 205 57 quempiam
683 1987 137 57 esse
769 1987 240 57 temerarium
957 1987 103 57 in
1009 1987 222 57 aggressu,
1180 1987 86 57 &
1214 1987 205 57 periculo
1368 1987 222 57 ingruente
1539 1987 137 57 esse
1625 1987 205 57 pauidum.
1779 1987 154 57 Timet
1881 1987 137 57 quem
1967 1987 120 57 non
2018 1987 120 57 opor¬-

466 2033 133 48 tet,
549 2033 133 48 puta
632 2033 183 48 aliquem
765 2033 133 48 esse
848 2033 100 48 ei
898 2033 183 48 hostem,
1031 2033 116 48 eum
1097 2033 216 48 inuasurum
1263 2033 116 48 qui
1330 2033 100 48 ei
1379 2033 116 48 non
1446 2033 199 48 nocebit:
1595 2033 83 48 &
1628 2033 133 48 plus
1711 2033 166 48 aequo,
1828 2033 83 48 &
1861 2033 116 48 non
1927 2033 116 48 pro
1977 2033 166 48 dignita¬-

470 2074 105 73 te
522 2074 175 73 pauet.
644 2074 157 73 Omnia
749 2074 157 73 talia
854 2074 122 73 eum
924 2074 245 73 sequuntur.
1116 2074 192 73 Proinde
1256 2074 140 73 esse
1343 2074 192 73 audacem
1483 2074 122 73 non
1553 2074 175 73 infert
1675 2074 210 73 quempiam
1832 2074 140 73 esse
1920 2074 122 73 non
1972 2074 175 73 timidum.

461 2127 155 58 Deest
564 2127 155 58 autem
668 2127 104 58 in
720 2127 259 58 confidendo.
927 2127 207 58 Posthaec
1082 2127 155 58 ponit
1185 2127 259 58 philosophus
1392 2127 224 58 doctrinam
1565 2127 259 58 cognoscendi
1772 2127 190 58 timidu,
1910 2127 190 58 mdicens
2031 2127 104 58 quod

461 2170 103 53 in
512 2170 223 53 doloribus
684 2170 223 53 exuperans
855 2170 172 53 multum
975 2170 120 53 est
1044 2170 257 53 manifestus:
1250 2170 137 53 male
1336 2170 172 53 sperat
1456 2170 86 53 &
1490 2170 206 53 confidit
1645 2170 120 53 cum
1713 2170 206 53 vniuersa
1868 2170 189 53 metuat.
1988 2170 154 53 Noctur¬-

466 2218 113 59 nis
530 2218 97 59 in
579 2218 194 59 tenebris
724 2218 177 59 arborem
853 2218 129 59 esse
934 2218 194 59 spectrum
1079 2218 145 59 falso
1176 2218 226 59 existimat.
1353 2218 161 59 Laruas
1466 2218 161 59 inanes
1579 2218 226 59 occursuras
1757 2218 129 59 sibi
1837 2218 161 59 fingit
1950 2218 177 59 demisso
2063 2218 81 59 ani

460 2265 99 55 mo
510 2265 149 55 atque
609 2265 182 55 abiecto
742 2265 198 55 ambulat.
891 2265 215 55 Contratio
1056 2265 132 55 modo
1139 2265 132 55 sese
1221 2265 165 55 fortis
1337 2265 165 55 habet.
1453 2265 215 55 Confidere
1618 2265 116 55 est
1684 2265 182 55 hominis
1817 2265 132 55 bene
1899 2265 232 55 sperantis.
2065 2265 66 55 De

461 2315 139 56 inde
547 2315 174 56 quarta
669 2315 226 56 conclusio
842 2315 208 56 ponitur.
999 2315 174 56 Audax,
1120 2315 174 56 fortis
1242 2315 87 56 &
1276 2315 191 56 timidus
1415 2315 156 56 circa
1519 2315 174 56 eandem
1641 2315 226 56 materiam,
1814 2315 121 56 sed
1884 2315 156 56 vario
1988 2315 139 56 modo
2057 2315 87 56 la¬-

461 2359 179 53 borant.
591 2359 130 53 Quia
672 2359 146 53 circa
770 2359 179 53 timores
900 2359 81 53 &
933 2359 195 53 fiducias
1079 2359 260 53 negociantur,
1291 2359 146 53 licet
1388 2359 179 53 saepius
1519 2359 114 53 res
1584 2359 146 53 ipsas
1681 2359 130 53 quae
1763 2359 130 53 haec
1844 2359 195 53 inducunt
1991 2359 114 53 pro
2039 2359 98 53 obie

468 2409 134 52 ctis
552 2409 201 52 habeant.
703 2409 168 52 Fortis
820 2409 168 52 medium
938 2409 151 52 locum
1038 2409 168 52 tenet:
1156 2409 151 52 Audax
1256 2409 201 52 abundat,
1407 2409 184 52 timidus
1541 2409 201 52 deficit.
1692 2409 184 52 Audaces
1826 2409 134 52 ante
1910 2409 201 52 pericula
2044 2409 101 52 sunt

473 2455 250 49 praecipites
673 2455 83 49 &
707 2455 150 49 animo
807 2455 200 49 valenti:
957 2455 117 49 sed
1023 2455 117 49 cum
1090 2455 200 49 pericula
1240 2455 183 49 assunt,
1373 2455 150 49 minus
1473 2455 183 49 valent,
1607 2455 300 49 tergiuersantur
1857 2455 83 49 &
1890 2455 150 49 terga
1973 2455 167 49 vertunt.

461 2502 165 48 Fortes
577 2502 149 48 autem
676 2502 99 48 in
726 2502 149 48 pugna
825 2502 182 48 feruidi
957 2502 132 48 sunt
1039 2502 83 48 &
1072 2502 132 48 ante
1155 2502 198 48 praelium
1304 2502 182 48 quieti.
1436 2502 165 48 Dictum
1551 2502 116 48 est
1617 2502 132 48 quod
1700 2502 215 48 fortitudo
1865 2502 116 48 est
1914 2502 215 48 mediocritas

474 2546 144 56 circa
570 2546 223 56 terribilia
745 2546 80 56 &
777 2546 192 56 metuendo
921 2546 80 56 &
953 2546 223 56 confidendo
1128 2546 96 56 ea
1176 2546 192 56 eligens,
1320 2546 80 56 &
1352 2546 223 56 persistens
1527 2546 223 56 honestatis
1703 2546 176 56 gratia,
1831 2546 128 56 quia
1911 2546 207 56 indecorum
2054 2546 80 56 est

465 2592 100 52 ea
515 2592 167 52 subire
632 2592 83 52 &
666 2592 117 52 non
732 2592 217 52 perferre.
899 2592 83 52 ⁋
933 2592 200 52 Sequitur
1083 2592 167 52 quinta
1200 2592 217 52 conclusio
1367 2592 83 52 &
1400 2592 200 52 finalis.
1551 2592 167 52 Mortem
1667 2592 134 52 sibi
1751 2592 250 52 consciscere
1951 2592 100 52 ob
1985 2592 150 52 inopiam

466 2639 221 56 fugiendam
636 2639 119 56 aut
704 2639 187 56 amorem,
840 2639 119 56 aut
909 2639 204 56 molestum
1062 2639 187 56 aliquid
1198 2639 119 56 non
1266 2639 170 56 fortis
1385 2639 119 56 est
1453 2639 204 56 hominis,
1606 2639 119 56 sed
1674 2639 170 56 mollis
1794 2639 85 56 &
1828 2639 187 56 timidi.
1964 2639 136 56 Hanc
2032 2639 102 56 con¬-

464 2688 209 60 clusionem
625 2688 193 60 bifariam
770 2688 177 60 probat.
898 2688 161 60 primo,
1011 2688 129 60 quia
1091 2688 257 60 effoeminatio
1300 2688 113 60 est
1365 2688 209 60 laboriosa
1526 2688 209 60 deuitare,
1687 2688 80 60 &
1719 2688 113 60 non
1783 2688 225 60 fortitudo,
1960 2688 145 60 tales
2057 2688 113 60 au¬

467 2735 122 63 tem
536 2735 140 63 sunt
624 2735 227 63 huiusmodi
798 2735 192 63 igitur.
938 2735 209 63 Secundo,
1095 2735 175 63 mortem
1217 2735 122 63 non
1287 2735 192 63 subeunt
1426 2735 192 63 decoris
1566 2735 175 63 causa,
1688 2735 122 63 sed
1758 2735 105 63 vt
1810 2735 279 63 fastidientem
2020 2735 122 63 mole¬-

469 2782 143 51 stiam
565 2782 207 51 deuitent.
724 2782 111 51 Hac
787 2782 111 51 via
851 2782 127 51 sibi
931 2782 143 51 manus
1026 2782 207 51 infligere
1185 2782 111 51 non
1249 2782 111 51 est
1313 2782 223 51 fortitudo,
1488 2782 127 51 quae
1567 2782 239 51 vsquequaque
1758 2782 111 51 est
1822 2782 175 51 honesti
1949 2782 159 51 causa,
2060 2782 111 51 sed

466 2829 218 56 mollities
634 2829 184 56 quaedam
768 2829 84 56 &
802 2829 218 56 longioris
969 2829 134 56 mali
1053 2829 201 56 formido.
1204 2829 84 56 ⁋
1238 2829 101 56 Ex
1288 2829 117 56 his
1355 2829 201 56 sequitur
1506 2829 134 56 quod
1590 2829 184 56 Annibal
1724 2829 168 56 poenus
1841 2829 184 56 alioqui
1975 2829 117 56 dux
2026 2829 117 56 fero¬-

465 2882 188 45 cissimus
606 2882 78 45 &
638 2882 125 45 Cato
716 2882 219 45 vticensis,
888 2882 235 45 Mitridates,
1076 2882 141 45 Nero,
1170 2882 125 45 Saul
1248 2882 125 45 sese
1327 2882 251 45 interimentes
1530 2882 110 45 aut
1593 2882 204 45 facientes
1749 2882 94 45 se
1796 2882 172 45 occidi,
1922 2882 78 45 &
1953 2882 172 45 Cassius
2063 2882 78 45 iu¬-

461 2920 150 56 gulum
562 2920 217 56 feriendum
729 2920 217 56 praebens,
896 2920 117 56 non
963 2920 150 56 erant
1063 2920 167 56 fortes
1180 2920 100 56 in
1230 2920 117 56 sui
1297 2920 150 56 nece.
1397 2920 117 56 Nec
1464 2920 134 56 ipsa
1547 2920 200 56 Lucretia
1698 2920 100 56 ad
1748 2920 200 56 infamiae
1898 2920 150 56 notam
1982 2920 150 56 abolen¬-

466 2979 122 50 dam.
542 2979 107 50 Nec
603 2979 183 50 mulieres
741 2979 122 50 quae
817 2979 92 50 se
863 2979 92 50 ob
909 2979 153 50 amorem
1015 2979 107 50 (vt
1076 2979 137 50 poeta
1168 2979 92 50 de
1214 2979 153 50 Didone
1321 2979 168 50 fingit)
1443 2979 122 50 sese
1519 2979 214 50 occidentes
1687 2979 153 50 fortes
1794 2979 153 50 erant.
1901 2979 122 50 ldem
1977 2979 92 50 de
2008 2979 122 50 Pyramo

465 3014 97 56 ac
513 3014 145 56 Tysbe
610 3014 226 56 Babyloniis
788 3014 145 56 dico.
885 3014 178 56 Putabat
1014 3014 129 56 enim
1095 3014 178 56 Pyramus
1224 3014 161 56 amicam
1337 3014 129 56 suam
1418 3014 81 56 a
1450 3014 145 56 leone
1547 3014 210 56 deuoratam
1708 3014 81 56 &
1740 3014 129 56 ideo
1821 3014 97 56 se
1870 3014 194 56 peremit,
2015 3014 81 56 &
2031 3014 97 56 stul

455 3065 118 48 tum
523 3065 152 48 autem
624 3065 135 48 erat
708 3065 219 48 propterea
876 3065 185 48 muerone
1011 3065 101 48 se
1062 3065 270 48 transfodere.
1281 3065 118 48 Nec
1348 3065 152 48 minus
1449 3065 185 48 stolida
1584 3065 135 48 erat
1668 3065 168 48 puella
1786 3065 135 48 quae
1870 3065 152 48 caeco
1972 3065 152 48 amore
2056 3065 84 48 in¬-

466 3104 177 53 ebriata
595 3104 113 53 vbi
659 3104 161 53 amicum
772 3104 97 53 ob
821 3104 113 53 sui
885 3104 161 53 amorem
998 3104 242 53 interemptum
1192 3104 177 53 agnouit
1321 3104 129 53 sese
1401 3104 145 53 eodem
1498 3104 177 53 mucrone
1627 3104 226 53 interemit.
1804 3104 129 53 ldem
1885 3104 97 53 de
1933 3104 113 53 Ero
1982 3104 145 53 censeo.

459 3150 172 57 Leander
585 3150 141 57 autem
678 3150 141 57 magis
772 3150 219 57 excusandus
945 3150 125 57 est.
1023 3150 172 57 Natandi
1148 3150 125 57 enim
1226 3150 172 57 peritia
1351 3150 157 57 fretus
1461 3150 250 57 helespontici
1664 3150 141 57 maris
1758 3150 203 57 traiectum
1915 3150 157 57 breuem
2009 3150 125 57 trana¬-

460 3201 89 58 re
505 3201 194 58 sperabat.
654 3201 223 58 Stolidiores
832 3201 119 58 sunt
907 3201 89 58 ob
952 3201 194 58 exterorum
1101 3201 164 58 bonorum
1220 3201 179 58 iacturam
1354 3201 119 58 sibi
1428 3201 149 58 mortem
1532 3201 268 58 consciscentes.
1756 3201 74 58 ⁋
1786 3201 194 58 Quaeritur
1935 3201 89 58 an
1979 3201 119 58 homo
2039 3201 104 58 poest

469 3251 163 65 licitae
588 3251 119 65 sibi
662 3251 134 65 manum
751 3251 178 65 inferre:
885 3251 74 65 &
915 3251 119 65 quia
989 3251 223 65 Aristoteles
1167 3251 89 65 in
1212 3251 134 65 huius
1301 3251 163 65 capitis
1420 3251 119 65 fine
1494 3251 149 65 partem
1598 3251 193 65 negatiuam
1747 3251 149 65 tenet,
1851 3251 89 65 ad
1895 3251 149 65 partem
1984 3251 149 65 affirma¬
