2383 3604
253 262 110 79 in
308 262 165 79 cantu
418 262 92 79 &
454 262 257 79 grammatica
656 262 147 79 ludi
748 262 220 79 magistri
913 262 220 79 melodiam
1078 262 330 79 grammaticamque
1352 262 257 79 docentens.
1554 262 110 79 Et
1609 262 147 79 sane
1701 262 110 79 in
1737 262 202 79 huiusmodi

259 331 325 55 digladiationibus
535 331 114 55 non
600 331 130 55 illi
681 331 260 55 bellacissimi
892 331 146 55 sunt,
990 331 114 55 sed
1055 331 130 55 quia
1136 331 309 55 praepotentiores
1396 331 162 55 habent
1509 331 146 55 vires
1607 331 81 55 &
1639 331 179 55 corpora
1753 331 195 55 robustissi

260 375 122 52 ma.
329 375 122 52 Non
399 375 139 52 enim
486 375 104 52 in
538 375 174 52 morali
659 375 261 52 philosophia
868 375 174 52 fortem
989 375 122 52 pro
1059 375 191 52 neruoso
1198 375 87 52 &
1233 375 226 52 lacertoso
1406 375 209 52 capimus:
1563 375 122 52 sed
1632 375 122 52 pro
1702 375 139 52 illo
1789 375 122 52 qui
1841 375 104 52 habi

243 419 123 60 tum
314 419 282 60 fortitudinis
543 419 176 60 habet.
667 419 317 60 Quintupliciter
931 419 141 60 ergo
1019 419 229 60 exuperant
1195 419 264 60 tyrunculos.
1407 419 159 60 Primo
1513 419 176 60 sciunt
1636 419 176 60 varios
1742 419 194 60 strepitus

253 462 215 56 bellicos
415 462 180 56 inanes
540 462 144 56 quos
630 462 233 56 inexperti
810 462 162 56 multi
917 462 215 56 faciunt.
1079 462 198 56 Secundo
1223 462 162 56 modum
1330 462 215 56 pulsandi
1492 462 198 56 norunt.
1636 462 180 56 Tertio
1761 462 162 56 modum
1851 462 90 56 re¬-

257 511 203 56 pellendi
409 511 152 56 ictus
511 511 119 56 non
579 511 220 56 ignorant.
748 511 169 56 Quarto
867 511 169 56 sciunt
985 511 152 56 armis
1087 511 119 56 vti
1154 511 135 56 sine
1239 511 237 56 grauamine.
1425 511 152 56 Dauid
1527 511 237 56 inassuetus
1713 511 169 56 armis:
1815 511 119 56 arma¬-

250 560 121 54 tus
319 560 207 54 progredi
474 560 224 54 nequibat.
646 560 155 54 Demum
749 560 121 54 non
818 560 155 54 fugit
922 560 121 54 eos
991 560 121 54 quo
1059 560 155 54 pacto
1163 560 189 54 noceant
1301 560 172 54 aliis:
1421 560 86 54 &
1456 560 172 54 tutari
1576 560 103 54 se
1628 560 172 54 sciunt
1749 560 103 54 ab
1783 560 155 54 aliorum

254 607 194 54 ictibus.
399 607 113 54 Sed
464 607 129 54 isti
545 607 178 54 milites
674 607 97 54 de
723 607 162 54 quibus
836 607 97 54 in
884 607 178 54 secunda
1014 607 162 54 specie
1127 607 178 54 loquuti
1256 607 145 54 sumus
1353 607 113 54 non
1418 607 129 54 sunt
1499 607 178 54 fortes,
1628 607 113 54 sed
1693 607 194 54 fugaces:
1822 607 113 54 fugi¬-

254 656 127 45 tant
333 656 127 45 enim
413 656 174 45 tanquam
539 656 238 45 meticulosi,
729 656 111 45 cum
793 656 206 45 periculum
951 656 269 45 increbrescit,
1173 656 79 45 &
1204 656 222 45 inferiores
1379 656 143 45 sunt,
1474 656 79 45 &
1505 656 127 45 sunt
1585 656 222 45 deiectiori
1759 656 158 45 animo.
1854 656 79 45 Vr¬-

249 694 157 54 banae
353 694 157 54 autem
458 694 175 54 copiae
581 694 105 54 se
633 694 175 54 hostem
756 694 297 54 praestolantur
1000 694 87 54 &
1035 694 245 54 intereunt:
1228 694 140 54 quod
1315 694 140 54 apud
1402 694 192 54 Hermeum
1542 694 227 54 contigit.
1717 694 192 54 Hermeus
1840 694 87 54 est

249 746 154 48 nomen
352 746 137 48 loci
437 746 103 48 in
489 746 188 48 Euboea:
626 746 137 48 quae
711 746 120 48 est
780 746 171 48 cEgaei
900 746 154 48 maris
1002 746 171 48 insula
1122 746 205 48 euboicum
1276 746 137 48 mare
1362 746 86 48 a
1396 746 103 48 se
1448 746 257 48 denominans.
1653 746 103 48 In
1704 746 103 48 ea
1756 746 137 48 olim
1824 746 103 48 fuit

250 791 191 54 Coronia
388 791 208 54 ciuitas,
545 791 139 54 quam
631 791 260 54 Athenienses
840 791 139 54 duce
926 791 174 54 Phereo
1048 791 260 54 obsederunt,
1256 791 121 54 qui
1326 791 156 54 arcem
1430 791 243 54 proditione
1621 791 174 54 cepit.
1742 791 174 54 Charon
1846 791 87 54 The

246 837 190 62 banorum
384 837 121 62 dux
453 837 104 62 in
505 837 242 62 obsessorum
696 837 208 62 auxilium
851 837 173 62 missus
972 837 104 62 ea
1024 837 156 62 pugna
1128 837 225 62 occubuit:
1301 837 156 62 cuius
1405 837 156 62 caede
1509 837 190 62 milites
1647 837 260 62 consternati
1837 837 87 62 qui

245 884 152 58 antea
346 884 219 58 viriliter
515 884 152 58 manus
616 884 286 58 conseruerant,
851 884 152 58 fugam
952 884 236 58 arripuere:
1138 884 152 58 ciues
1239 884 101 58 ac
1289 884 185 58 vrbanae
1424 884 168 58 copiae
1542 884 202 58 fortiter
1693 884 219 58 pugnantes
1845 884 84 58 om¬-

247 934 117 56 nes
314 934 151 56 prope
415 934 268 56 interierunt.
632 934 117 56 Est
699 934 134 56 enim
783 934 184 56 vrbanis
917 934 184 56 aciebus
1051 934 218 56 indecorum
1218 934 184 56 fugere:
1352 934 84 56 &
1385 934 167 56 mortem
1503 934 134 56 tali
1586 934 167 56 saluti
1687 934 234 56 praeferendam

253 979 195 56 censent.
399 979 178 56 Milites
529 979 130 56 vero
610 979 243 56 mercenarii,
804 979 81 56 a
837 979 211 56 principio
999 979 97 56 vt
1048 979 227 56 superiores
1226 979 130 56 sese
1307 979 276 56 discriminibus
1535 979 227 56 obiectant,
1697 979 227 56 Difficultate

242 1025 134 56 vero
326 1025 234 56 intellecta
509 1025 150 56 fugam
610 1025 250 56 corripiunt,
810 1025 217 56 interitum
977 1025 167 56 potius
1094 1025 134 56 quam
1177 1025 184 56 pudorem
1311 1025 267 56 formidantes.
1528 1025 150 56 Talis
1628 1025 150 56 autem
1728 1025 117 56 vir
1778 1025 134 56 fortis

242 1073 115 54 non
307 1073 132 54 est.
390 1073 181 54 Tertius
521 1073 148 54 modus
620 1073 115 54 est
686 1073 214 54 fortitudo
851 1073 132 54 quae
933 1073 99 54 ob
982 1073 132 54 iram
1065 1073 198 54 obuenit:
1213 1073 132 54 quae
1295 1073 115 54 est
1361 1073 165 54 quando
1476 1073 115 54 ira
1542 1073 181 54 perciti
1674 1073 214 54 infrenium
1822 1073 99 54 bel¬-

247 1118 163 54 luarum
361 1118 130 54 more
442 1118 98 54 in
491 1118 114 54 eos
556 1118 196 54 feruntur
703 1118 114 54 qui
768 1118 147 54 ipsos
866 1118 163 54 aliqua
980 1118 147 54 plaga
1078 1118 244 54 affecerunt:
1273 1118 114 54 qui
1339 1118 212 54 propterea
1502 1118 163 54 fortes
1616 1118 212 54 videntur.
1762 1118 147 54 lrascen

248 1166 111 57 tia
312 1166 127 57 enim
391 1166 111 57 est
455 1166 111 57 cos
518 1166 270 57 fortitudinis:
740 1166 127 57 quia
820 1166 111 57 ira
883 1166 206 57 saeuiores
1042 1166 143 57 sunt.
1137 1166 159 57 Reuera
1248 1166 175 57 furoris
1375 1166 222 57 concitatio
1550 1166 95 57 ad
1598 1166 238 57 aggredienda
1772 1166 143 57 pericu¬-

244 1209 99 63 la
293 1209 115 63 res
359 1209 115 63 est
424 1209 312 63 impetuosissima:
687 1209 132 63 hinc
770 1209 148 63 illud
868 1209 132 63 apud
950 1209 181 63 Homerum
1082 1209 99 63 de
1131 1209 181 63 Hectore
1263 1209 197 63 legimus.
1411 1209 99 63 Et
1460 1209 148 63 vires
1559 1209 148 63 addit
1641 1209 115 63 irae.

283 1261 121 57 Ira
352 1261 173 57 animum
473 1261 121 57 mox
542 1261 242 57 corripuit,
731 1261 121 57 vis
800 1261 190 57 ferbuit
921 1261 121 57 acris

291 1307 192 59 Naribus,
435 1307 80 59 &
467 1307 176 59 sanguis
595 1307 160 59 iamque
707 1307 208 59 ebulliuit
851 1307 80 59 &c.

246 1334 131 69 Haec
328 1334 131 69 enim
410 1334 148 69 omnia
508 1334 131 69 irae
590 1334 279 69 concitationem
820 1334 246 69 significare
1017 1334 213 69 videntur:
1181 1334 115 69 sed
1246 1334 131 69 isti
1328 1334 115 69 non
1394 1334 131 69 sunt
1476 1334 180 69 fortes.
1607 1334 115 69 Nam
1673 1334 164 69 fortis
1771 1334 148 69 propter

248 1403 232 54 honestatem
431 1403 216 54 operatur,
597 1403 83 54 &
630 1403 149 54 illos
730 1403 116 54 ira
796 1403 232 54 coadiuuat.
979 1403 232 54 Quapropter
1161 1403 116 54 ira
1228 1403 166 54 fortem
1344 1403 100 54 ad
1394 1403 199 54 fortiter
1543 1403 183 54 agendum
1676 1403 166 54 iuuat.
1792 1403 100 54 At
1825 1403 100 54 ipsa

239 1449 117 56 est
306 1449 200 56 moderate
456 1449 133 56 post
539 1449 200 56 iudicium
689 1449 167 56 rectum
805 1449 216 56 induenda.
972 1449 167 56 Taurus
1089 1449 133 56 enim
1172 1449 200 56 cornuam,
1322 1449 83 56 &
1355 1449 216 56 vnicornis
1521 1449 133 56 suum
1605 1449 150 56 cornu
1705 1449 133 56 ante
1771 1449 150 56 congres

248 1496 110 49 sum
311 1496 110 49 cum
374 1496 204 49 elephanto
531 1496 220 49 praeparat:
704 1496 79 49 &
735 1496 110 49 leo
798 1496 157 49 terram
908 1496 141 49 cauda
1002 1496 157 49 ferit,
1112 1496 79 49 &
1143 1496 141 49 villi
1238 1496 141 49 cani,
1332 1496 188 49 setaeque
1473 1496 141 49 porco
1567 1496 220 49 dimicaturo
1725 1496 188 49 eriguntur.

237 1538 147 62 Ferae
335 1538 147 62 autem
433 1538 98 62 ob
482 1538 180 62 dolorem
613 1538 82 62 &
646 1538 180 62 timorem
777 1538 213 62 dimicant,
940 1538 115 62 sed
1006 1538 245 62 frequentius
1202 1538 98 62 ob
1251 1538 180 62 dolorem
1382 1538 164 62 agunt,
1497 1538 98 62 vt
1546 1538 131 62 quia
1628 1538 229 62 vulneratae
1791 1538 115 62 sunt,

245 1588 118 55 aut
312 1588 219 55 vulnerari
481 1588 236 55 formidant,
666 1588 185 55 tentant
800 1588 101 55 an
851 1588 151 55 eorum
952 1588 219 55 inuasione
1120 1588 185 55 possint
1255 1588 151 55 aliis
1356 1588 185 55 timorem
1490 1588 219 55 incutere,
1659 1588 84 55 &
1692 1588 101 55 se
1726 1588 185 55 conserua¬-

237 1639 106 54 re,
298 1639 137 54 nempe
389 1639 91 54 si
434 1639 91 54 in
480 1639 122 54 suis
556 1639 198 54 latibulis
708 1639 91 54 in
754 1639 152 54 nemore
860 1639 152 54 essent
966 1639 152 54 nullum
1073 1639 228 54 inuaderent.
1255 1639 152 54 Igitur
1362 1639 76 54 a
1392 1639 152 54 simili
1499 1639 152 54 fortes
1605 1639 106 54 non
1666 1639 122 54 sunt
1742 1639 106 54 qui
1787 1639 122 54 dolore

242 1689 175 50 perciti
369 1689 80 50 &
401 1689 111 50 ira
465 1689 95 50 in
513 1689 223 50 discrimina
688 1689 191 50 irruunt,
831 1689 143 50 nihil
926 1689 127 50 mali
1006 1689 271 50 praeuidentes.
1229 1689 191 50 Secundo,
1372 1689 111 50 hac
1436 1689 111 50 via
1499 1689 143 50 asini
1595 1689 159 50 fortes
1706 1689 127 50 dici
1770 1689 143 50 mereren

238 1732 123 53 tur,
314 1732 108 53 qui
376 1732 215 53 esurientes
545 1732 108 53 vix
606 1732 77 53 a
637 1732 154 53 pabulo
745 1732 230 53 dimouentur,
929 1732 169 53 scripsi
1052 1732 123 53 vix,
1129 1732 154 53 acerba
1236 1732 169 53 verbera
1359 1732 123 53 plus
1436 1732 154 53 mouent
1543 1732 123 53 quam
1620 1732 154 53 fames,
1728 1732 77 53 &
1758 1732 154 53 moechi
1851 1732 61 53 ob

248 1779 158 56 tetram
359 1779 206 56 libidinem
518 1779 143 56 multa
613 1779 174 56 audent.
739 1779 79 56 ⁋
771 1779 158 56 Tertio
882 1779 206 56 fortitudo
1040 1779 95 56 ob
1088 1779 127 56 iram
1167 1779 158 56 maxime
1278 1779 95 56 ei
1326 1779 158 56 vicina
1437 1779 111 56 est
1500 1779 127 56 quae
1579 1779 111 56 fit
1643 1779 190 56 secundum
1769 1779 143 56 naturam

245 1818 211 52 electionem
410 1818 226 52 praueniens:
591 1818 105 52 sed
651 1818 120 52 vera
726 1818 196 52 fortitudo
877 1818 105 52 non
937 1818 105 52 est
997 1818 120 52 sine
1072 1818 196 52 electione
1223 1818 75 52 &
1253 1818 135 52 fine,
1343 1818 120 52 quia
1419 1818 105 52 est
1479 1818 166 52 honesti
1599 1818 166 52 gratia.
1719 1818 75 52 ⁋
1750 1818 150 52 Quarto
1840 1818 75 52 cum

243 1868 172 54 homines
369 1868 220 54 irascuntur
541 1868 94 54 ob
588 1868 282 54 paruipensionem
823 1868 172 54 dolent,
949 1868 78 54 &
980 1868 110 54 cum
1043 1868 188 54 vltionem
1184 1868 188 54 ceperint
1325 1868 204 54 voluptate
1482 1868 251 54 afficiuntur,
1686 1868 78 54 &
1717 1868 172 54 propter
1827 1868 94 54 haec

232 1914 177 60 agunt.
356 1914 230 60 propterea
533 1914 213 60 pugnaces
693 1914 159 60 sunt:
799 1914 177 60 fortes
923 1914 159 60 autem
1029 1914 124 60 non
1100 1914 159 60 sunt,
1206 1914 124 60 non
1277 1914 142 60 enim
1366 1914 159 60 agunt
1472 1914 106 60 ob
1525 1914 248 60 honestatem
1720 1914 89 60 &
1756 1914 106 60 vt
1791 1914 124 60 ratio

240 1967 156 51 monet.
350 1967 156 51 fortis
459 1967 125 51 more
537 1967 140 51 probi
630 1967 172 51 iudicis
755 1967 109 51 non
817 1967 140 51 capit
911 1967 218 51 voluptatem
1083 1967 94 51 in
1129 1967 187 51 vidicta.
1270 1967 172 51 Diligit
1394 1967 187 51 hominem,
1535 1967 125 51 odit
1613 1967 125 51 eius
1691 1967 156 51 culpam
1800 1967 78 51 &
1815 1967 94 51 gau¬-

243 2009 111 54 det
307 2009 95 54 in
354 2009 127 54 actu
434 2009 207 54 iustitiae
593 2009 254 54 ministratae.
799 2009 143 54 Licet
895 2009 191 54 iustitia
1038 2009 207 54 suspendio
1197 2009 238 54 annectatur,
1387 2009 159 54 potest
1499 2009 191 54 quispiam
1642 2009 95 54 de
1689 2009 111 54 vno
1737 2009 175 54 voluptate

244 2057 149 47 affici
348 2057 75 47 &
378 2057 164 47 moerore
498 2057 89 47 de
542 2057 134 47 alio.
632 2057 119 47 lsti
706 2057 149 47 tertii
811 2057 134 47 agunt
900 2057 89 47 ob
945 2057 268 47 perturbationem
1169 2057 75 47 &
1198 2057 194 47 affectum.
1347 2057 104 47 Non
1407 2057 119 47 sunt
1482 2057 119 47 ergo
1556 2057 164 47 fortes:
1675 2057 104 47 sed
1735 2057 209 47 aliquomodo

248 2101 108 58 sunt
315 2101 161 58 fortibus
436 2101 135 58 siles,
530 2101 94 58 nam
584 2101 161 58 pericula
705 2101 202 58 contennunt.
866 2101 121 58 Porro
947 2101 81 58 si
988 2101 148 58 electio
1095 2101 175 58 praecedat
1230 2101 67 58 &
1257 2101 148 58 debitus
1364 2101 121 58 finis
1445 2101 135 58 gratia
1539 2101 121 58 cuius
1620 2101 202 58 operaretur,
1781 2101 135 58 quando
1862 2101 54 58 fu

245 2154 101 56 ror
302 2154 187 56 sequitur,
446 2154 101 56 est
503 2154 115 56 vera
575 2154 201 56 fortitudo.
733 2154 86 56 In
776 2154 215 56 fortitudine
949 2154 86 56 ex
992 2154 101 56 ira
1049 2154 101 56 duo
1107 2154 201 56 proueniunt
1265 2154 172 56 scilicet
1394 2154 129 56 dolor
1480 2154 86 56 ob
1523 2154 172 56 iniuriam
1652 2154 172 56 illatam,
1782 2154 72 56 &
1796 2154 115 56 nondum

246 2199 221 54 vindictam
416 2199 85 54 &
450 2199 238 54 delectatio
638 2199 119 54 cum
706 2199 273 54 corripuerunt
927 2199 119 54 eum
995 2199 119 54 qui
1063 2199 102 54 in
1115 2199 119 54 eos
1183 2199 204 54 iniuriam
1336 2199 221 54 commisit,
1506 2199 136 54 tunc
1591 2199 273 54 delectantur,
1796 2199 102 54 quia

235 2242 233 53 desiderium
418 2242 133 53 suum
501 2242 116 53 iam
568 2242 282 53 compleuerunt.
800 2242 233 53 Quadruplex
983 2242 116 53 est
1050 2242 249 53 differentia
1249 2242 150 53 inter
1349 2242 116 53 hos
1415 2242 83 53 &
1448 2242 133 53 vere
1531 2242 183 53 fortes,
1664 2242 150 53 primo
1747 2242 150 53 quantum

244 2290 87 56 ad
287 2290 231 56 cognitionem,
474 2290 115 56 quia
547 2290 173 56 pericula
676 2290 101 56 non
734 2290 202 56 prauident.
893 2290 159 56 Secundo
1008 2290 101 56 per
1066 2290 216 56 electionem,
1239 2290 115 56 quia
1311 2290 115 56 ista
1384 2290 188 56 fortitudo
1528 2290 87 56 ob
1571 2290 115 56 iram
1643 2290 101 56 est
1687 2290 216 56 naturalissima

232 2341 70 52 &
260 2341 141 52 subita
359 2341 99 52 non
415 2341 183 52 expectans
556 2341 183 52 consilium
696 2341 70 52 &
725 2341 211 52 electionem.
894 2341 141 52 Tertio
992 2341 155 52 quantum
1105 2341 84 52 ad
1147 2341 225 52 intentionem:
1330 2341 99 52 cum
1386 2341 84 52 ei
1428 2341 127 52 finis
1513 2341 225 52 fortitudinis
1696 2341 99 52 dei
1752 2341 113 52 sit.
1809 2341 84 52 Quar

239 2383 81 58 to
279 2383 94 58 per
333 2383 243 58 delectationem,
535 2383 94 58 cum
589 2383 108 58 isti
657 2383 202 58 tristentur.
818 2383 135 58 Tortis
913 2383 108 58 enim
980 2383 94 58 non
1034 2383 121 58 capit
1115 2383 229 58 oblectamentum
1304 2383 81 58 in
1344 2383 175 58 vindicta,
1479 2383 94 58 sed
1533 2383 108 58 quia
1600 2383 121 58 belle
1681 2383 175 58 operatur.
1803 2383 94 58 Loqui

239 2428 111 58 tur
302 2428 111 58 ira
366 2428 190 58 moderata
508 2428 79 58 &
540 2428 206 58 assumpta.
698 2428 174 58 Quartus
824 2428 142 58 modus
919 2428 237 58 sophisticae
1109 2428 253 58 fortitudinis
1315 2428 111 58 est
1378 2428 206 58 fortitudo
1536 2428 111 58 per
1600 2428 142 58 spem.
1695 2428 127 58 lsti
1774 2428 111 58 spe
1821 2428 95 58 fre¬-

234 2474 109 59 ti,
297 2474 124 59 quia
374 2474 171 59 secunda
498 2474 171 59 fortuna
622 2474 109 59 eis
684 2474 140 59 alias
777 2474 171 59 saepius
901 2474 171 59 arrisit
1025 2474 124 59 sunt
1103 2474 171 59 fortes,
1227 2474 78 59 &
1258 2474 93 59 in
1304 2474 202 59 periculis
1459 2474 186 59 fiduciam
1599 2474 171 59 habent.
1723 2474 109 59 Hoc
1769 2474 140 59 contin¬-

234 2518 124 62 gere
312 2518 155 62 potest
421 2518 93 62 in
467 2518 109 62 vna
529 2518 171 62 integra
653 2518 140 62 gente
746 2518 140 62 aliam
839 2518 171 62 saepius
963 2518 186 62 domante:
1103 2518 78 62 &
1134 2518 202 62 propterea
1289 2518 93 62 in
1335 2518 124 62 spem
1413 2518 202 62 erigitur.
1568 2518 124 62 Ille
1645 2518 124 62 enim
1723 2518 109 62 qui
1769 2518 140 62 aliquos

243 2568 139 62 tales
335 2568 154 62 vicit,
443 2568 185 62 caeteros
582 2568 93 62 se
629 2568 185 62 superare
768 2568 139 62 posse
860 2568 232 62 arbitratur.
1046 2568 124 62 Sunt
1123 2568 139 62 autem
1216 2568 185 62 fortibus
1355 2568 185 62 similes,
1494 2568 124 62 quia
1571 2568 170 62 vtrique
1695 2568 124 62 bene
1757 2568 154 62 sperant:

231 2614 112 58 sed
295 2614 160 58 fortis
407 2614 144 58 alium
503 2614 144 58 finem
600 2614 128 58 sibi
680 2614 208 58 vendicat,
840 2614 96 58 vt
888 2614 176 58 saepius
1016 2614 112 58 iam
1081 2614 112 58 est
1145 2614 272 58 significatum.
1369 2614 128 58 lsti
1449 2614 192 58 fiduciam
1593 2614 176 58 habent,
1722 2614 128 58 quia
1802 2614 96 58 se
1834 2614 80 58 su¬-

235 2663 205 55 periores
388 2663 136 55 esse
474 2663 188 55 rentur,
610 2663 85 55 &
644 2663 256 55 arbitrantur
849 2663 154 55 nihil
952 2663 136 55 mali
1037 2663 273 55 suscepturos.
1259 2663 171 55 Simile
1378 2663 188 55 aliquid
1515 2663 222 55 temulenti
1685 2663 205 55 faciunt.
1822 2663 85 55 Pu¬-

223 2710 138 56 tant
309 2710 138 56 enim
395 2710 155 56 omnia
498 2710 224 56 prospere,
671 2710 138 56 sibi
757 2710 207 56 cessura:
912 2710 138 56 quae
998 2710 121 56 cum
1067 2710 172 56 dextre
1187 2710 121 56 non
1256 2710 189 56 cedunt,
1394 2710 155 56 fugam
1498 2710 258 56 corripiunt.
1704 2710 103 56 In
1739 2710 172 56 temulen¬-

230 2753 120 56 tia
299 2753 86 56 (
333 2753 120 56 vti
402 2753 189 56 Quidius
539 2753 103 56 in
591 2753 137 56 arte
677 2753 137 56 ait)
763 2753 172 56 pauper
883 2753 172 56 cornua
1003 2753 172 56 sumit.
1123 2753 172 56 Temeto
1244 2753 223 56 calefacti
1416 2753 155 56 multa
1519 2753 137 56 sibi
1605 2753 275 56 pollicentur.
1811 2753 103 56 Vina

230 2803 170 60 parant
349 2803 187 60 animos,
485 2803 238 60 redduntque
671 2803 221 60 caloribus
841 2803 170 60 aptos.
960 2803 119 60 Non
1028 2803 119 60 est
1095 2803 153 60 sermo
1197 2803 102 60 de
1248 2803 136 60 pure
1333 2803 187 60 ebriis)
1469 2803 85 60 &
1503 2803 153 60 vinum
1605 2803 102 60 ad
1655 2803 187 60 praelia
1774 2803 136 60 trudit

235 2842 188 61 inermem.
376 2842 94 61 At
423 2842 125 61 viri
502 2842 157 61 fortis
612 2842 110 61 est
674 2842 220 61 terribilia
847 2842 220 61 honestatis
1019 2842 157 61 gratia
1129 2842 157 61 ferre:
1239 2842 125 61 quia
1317 2842 125 61 illa
1396 2842 141 61 ferre
1490 2842 110 61 est
1552 2842 188 61 decorum,
1693 2842 110 61 non
1756 2842 141 61 ferre
1835 2842 78 61 in¬-

222 2892 201 58 decorum.
373 2892 201 58 Posthaec
524 2892 251 58 corollarium
725 2892 168 58 infert
842 2892 218 58 inquiens,
1010 2892 168 58 Potius
1127 2892 168 58 fortis
1244 2892 134 58 esse
1328 2892 184 58 videtur
1462 2892 117 58 qui
1529 2892 101 58 in
1579 2892 235 58 repentinis
1747 2892 168 58 terrori¬-

220 2937 116 65 bus
287 2937 232 65 interritus
469 2937 83 65 &
502 2937 248 65 inconcussus
701 2937 133 65 sine
784 2937 282 65 perturbatione
1016 2937 149 65 manet
1115 2937 133 65 quam
1198 2937 116 65 qui
1264 2937 232 65 praeuisis.
1446 2937 133 65 Quia
1529 2937 149 65 virum
1628 2937 149 65 stare
1711 2937 199 65 intrepidum

234 2989 98 50 in
283 2989 179 50 subitis
413 2989 228 50 terroribus
592 2989 147 50 magis
690 2989 98 50 ab
739 2989 163 50 habitu
853 2989 179 50 emergit
983 2989 130 50 quam
1064 2989 277 50 praeueniendo.
1292 2989 130 50 Acsi
1374 2989 114 50 sic
1439 2989 309 50 argumentaretur.
1699 2989 130 50 Ille
1781 2989 114 50 est
1830 2989 81 50 ma¬-

225 3038 111 58 gis
288 3038 158 58 fortis
399 3038 111 58 qui
462 3038 95 58 ex
509 3038 158 58 habitu
620 3038 268 58 fortitudinis,
841 3038 126 58 quam
920 3038 126 58 ille
999 3038 111 58 qui
1062 3038 111 58 non
1125 3038 190 58 operatur
1268 3038 95 58 ex
1315 3038 174 58 habitu:
1441 3038 95 58 at
1489 3038 111 58 qui
1552 3038 190 58 resistit
1694 3038 95 58 in
1725 3038 190 58 repentinis

223 3084 218 56 periculis
391 3084 201 56 operatur
542 3084 101 56 ex
592 3084 184 56 habitu.
726 3084 117 56 qui
793 3084 151 56 autem
894 3084 201 56 pericula
1044 3084 235 56 praeuidet,
1229 3084 168 56 potest
1346 3084 101 56 se
1396 3084 168 56 armare
1514 3084 84 56 &
1547 3084 168 56 animum
1664 3084 168 56 figere
1782 3084 101 56 ad
1815 3084 84 56 su¬-

215 3137 103 52 am
266 3137 172 52 moram:
387 3137 103 52 si
438 3137 258 52 efficaciter
645 3137 224 52 expectare
817 3137 206 52 voluerit
972 3137 258 52 expectabit.
1178 3137 138 52 Suam
1264 3137 206 52 praeuisa
1419 3137 155 52 minus
1522 3137 172 52 ledere
1642 3137 138 52 tela
1711 3137 155 52 solent.

230 3167 156 66 Alter
334 3167 156 66 autem
438 3167 121 66 qui
507 3167 312 66 impraemeditate
767 3167 121 66 est
836 3167 208 66 inuasus,
992 3167 225 66 expectans
1166 3167 156 66 solum
1270 3167 87 66 a
1305 3167 277 66 fortitudinis
1530 3167 173 66 habitu
1651 3167 208 66 moratur:
1790 3167 104 66 modo

214 3221 191 64 habitus
353 3221 122 64 per
422 3221 157 64 modum
527 3221 191 64 naturae
666 3221 157 64 mouet
771 3221 87 64 &
805 3221 226 64 impellit.
979 3221 122 64 Nec
1049 3221 139 64 iste
1136 3221 157 64 ramus
1241 3221 122 64 cum
1310 3221 191 64 secundo
1449 3221 244 64 coincidit.
1641 3221 122 64 Nam
1711 3221 157 64 multi
1798 3221 104 64 bene
