2389 3606
225 259 148 91 durat,
329 259 74 91 &
359 259 134 91 casus
448 259 193 91 occurrere
596 259 148 91 potest
700 259 89 91 vt
745 259 193 91 vestigium
893 259 193 91 retrahere
1041 259 178 91 nequeat.
1175 259 119 91 Ante
1249 259 208 91 conflictus
1412 259 178 91 feruorem
1546 259 237 91 conscientiae
1724 259 193 91 satiffacit.

234 316 88 74 ac
278 316 176 74 commissa
410 316 161 74 scelera
527 316 190 74 sacerdoti
673 316 176 74 denudat.
805 316 88 74 Et
849 316 146 74 potest
952 316 132 74 casus
1039 316 205 74 occurrere,
1200 316 117 74 quod
1274 316 205 74 propositum
1435 316 205 74 confitendi
1596 316 88 74 si
1640 316 161 74 euadat,
1742 316 161 74 sufficit.

228 373 83 67 ⁋
262 373 100 67 Ad
312 373 166 67 sextum
428 373 183 67 dicimus
561 373 150 67 illud
661 373 83 67 a
694 373 166 67 cordis
811 373 266 67 calefactione
1027 373 83 67 &
1061 373 233 67 interiorum
1244 373 233 67 commotione
1427 373 233 67 prouenire.
1610 373 83 67 ⁋
1643 373 117 67 Pro
1710 373 183 67 septima
1826 373 100 67 dubi

218 411 161 77 tatione
335 411 161 77 dicimus
452 411 88 77 in
496 411 131 77 iusto
583 411 131 77 bello
671 411 175 77 insidias
803 411 117 77 esse
876 411 175 77 licitas.
1007 411 102 77 Ita
1065 411 117 77 enim
1138 411 131 77 fecit
1226 411 146 77 losue,
1328 411 175 77 ludicum.
1460 411 131 77 viii.
1547 411 190 77 imperante
1693 411 117 77 dio.
1766 411 131 77 verum
1839 411 88 77 ten¬-

225 462 173 76 pestiue
351 462 204 76 occultare
508 462 110 76 non
570 462 110 76 est
633 462 173 76 nephas.
759 462 141 76 Multi
853 462 204 76 praeclari
1009 462 141 76 duces
1104 462 188 76 insidiis
1245 462 204 76 gaudebant
1401 462 94 76 vt
1449 462 204 76 philippus
1605 462 157 76 macedo
1715 462 110 76 sua
1762 462 157 76 cautione

223 505 179 71 militem
353 505 228 71 discrimini
532 505 130 71 haud
614 505 179 71 quaquam
744 505 212 71 exposuit,
907 505 212 71 propterea
1070 505 244 71 laudabatur.
1265 505 147 71 Plano
1363 505 147 71 etiam
1461 505 147 71 Marte
1559 505 130 71 eius
1640 505 163 71 filius
1738 505 179 71 Alexander

233 562 152 64 manus
335 562 237 64 conseruit,
521 562 119 64 nec
589 562 271 64 imprudenter,
809 562 136 64 fuit
894 562 136 64 enim
978 562 136 64 ille
1063 562 152 64 miles
1165 562 152 64 longo
1266 562 186 64 armorum
1402 562 119 64 vsu
1470 562 102 64 in
1520 562 152 64 bello
1622 562 220 64 assuetus,
1774 562 136 64 ferire

220 594 148 76 atque
318 594 148 76 ictus
417 594 181 76 euitare
548 594 115 76 iam
614 594 181 76 paterna
745 594 181 76 militia
876 594 230 76 didicerat.
1057 594 181 76 Tullius
1188 594 197 76 insidias
1336 594 115 76 cum
1402 594 197 76 verborum
1550 594 230 76 deceptione
1730 594 164 76 taxat.
1829 594 82 76 Sic

224 644 119 68 eum
292 644 256 68 intelligas,
497 644 187 68 alioqui
633 644 119 68 cum
701 644 102 68 eo
752 644 119 68 non
820 644 222 68 opinamur.
991 644 187 68 Secundo
1127 644 222 68 indecorum
1298 644 119 68 est
1366 644 187 68 potenti
1502 644 136 68 regi
1587 644 324 68 stratagematibus
1843 644 68 68 mi

229 692 203 68 litaribus
386 692 78 68 &
417 692 187 68 insidiis
557 692 109 68 cum
620 692 203 68 inferiori
776 692 125 68 vti,
854 692 187 68 tamentsi
995 692 125 68 enim
1073 692 125 68 sine
1151 692 172 68 delicto
1276 692 94 68 id
1323 692 141 68 fieri
1417 692 141 68 queat
1510 692 203 68 gloriosum
1667 692 156 68 minime
1760 692 141 68 reputa¬-

224 739 129 69 tur.
304 739 210 69 Finaliter
466 739 177 69 haeres,
595 739 161 69 quanam
707 739 113 69 via
772 739 129 69 homo
852 739 161 69 fortis
965 739 177 69 euadit.
1094 739 177 69 Dicimus
1223 739 129 69 quod
1304 739 161 69 aliqui
1417 739 97 69 ab
1465 739 226 69 influentia
1642 739 177 69 siderum
1771 739 81 69 &
1787 739 113 69 horos

231 782 125 72 copo
309 782 140 72 atque
403 782 218 72 parentibus
574 782 125 72 sunt
652 782 234 72 meticulosi,
840 782 109 72 sic
902 782 140 72 etiam
996 782 78 72 a
1027 782 172 72 patria.
1151 782 172 72 Apricis
1276 782 109 72 eim
1339 782 125 72 oris
1417 782 125 72 orti
1495 782 140 72 minus
1588 782 125 72 sunt
1666 782 203 72 bellicosi
1806 782 94 72 quam

235 843 195 57 frigidis
381 843 228 57 regionibus
560 843 130 57 orti
642 843 195 57 paritate
788 843 146 57 data.
886 843 179 57 Insuper
1016 843 228 57 hebetiores
1195 843 195 57 duriores
1341 843 130 57 sunt
1423 843 146 57 vulgo
1520 843 195 57 milites,
1667 843 98 57 vt
1716 843 98 57 de
1748 843 163 57 Achille.

225 882 147 68 Aiace
323 882 229 68 Thelamonio
502 882 82 68 &
535 882 196 68 caeteris
682 882 212 68 contigit.
845 882 180 68 Ditiori
976 882 147 68 autem
1074 882 180 68 Minerua
1205 882 212 68 pollentes
1368 882 245 68 frequentius
1564 882 82 68 &
1597 882 212 68 degeneres
1760 882 98 68 in
1793 882 114 68 opere

230 926 126 70 sunt
309 926 142 70 nothi
403 926 173 70 martis,
529 926 236 70 nihilotamen
718 926 157 70 secius
828 926 79 70 &
860 926 94 70 hi
907 926 79 70 &
938 926 126 70 illi
1017 926 220 70 marticolae
1190 926 157 70 fiunt.
1300 926 157 70 Ratio,
1410 926 205 70 voluntas,
1568 926 94 70 ac
1615 926 173 70 honesti
1725 926 173 70 cupiditas

230 982 180 62 hominem
360 982 98 62 ad
410 982 213 62 mauortios
573 982 196 62 pulueres
720 982 245 62 sustinendos
916 982 213 62 impellit,
1080 982 147 62 quare
1178 982 180 62 ingenio
1309 982 213 62 pollentes
1472 982 147 62 longa
1571 982 180 62 militia
1685 982 229 62 strennuissi¬-

227 1021 100 65 mi
277 1021 150 65 duces
378 1021 200 65 euadunt,
528 1021 167 65 acumem
645 1021 134 65 enim
728 1021 250 65 intellectus
928 1021 334 65 circunspectionem
1212 1021 234 65 praeuidet,
1396 1021 234 65 imminentia
1579 1021 134 65 mala
1663 1021 234 65 praesagit.
1830 1021 83 65 lam

227 1065 168 74 habitu
345 1065 151 74 parto
445 1065 201 74 ignauiam
597 1065 269 74 socordiamque
815 1065 269 74 profligauit,
1033 1065 151 74 quare
1134 1065 185 74 imperio
1268 1065 118 74 est
1335 1065 269 74 dignissimus,
1553 1065 101 74 vt
1604 1065 302 74 strennuissimus
1839 1065 67 74 An

234 1112 154 68 nibal,
342 1112 247 68 impigerrimus
542 1112 170 68 Caesar,
665 1112 77 68 &
696 1112 185 68 similes.
835 1112 77 68 ⁋
866 1112 185 68 Caeterum
1005 1112 139 68 circa
1097 1112 170 68 quartam
1220 1112 170 68 speciem
1344 1112 93 68 in
1390 1112 108 68 qua
1452 1112 139 68 dicit
1544 1112 139 68 feras
1637 1112 93 68 ob
1683 1112 170 68 dolorem
1791 1112 108 68 inua¬-

229 1157 153 71 dentem
336 1157 215 71 reprimere.
505 1157 138 71 Scito
597 1157 123 71 quod
673 1157 138 71 leoni
765 1157 199 71 generosus
919 1157 107 71 est
980 1157 107 71 mos
1041 1157 230 71 percussorem
1225 1157 107 71 sui
1287 1157 276 71 diligentissime
1517 1157 215 71 obseruare,
1685 1157 123 71 quem
1762 1157 92 71 in
1793 1157 107 71 quan¬-

237 1212 161 60 talibet
354 1212 219 60 multitudine
530 1212 175 60 appetit,
661 1212 102 60 eum
720 1212 131 60 autem
807 1212 102 60 qui
866 1212 117 60 telo
939 1212 131 60 ipsum
1026 1212 146 60 ferire
1129 1212 161 60 studuit
1246 1212 88 60 at
1289 1212 88 60 no
1333 1212 146 60 lesit,
1435 1212 205 60 prostratum
1596 1212 190 60 resupinat
1742 1212 102 60 nec
1786 1212 117 60 vulne¬-

229 1254 124 70 rat,
306 1254 139 70 aequa
398 1254 170 70 trutina
522 1254 185 70 iniuriam
661 1254 232 70 compensans.
846 1254 77 70 ⁋
877 1254 154 70 Simpir
985 1254 185 70 superius
1124 1254 170 70 diximus
1248 1254 139 70 actum
1341 1254 124 70 esse
1418 1254 139 70 finem
1510 1254 263 70 fortitudinis,
1727 1254 139 70 porro
1804 1254 108 70 habi¬-

227 1300 108 66 tus
288 1300 108 66 est
350 1300 170 66 propter
474 1300 155 66 actum,
582 1300 201 66 propterea
737 1300 139 66 actus
830 1300 108 66 est
892 1300 139 66 finis
984 1300 201 66 naturalis
1139 1300 170 66 virtuti
1263 1300 263 66 accommodatus.
1479 1300 139 66 Finis
1572 1300 155 66 fortis
1680 1300 108 66 est
1727 1300 170 66 honestum,

233 1343 98 75 hoc
289 1343 98 75 est
345 1343 140 75 pugnat
443 1343 140 75 fortis
542 1343 211 75 consonanter
710 1343 84 75 ad
752 1343 182 75 rationem,
893 1343 98 75 non
949 1343 126 75 autem
1033 1343 154 75 aliter,
1145 1343 84 75 si
1187 1343 126 75 alium
1271 1343 126 75 finem
1356 1343 84 75 ei
1398 1343 225 75 praestituit,
1580 1343 98 75 iam
1636 1343 126 75 gyrum
1707 1343 196 75 fortitudinis

232 1393 237 78 transilit.
418 1393 152 78 Demum
520 1393 186 78 tametsi
656 1393 220 78 hominibus
825 1393 186 78 insitum
960 1393 119 78 est
1028 1393 152 78 vitam
1130 1393 152 78 tueri
1231 1393 203 78 secundum
1384 1393 203 78 dictamen
1536 1393 169 78 rectae
1655 1393 220 78 rationis,
1807 1393 102 78 ipsa

224 1447 114 74 est
289 1447 114 74 pro
354 1447 163 74 gloria
468 1447 114 74 Dei
533 1447 98 74 ac
582 1447 212 74 vtilitate
745 1447 244 74 reipublicae
940 1447 228 74 exponenda.
1119 1447 130 74 Homo
1200 1447 146 74 inter
1298 1447 114 74 duo
1363 1447 195 74 ponitur,
1509 1447 179 74 dedecus
1640 1447 114 74 est
1705 1447 98 74 ex
1754 1447 114 74 vna
1802 1447 98 74 par¬-

241 1489 91 67 te
286 1489 91 67 si
332 1489 136 67 fugam
423 1489 197 67 arripiat,
574 1489 167 67 pulcher
695 1489 197 67 interitus
847 1489 151 67 altera
953 1489 91 67 ex
998 1489 151 67 parte.
1104 1489 106 67 Hic
1165 1489 136 67 autem
1256 1489 106 67 est
1316 1489 242 67 capessendus,
1513 1489 136 67 illud
1604 1489 121 67 vero
1680 1489 167 67 tanquam
1786 1489 121 67 aconi¬-

234 1536 105 66 tum
294 1536 105 66 aut
354 1536 135 66 aspis
444 1536 211 66 fugiendum.
610 1536 90 66 Et
655 1536 90 66 si
700 1536 90 66 in
745 1536 135 66 pace,
835 1536 120 66 quae
911 1536 105 66 est
971 1536 135 66 finis
1061 1536 150 66 iustus
1166 1536 150 66 belli,
1271 1536 150 66 aliqui
1377 1536 226 66 lasciuiant,
1557 1536 90 66 ac
1602 1536 90 66 in
1647 1536 120 66 ocio
1708 1536 195 66 marcescant,

224 1591 228 59 deteriora
400 1591 158 59 tamen
505 1591 158 59 damna
610 1591 210 59 mauortio
768 1591 210 59 strepitu
926 1591 263 59 contingunt,
1136 1591 105 59 vt
1189 1591 228 59 templorum
1364 1591 228 59 direptio,
1540 1591 246 59 religionis
1715 1591 193 59 conculca¬-

235 1628 133 66 tio,
319 1628 217 66 stupratio
485 1628 200 66 virginum
635 1628 100 66 ac
685 1628 250 66 matronarum,
885 1628 233 66 teterrimae
1069 1628 183 66 caedes,
1202 1628 233 66 fortunarum
1385 1628 217 66 direptio.
1552 1628 133 66 haec
1635 1628 133 66 enim
1719 1628 133 66 sunt
1785 1628 117 66 dete¬-

225 1675 283 67 stabilissima.
459 1675 100 67 at
509 1675 100 67 in
559 1675 133 67 pace
642 1675 217 67 salutaria
808 1675 133 67 bona
892 1675 200 67 accidunt
1042 1675 100 67 ac
1092 1675 150 67 pauca
1192 1675 233 67 incommoda,
1375 1675 150 67 quare
1475 1675 133 67 alma
1558 1675 83 67 &
1591 1675 167 67 togata
1708 1675 117 67 pax
1775 1675 117 67 est
1825 1675 83 67 lu¬-

226 1742 210 60 ctificoso
387 1742 145 60 bello
468 1742 226 60 anteferenda.

546 1807 275 84 Tract.
738 1807 193 84 II.
848 1807 220 84 CAb.
986 1807 248 84 IIII.
1151 1807 220 84 LIb.
1288 1807 220 84 III.
1426 1807 220 84 CAb.
1536 1807 138 84 IX.

570 1867 196 102 Vamquam
713 1867 160 102 autem
820 1867 160 102 circa
927 1867 214 102 fidutias
1087 1867 214 102 metusque
1248 1867 232 102 fortitudo
1426 1867 232 102 versatur:
1604 1867 160 102 tamen
1711 1867 125 102 non
1764 1867 143 102 simili

532 1945 146 67 modo
623 1945 164 67 circa
732 1945 237 67 vtrunque,
915 1945 128 67 sed
988 1945 164 67 magis
1097 1945 164 67 circa
1206 1945 128 67 res
1279 1945 292 67 formidolosas
1516 1945 237 67 versatur.
1698 1945 128 67 Qui
1753 1945 146 67 namque

493 2002 103 66 in
544 2002 155 66 hisce
647 2002 120 66 non
716 2002 223 66 turbatur,
888 2002 155 66 atque
991 2002 103 66 se
1042 2002 155 66 habet
1145 2002 155 66 circa
1248 2002 120 66 has
1317 2002 103 66 vt
1369 2002 206 66 oportet,
1523 2002 155 66 magis
1626 2002 120 66 est
1695 2002 172 66 fortis
1798 2002 103 66 quam

548 2056 103 64 is
599 2056 121 64 qui
668 2056 155 64 circa
772 2056 103 64 ea
823 2056 103 64 in
875 2056 172 64 quibus
996 2056 258 64 confiditur,
1203 2056 103 64 se
1254 2056 155 64 habet
1358 2056 103 64 vt
1409 2056 207 64 oportet.
1564 2056 172 64 Fortes
1685 2056 172 64 igitur
1806 2056 103 64 ex
1840 2056 69 64 eo

552 2112 215 70 dicuntur,
718 2112 133 70 quod
801 2112 116 70 res
867 2112 116 70 (vt
933 2112 166 70 dictum
1049 2112 133 70 est)
1132 2112 232 70 inferentes
1314 2112 182 70 dolores
1447 2112 215 70 tolerant.
1612 2112 182 70 ldcirco
1728 2112 166 70 fortitu¬-

548 2160 104 88 do
600 2160 191 88 dolores
739 2160 191 88 affert,
878 2160 87 88 &
913 2160 122 88 non
982 2160 191 88 iniuria
1121 2160 226 88 laudatur.
1295 2160 261 88 Difficilius
1503 2160 139 88 enim
1590 2160 122 88 est
1660 2160 191 88 dolores
1781 2160 122 88 ferre

231 2219 141 86 quam
319 2219 88 86 a
355 2219 282 86 voluptatibus
583 2219 246 86 abstinere.
777 2219 211 86 Enimuero
935 2219 282 86 fortitudinis
1164 2219 158 86 finis
1270 2219 211 86 iucundus
1428 2219 141 86 esse
1516 2219 211 86 videtur.
1674 2219 158 86 verum
1780 2219 106 86 ab
1815 2219 88 86 eue

238 2286 232 65 nientibus
417 2286 232 65 doloribus
595 2286 268 65 obfuscatur,
810 2286 107 65 vt
863 2286 89 65 &
899 2286 107 65 in
952 2286 286 65 certaminibus
1185 2286 161 65 fieri
1292 2286 179 65 solet,
1417 2286 125 65 nam
1488 2286 232 65 pugilibus
1667 2286 161 65 finis
1756 2286 143 65 quidem

237 2334 136 77 ipse
322 2334 204 77 iucundus
475 2334 136 77 est,
560 2334 170 77 gratia
679 2334 153 77 cuius
781 2334 204 77 certant:
934 2334 187 77 coronae
1070 2334 170 77 inquam
1190 2334 153 77 atque
1292 2334 204 77 honores:
1445 2334 119 77 sed
1513 2334 153 77 caedi
1615 2334 204 77 molestum
1768 2334 119 77 est
1819 2334 85 77 cum

243 2400 139 63 sint
329 2400 87 63 e
364 2400 174 63 carne:
486 2400 243 63 doloresque
677 2400 191 63 affert,
815 2400 87 63 &
850 2400 156 63 omnis
954 2400 174 63 omnino
1076 2400 174 63 labor.
1197 2400 156 63 Atque
1301 2400 139 63 quia
1388 2400 139 63 haec
1475 2400 139 63 sunt
1562 2400 174 63 multa,
1683 2400 139 63 ideo
1770 2400 104 63 id
1805 2400 104 63 gra¬-

234 2444 122 78 tia
303 2444 157 78 cuius
408 2444 210 78 certant,
566 2444 122 78 cum
636 2444 122 78 sit
706 2444 122 78 res
776 2444 175 78 parua,
898 2444 157 78 nihil
1003 2444 192 78 iucundi
1143 2444 192 78 videtur
1283 2444 192 78 habere.
1423 2444 105 78 Qa
1476 2444 105 78 si
1528 2444 140 78 tale
1616 2444 87 78 &
1651 2444 157 78 circa
1738 2444 175 78 fortitu¬-

239 2496 155 87 dinem
342 2496 138 87 est:
428 2496 138 87 mors
514 2496 172 87 quidem
635 2496 155 87 atque
738 2496 189 87 vulnera
876 2496 155 87 forti
979 2496 138 87 viro
1065 2496 189 87 molesta
1202 2496 172 87 erunt,
1323 2496 155 87 atque
1426 2496 189 87 inuito.
1564 2496 155 87 Feret
1667 2496 155 87 tamen
1770 2496 138 87 quod
1839 2496 69 87 ho

228 2567 172 60 nestum
348 2567 120 60 est
417 2567 103 60 ea
468 2567 172 60 ferre:
588 2567 120 60 vel
657 2567 154 60 turpe
760 2567 120 60 non
828 2567 172 60 ferre.
948 2567 154 60 Atque
1051 2567 120 60 quo
1120 2567 137 60 omni
1206 2567 189 60 virtute
1343 2567 172 60 pollet
1463 2567 154 60 magis
1566 2567 86 60 &
1600 2567 223 60 foelicior
1772 2567 137 60 est,
1840 2567 69 60 eo

229 2609 168 74 magis
341 2609 112 74 ob
398 2609 187 74 mortem
528 2609 150 74 sane
622 2609 224 74 dolebit.
790 2609 131 74 Vit
865 2609 150 74 enim
958 2609 168 74 talis
1071 2609 187 74 maxime
1202 2609 187 74 dignus
1332 2609 131 74 est
1407 2609 168 74 vita,
1519 2609 262 74 maximisque
1725 2609 168 74 bonis
1819 2609 93 74 pri

234 2666 185 82 uatur,
363 2666 111 82 id
419 2666 167 82 ipsum
530 2666 204 82 sciens,
678 2666 148 82 quod
770 2666 185 82 quidem
900 2666 204 82 dolorem
1048 2666 204 82 affert:
1196 2666 167 82 verum
1307 2666 278 82 nihilominus
1529 2666 130 82 est
1603 2666 204 82 fortis.
1751 2666 111 82 Et
1806 2666 111 82 eo
1843 2666 74 82 ma

234 2721 123 90 gis
305 2721 211 90 fortasse
463 2721 141 90 quod
551 2721 246 90 honestatem
744 2721 141 90 quae
832 2721 123 90 est
902 2721 105 90 in
955 2721 158 90 bello
1060 2721 123 90 his
1130 2721 246 90 anteponit.
1323 2721 123 90 Nec
1394 2721 123 90 fit
1464 2721 105 90 vt
1517 2721 193 90 omnibus
1657 2721 105 90 in
1692 2721 211 90 virtutibus

237 2782 128 77 cum
310 2782 238 77 voluptate
493 2782 219 77 operemur
657 2782 146 77 nisi
749 2782 165 77 quoad
858 2782 256 77 attingitur
1059 2782 183 77 finis.
1187 2782 165 77 Nihil
1297 2782 165 77 autem
1407 2782 219 77 fortasse
1571 2782 165 77 vetat
1681 2782 128 77 non
1754 2782 128 77 eos
1809 2782 91 77 qui

224 2831 163 72 tales
333 2831 145 72 sunt
423 2831 362 72 praestantissimos
731 2831 199 72 milites
876 2831 163 72 esse,
985 2831 127 72 sed
1057 2831 127 72 eos
1130 2831 127 72 qui
1202 2831 163 72 minus
1311 2831 181 72 quidem
1438 2831 145 72 sunt
1528 2831 199 72 fortes,
1673 2831 181 72 nullum
1782 2831 127 72 autem

232 2898 164 67 aliud
341 2898 164 67 bonum
451 2898 201 67 habent.
596 2898 109 67 Hi
651 2898 182 67 nanque
779 2898 182 67 parati
906 2898 146 67 sunt
997 2898 146 67 sese
1089 2898 237 67 periculis
1271 2898 255 67 obiectare,
1471 2898 219 67 vitamque
1636 2898 128 67 pro
1708 2898 164 67 paruo
1800 2898 109 67 emo¬-

229 2943 192 77 lumento
368 2943 209 77 perdunt.
525 2943 104 77 De
577 2943 261 77 fortitudine
786 2943 174 77 igitur
908 2943 209 77 hactenus
1064 2943 192 77 dixisse
1204 2943 244 77 sufficiat.
1395 2943 139 77 Quid
1482 2943 157 77 autem
1587 2943 139 77 est,
1674 2943 104 77 ex
1726 2943 122 77 iis
1796 2943 139 77 quae

227 3004 206 90 diximus
377 3004 131 90 non
452 3004 131 90 est
527 3004 244 90 difficile
715 3004 338 90 compraehendere
996 3004 113 90 ac
1052 3004 244 90 assignare
1221 3004 169 90 figura.

375 3090 167 83 vamquam
496 3090 136 83 autem
587 3090 106 83 &c.
648 3090 106 83 Sex
708 3090 243 83 fortitudinis
905 3090 243 83 proprietates
1103 3090 106 83 hic
1163 3090 152 83 ponit.
1269 3090 136 83 Prima
1360 3090 106 83 est
1421 3090 243 83 fortitudinis
1618 3090 121 83 opus
1694 3090 136 83 magis
1770 3090 136 83 relucet

357 3152 168 67 ferendo
479 3152 214 67 terribilia
648 3152 123 67 quam
724 3152 199 67 ausibilia
877 3152 245 67 aggrediendo.
1077 3152 138 67 Seda.
1168 3152 123 67 Opus
1245 3152 245 67 fortitudinis
1444 3152 107 67 est
1505 3152 199 67 molestum.
1659 3152 153 67 Tertia
1766 3152 123 67 eius
1827 3152 92 67 opus

276 3206 120 79 Fest
351 3206 210 79 laudabile.
516 3206 150 79 Quarta
620 3206 105 79 est
680 3206 210 79 difficile,
845 3206 90 79 ac
890 3206 105 79 est
950 3206 105 79 cum
1010 3206 195 79 voluptate
1159 3206 210 79 attingendo
1324 3206 120 79 eius
1399 3206 150 79 finem.
1504 3206 150 79 Vltima
1609 3206 210 79 proprietas
1773 3206 120 79 est,
1833 3206 90 79 for¬
