2358 3573
220 318 119 64 mita
294 318 222 64 Carthagine.
472 318 237 64 Qualiscumque
665 318 133 64 alius
753 318 133 64 finis
842 318 163 64 relatus
961 318 163 64 ponitur
1079 318 148 64 semper
1183 318 104 64 est
1242 318 178 64 laetitia
1376 318 89 64 in
1420 318 133 64 illo,
1509 318 74 64 &
1539 318 89 64 in
1583 318 148 64 illius
1687 318 178 64 memoria.
1805 318 104 64 horum

226 370 204 58 meminisse
383 370 173 58 iuuabit
509 370 94 58 si
556 370 173 58 euadat,
681 370 188 58 sinautem
823 370 94 58 in
870 370 188 58 hominium
1011 370 251 58 aestimatione
1215 370 94 58 vt
1262 370 173 58 Homerus
1387 370 141 58 viuit
1482 370 94 58 vt
1529 370 157 58 poeta.
1639 370 78 58 ⁋
1670 370 204 58 Dubitatur
1811 370 110 58 fina¬-

224 412 156 60 liter.
334 412 187 60 Martyres
474 412 156 60 sponte
583 412 78 60 &
614 412 109 60 cum
677 412 156 60 gaudio
786 412 140 60 passi
880 412 125 60 sunt
958 412 78 60 &
989 412 109 60 pro
1051 412 187 60 Christo,
1191 412 94 60 vt
1238 412 94 60 de
1285 412 203 60 apostolis
1441 412 94 60 in
1488 412 140 60 actis
1581 412 140 60 eorum
1675 412 172 60 scribit
1784 412 125 60 Lucas.

223 456 138 63 Ibant
315 456 184 63 apostoli
452 456 199 63 gaudentes
605 456 107 63 &c.
666 456 107 63 Sic
728 456 168 63 Agatha,
850 456 214 63 Vincentius
1018 456 77 63 &
1049 456 138 63 alii.
1141 456 77 63 ⁋
1171 456 230 63 Respondetur
1355 456 199 63 gaudebant
1508 456 92 63 de
1554 456 168 63 Christi
1676 456 153 63 nomine
1768 456 138 63 tollen¬-

222 512 89 51 do
267 512 89 51 ad
311 512 148 51 astra,
415 512 104 51 sed
474 512 178 51 nolebant
607 512 104 51 has
667 512 148 51 plagas
770 512 148 51 fuisse
874 512 119 51 sibi
948 512 222 51 applicatas,
1126 512 104 51 ita
1185 512 119 51 erat
1259 512 89 51 de
1304 512 163 51 Christo
1422 512 89 51 vt
1466 512 104 51 in.
1526 512 104 51 xv.
1585 512 252 51 distinctionem
1778 512 119 51 tertii

227 554 251 57 sententiarum
431 554 110 57 iam
494 554 188 57 diximus.
635 554 126 57 Ecce
714 554 251 57 fortitudinem
918 554 141 57 pleno
1012 554 110 57 ore
1075 554 94 57 ab
1122 554 298 57 historiographis
1373 554 235 57 celebratam,
1561 554 110 57 nec
1624 554 188 57 imerito:
1749 554 157 57 diffici¬-

221 597 101 62 lem
278 597 116 62 enim
351 597 130 62 circa
438 597 174 62 materiam
568 597 174 62 insudat.
698 597 101 62 Nam
756 597 101 62 cum
814 597 159 62 homines
930 597 145 62 carnei
1031 597 116 62 sint
1104 597 130 62 aegre
1191 597 130 62 diras
1277 597 145 62 plagas
1379 597 188 62 tolerant,
1524 597 145 62 sautio
1625 597 159 62 corpere
1741 597 174 62 tediosum
1857 597 43 62 e

228 657 88 54 in
272 657 191 54 conflictu
420 657 132 54 manus
508 657 206 54 conserendo
670 657 147 54 stare,
773 657 221 54 nihilotamen
949 657 132 54 minus
1038 657 103 54 vir
1097 657 147 54 fortis
1200 657 206 54 honestatem
1361 657 221 54 communiugi,
1538 657 177 54 liberis,
1671 657 88 54 ac
1715 657 177 54 propriae
1832 657 74 54 vi¬-

229 693 104 66 tae
289 693 208 66 anteponit.
452 693 134 66 Opes,
542 693 134 66 vxor,
631 693 134 66 nati,
720 693 89 66 ac
765 693 164 66 caetera
884 693 119 66 quae
958 693 208 66 mortalibus
1122 693 149 66 solent
1226 693 119 66 esse
1301 693 134 66 cordi
1390 693 74 66 a
1420 693 208 66 periculosa
1584 693 134 66 pugna
1673 693 208 66 deterrent,
1822 693 89 66 alte

224 744 97 55 ra
272 744 97 55 ex
321 744 146 55 parte
419 744 162 55 turpis
532 744 211 55 socordia,
695 744 179 55 infamis
825 744 179 55 ignauia
955 744 97 55 ac
1004 744 179 55 honesti
1133 744 211 55 cupiditas
1296 744 97 55 ad
1345 744 179 55 prelium
1475 744 227 55 alliciunt.
1653 744 130 55 Haec
1735 744 162 55 fortem
1832 744 65 55 ad

228 791 187 60 certamen
368 791 218 60 impellunt,
540 791 124 60 illa
617 791 124 60 vero
695 791 156 60 nihili
804 791 156 60 ducit.
913 791 109 60 Non
975 791 93 60 ob
1022 791 171 60 honorem
1146 791 156 60 finalr
1255 791 140 60 istud
1349 791 171 60 patrat.
1473 791 109 60 sed
1535 791 218 60 religionis
1706 791 93 60 ac
1753 791 124 60 boni
1815 791 78 60 con

217 835 150 58 munis
317 835 184 58 gratia.
451 835 134 58 Homo
534 835 184 58 attamen
668 835 184 58 honorem
801 835 217 58 succedere
968 835 117 58 non
1035 835 200 58 ignorat.
1185 835 200 58 Annalium
1336 835 134 58 enim
1419 835 167 58 idonei
1536 835 234 58 scriptores
1719 835 167 58 heroum
1820 835 83 58 for

226 888 105 55 tia
286 888 135 55 gesta
376 888 211 55 celebrant,
542 888 90 55 ac
587 888 181 55 vapparum
722 888 181 55 ignauiam
858 888 166 55 tetrice
978 888 166 55 admodum
1099 888 166 55 taxant.
1219 888 90 55 Id
1264 888 135 55 pauci
1354 888 181 55 exemplis
1490 888 226 55 enodabimus.
1670 888 226 55 Portentosae
1836 888 60 55 mo

222 934 110 53 lis
285 934 157 53 Colias
395 934 142 53 inter
490 934 220 53 allophylos
663 934 220 53 armipotens
836 934 94 53 ad
883 934 204 53 singulare
1040 934 189 53 certamen
1182 934 252 53 israeleticam
1386 934 157 53 gentem
1496 934 236 53 prouocabat,
1685 934 110 53 nec
1748 934 94 53 in
1795 934 94 53 eo
1826 934 79 53 po¬-

225 980 123 60 pulo
302 980 185 60 inuentus
440 980 108 60 est
502 980 123 60 vnus
579 980 108 60 qui
640 980 108 60 cum
702 980 92 60 eo
748 980 169 60 gigante
871 980 185 60 dimicare
1010 980 185 60 auderet,
1148 980 139 60 quoad
1241 980 139 60 Dauid
1333 980 216 60 adolescens
1503 980 139 60 omnim
1595 980 185 60 filiorum
1734 980 139 60 lesse
1811 980 92 60 natu

219 1015 181 63 minimus
350 1015 247 63 monomachiam
548 1015 115 63 non
614 1015 264 63 detractaret.
828 1015 99 63 Is
878 1015 264 63 circungyrata
1092 1015 148 63 circa
1191 1015 148 63 caput
1290 1015 148 63 funda
1389 1015 181 63 excusso
1521 1015 165 63 lapide
1636 1015 198 63 gigantem
1768 1015 132 63 inter¬-

221 1074 146 50 emit.
318 1074 211 50 Pariforma
480 1074 146 50 sudas
577 1074 227 50 Maccabaeus
756 1074 275 50 strennuissime
982 1074 113 50 cum
1047 1074 211 50 prophanis
1209 1074 275 50 belligerabat,
1436 1074 178 50 honesta
1566 1074 162 50 morte,
1679 1074 194 50 fortiter
1825 1074 113 50 ma¬

226 1115 105 61 nus
286 1115 209 61 conserens,
450 1115 179 61 supremum
585 1115 120 61 egit
659 1115 135 61 diem.
749 1115 105 61 Nec
809 1115 135 61 minus
899 1115 179 61 laudandi
1033 1115 120 61 sunt
1108 1115 194 61 Maccabaei
1257 1115 120 61 illi
1332 1115 164 61 fratres
1452 1115 105 61 qui
1511 1115 135 61 citra
1601 1115 209 61 reluctamen
1765 1115 120 61 puer
1825 1115 75 61 pa¬-

226 1152 129 70 triis
312 1152 143 70 sacris
412 1152 201 70 institutis
570 1152 143 70 mortem
670 1152 172 70 perpessi
799 1152 129 70 sunt.
885 1152 215 70 prelegerunt
1057 1152 115 70 enim
1129 1152 143 70 mortem
1229 1152 115 70 quam
1301 1152 186 70 porcillas
1444 1152 143 70 carnes
1545 1152 86 70 in
1588 1152 201 70 sanctionis
1731 1152 172 70 contemptum

213 1204 216 62 manderent.
382 1204 139 62 Multo
475 1204 154 62 plures
583 1204 93 62 in
630 1204 216 62 euangelica
799 1204 139 62 Luce,
892 1204 170 62 heroica
1016 1204 232 62 fortitudine
1201 1204 185 62 praediti
1340 1204 154 62 mortem
1448 1204 201 62 intrepide
1603 1204 232 62 tolerarunt.
1772 1204 124 62 Diocle

217 1258 135 56 tiani
307 1258 181 56 saeuitia
443 1258 105 56 sic
503 1258 211 56 christiani
669 1258 256 56 affligebantur
879 1258 90 56 vt
924 1258 226 56 septendecim
1105 1258 135 56 milia
1195 1258 151 56 paucis
1301 1258 151 56 diebus
1406 1258 271 56 trucidarentur.
1632 1258 226 56 Christianum
1798 1258 105 56 nomen

223 1299 87 64 ea
267 1299 160 64 seuitia
384 1299 160 64 abolere
500 1299 87 64 ac
544 1299 160 64 prorsus
660 1299 189 64 eradicare
806 1299 175 64 studuit,
937 1299 87 64 at
980 1299 175 64 deceptus
1111 1299 175 64 carnifex
1242 1299 116 64 est:
1315 1299 102 64 nam
1373 1299 87 64 ea
1417 1299 218 64 afflictione
1591 1299 102 64 res
1650 1299 247 64 ecclesiastica
1839 1299 58 64 ma

222 1351 109 63 gis
285 1351 186 63 floruit,
424 1351 109 63 vno
486 1351 124 63 enim
564 1351 171 63 cadente
688 1351 155 63 centum
796 1351 93 63 de
843 1351 124 63 nouo
920 1351 186 63 pietatem
1060 1351 202 63 sumpsere:
1215 1351 140 63 seudm
1308 1351 202 63 parabolam
1463 1351 171 63 Christi
1587 1351 109 63 vno
1649 1351 140 63 grano
1742 1351 93 63 in
1773 1351 124 63 terram

223 1393 170 56 deiecto
346 1393 185 56 multorum
485 1393 108 56 est
547 1393 139 56 illud
640 1393 216 56 seminarium
809 1393 139 56 atque
902 1393 154 56 origo.
1010 1393 139 56 Horum
1103 1393 185 56 memoriam
1242 1393 201 56 quotannis
1396 1393 185 56 ecclesia
1535 1393 201 56 celebrat,
1690 1393 185 56 vltraque
1813 1393 93 56 bea¬-

225 1447 196 57 titudinem
376 1447 90 57 in
421 1447 151 57 patria
527 1447 106 57 qua
587 1447 241 57 insigniuntur
783 1447 90 57 ab
828 1447 196 57 hominibus
979 1447 90 57 in
1024 1447 136 57 terra
1115 1447 241 57 honestantur.
1311 1447 166 57 Ethnici
1431 1447 90 57 in
1477 1447 166 57 talibus
1597 1447 211 57 scriptorum
1748 1447 151 57 laudibus

221 1493 282 61 commemorantur
454 1493 100 61 vt
504 1493 216 61 Cynegirus
670 1493 133 61 post
753 1493 249 61 Athenienses
952 1493 149 61 Medos
1052 1493 100 61 ac
1102 1493 166 61 Persas
1218 1493 149 61 aiose
1318 1493 100 61 ad
1367 1493 149 61 rates
1467 1493 266 61 compulissent
1683 1493 149 61 nauim
1766 1493 133 61 fugien

225 1531 129 58 tium
306 1531 162 58 numero
419 1531 178 58 onustam
548 1531 210 58 Cynegirus
710 1531 178 58 dextera
839 1531 194 58 remorari
984 1531 226 58 nitebatur,
1162 1531 113 58 qua
1226 1531 210 58 amputata,
1388 1531 145 58 laeua
1485 1531 145 58 nauim
1582 1531 162 58 tenuit
1695 1531 145 58 eaque
1776 1531 129 58 abscis

218 1584 94 55 sa
265 1584 94 55 ea
312 1584 188 55 mordicus
454 1584 204 55 retinuit:
611 1584 110 55 nam
673 1584 188 55 dentibus
814 1584 94 55 ac
862 1584 141 55 morsu
956 1584 173 55 ablatis
1081 1584 173 55 manibus
1207 1584 204 55 pugnauit:
1364 1584 188 55 nullaque
1505 1584 173 55 accepta
1630 1584 141 55 clade
1724 1584 157 55 factus
1819 1584 78 55 est

225 1629 221 53 remissior,
399 1629 111 53 sed
462 1629 158 53 potius
573 1629 237 53 feruentior.
763 1629 111 53 Nec
826 1629 158 53 minore
937 1629 253 53 fortitudine.
1143 1629 158 53 Sceuam
1253 1629 221 53 Cesarianum
1427 1629 253 53 commemorant,
1633 1629 111 53 vno
1696 1629 111 53 eim
1744 1629 158 53 oculorum

220 1683 180 51 excusso,
355 1683 150 51 femore
460 1683 135 51 atque
550 1683 150 51 humero
656 1683 225 51 transfixis,
836 1683 150 51 scutum
941 1683 150 51 centum
1046 1683 90 51 ac
1091 1683 165 51 viginti
1211 1683 165 51 ictibus
1331 1683 195 51 perforato
1482 1683 105 51 non
1542 1683 210 51 deferbuit.
1707 1683 90 51 Ex
1737 1683 150 51 opposito

213 1715 210 65 Asdrubal
371 1715 246 65 nouissimus
564 1715 333 65 Carthaginensium
845 1715 158 65 ducum
950 1715 246 65 Carthagine
1143 1715 88 65 a
1178 1715 175 65 Romano
1301 1715 140 65 duce
1388 1715 158 65 capta
1494 1715 123 65 cum
1564 1715 158 65 magna
1651 1715 246 65 transfugarum

228 1771 180 54 caterua
358 1771 212 54 fsculapii
522 1771 163 54 phanum
636 1771 212 54 ingressus
799 1771 196 54 turpique
946 1771 212 54 formidine
1110 1771 229 54 perculsus,
1290 1771 131 54 suae
1371 1771 180 54 salutis
1502 1771 163 54 auidus
1616 1771 147 54 solus
1714 1771 98 54 ad
1747 1771 147 54 Romanos

226 1807 212 69 tranffugit:
396 1807 127 69 cuius
481 1807 170 69 infamiam
608 1807 142 69 virago
707 1807 198 69 communiunx
863 1807 156 69 partesa
976 1807 142 69 filios
1076 1807 85 69 in
1118 1807 142 69 terram
1217 1807 241 69 praecipitauit
1415 1807 85 69 ac
1458 1807 127 69 turpe
1543 1807 142 69 mariti
1642 1807 170 69 effugium
1755 1807 142 69 puerorum

219 1864 130 54 nece
300 1864 227 54 mulctauit.
478 1864 130 54 Haud
559 1864 211 54 dissimilr
721 1864 259 54 Heliogabalus
931 1864 194 54 interiit
1077 1864 113 54 qui
1142 1864 211 54 militari,
1304 1864 275 54 tumultuatione
1531 1864 146 54 poene
1628 1864 259 54 consternatus
1822 1864 65 54 in

226 1910 193 57 feculentae
378 1910 152 57 cloacae
488 1910 165 57 latebris
612 1910 179 57 diffugium
750 1910 110 57 quae
819 1910 138 57 siuit,
915 1910 83 57 eo
956 1910 83 57 in
998 1910 152 57 secessu
1108 1910 138 57 multis
1204 1910 138 57 plagis
1301 1910 276 57 tranffodiebatur.
1535 1910 179 57 Maculosae
1673 1910 138 57 illius
1769 1910 124 57 vitae
1838 1910 55 57 ma

221 1955 174 55 culosus
348 1955 158 55 exitus
458 1955 253 55 respondebat.
664 1955 142 55 Turpe
758 1955 142 55 vitam
853 1955 126 55 ante
932 1955 142 55 egit,
1027 1955 126 55 quam
1106 1955 237 55 ignominioso
1296 1955 174 55 decessu
1422 1955 190 55 finiuit.
1564 1955 174 55 Debebat
1691 1955 205 55 concitato
1833 1955 63 55 mi

219 2007 129 51 liti
299 2007 129 51 sese
380 2007 96 51 in
428 2007 177 51 tumultu
556 2007 225 51 obiectare,
733 2007 96 51 ac
781 2007 241 51 insurgentem
974 2007 145 51 motum
1071 2007 273 51 auctoritatiue
1295 2007 209 51 mitigare,
1456 2007 112 51 ita
1520 2007 129 51 enim
1601 2007 225 51 Alexandrum
1761 2007 145 51 Macedo¬-

212 2056 110 48 nem
275 2056 95 48 ac
323 2056 142 48 alios
417 2056 205 48 strennuos
575 2056 142 48 duces
669 2056 173 48 fecisse
795 2056 189 48 legimus.
937 2056 126 48 Duos
1016 2056 189 48 socordes
1158 2056 126 48 post
1236 2056 189 48 egregios
1378 2056 205 48 subiunxi,
1536 2056 95 48 vt
1583 2056 173 48 illorum
1709 2056 173 48 exangui
1819 2056 79 48 for

225 2103 154 50 midine
333 2103 216 50 heroicorum
502 2103 216 50 armipotens
672 2103 201 50 fortitudo
827 2103 185 50 eluceat.
965 2103 185 50 Opposita
1104 2103 123 50 enim
1182 2103 185 50 comminus
1320 2103 123 50 sita
1398 2103 139 50 magis
1490 2103 232 50 elucescunt:
1675 2103 201 50 caelestis
1814 2103 93 50 vir¬-

225 2137 115 71 tus
290 2137 164 71 tetrum
405 2137 164 71 vitium
520 2137 115 71 sua
586 2137 263 71 generositate
799 2137 181 71 foedat:
931 2137 99 71 ac
980 2137 181 71 spurcum
1112 2137 164 71 vitium
1227 2137 197 71 candidam
1374 2137 197 71 virtutem
1522 2137 230 71 nobilitat:
1703 2137 164 71 semper
1801 2137 99 71 enim

213 2187 168 66 emicat
331 2187 151 66 incor
431 2187 151 66 rupta
532 2187 184 66 virtus,
666 2187 101 66 ac
716 2187 168 66 vitium
816 2187 218 66 obscuratur.

523 2261 286 94 Tract.
724 2261 229 94 III.
867 2261 229 94 CAb.
1010 2261 172 94 I.
1096 2261 143 94 &
1153 2261 229 94 Lib.
1297 2261 229 94 III.
1440 2261 229 94 CAb.
1554 2261 115 94 X.

534 2347 133 71 Ost
610 2347 152 71 hanc
705 2347 171 71 autem
819 2347 114 71 de
876 2347 285 71 temperantia
1103 2347 228 71 dicamus.
1274 2347 133 71 Hae
1350 2347 190 71 namque
1483 2347 228 71 virtutes
1653 2347 209 71 partium
1786 2347 95 71 ea¬-

535 2414 124 71 rum
606 2414 141 71 esse
694 2414 212 71 videntur
853 2414 141 71 quae
942 2414 141 71 sunt
1030 2414 212 71 rationis
1189 2414 230 71 expertes:
1366 2414 159 71 atque
1472 2414 283 71 temperantiam
1701 2414 159 71 circa
1790 2414 88 71 vo¬-

529 2464 236 72 luptates
707 2464 335 72 mediocritatem
983 2464 158 72 esse
1081 2464 138 72 iam
1160 2464 177 72 antea
1278 2464 236 72 diximus.
1455 2464 177 72 Minus
1574 2464 158 72 enim
1672 2464 99 72 &
1712 2464 138 72 non
1771 2464 118 72 simi

537 2522 160 71 liter
644 2522 160 71 circa
751 2522 196 71 dolores
893 2522 231 71 versatur.
1071 2522 107 71 In
1124 2522 178 71 eisdem
1249 2522 160 71 autem
1355 2522 89 71 &
1391 2522 302 71 intemperantia
1640 2522 142 71 esse
1711 2522 178 71 videtur:

537 2578 131 65 sed
612 2578 150 65 nunc
706 2578 168 65 circa
818 2578 150 65 quas
911 2578 131 65 est
986 2578 262 65 voluptates
1192 2578 299 65 determinemus
1435 2578 224 65 oportet.
1603 2578 262 65 Diuidantur
1790 2578 94 65 igi

528 2620 124 81 tur
599 2620 177 81 animae
723 2620 159 81 atque
829 2620 212 81 corporis
987 2620 265 81 voluptates,
1199 2620 106 81 vt
1252 2620 194 81 honoris
1394 2620 247 81 cupiditas,
1588 2620 88 81 &
1623 2620 212 81 auiditas
1764 2620 124 81 disci

205 2688 196 77 plinae.
348 2688 125 77 Nam
419 2688 125 77 tam
490 2688 249 77 ambitiosus
686 2688 142 77 quam
775 2688 178 77 auidus
899 2688 267 77 disciplinae
1113 2688 107 77 eo
1166 2688 178 77 gaudet
1291 2688 160 77 cuius
1398 2688 125 77 est
1469 2688 196 77 auidus,
1611 2688 89 77 &
1647 2688 178 77 corpus
1754 2688 142 77 nihil,

205 2747 128 64 sed
278 2747 146 64 mens
369 2747 182 64 potius
497 2747 219 64 patitur,
661 2747 164 64 atque
770 2747 109 64 ii
825 2747 128 64 qui
898 2747 292 64 voluptatibus
1135 2747 274 64 huiuscemodi
1354 2747 292 64 alliciuntur:
1591 2747 128 64 nec
1646 2747 255 64 temperantes,

208 2797 127 67 nec
280 2797 308 67 intemperantes
534 2797 236 67 dicuntur.
716 2797 145 67 Pari
807 2797 145 67 modo
897 2797 163 67 neque
1006 2797 127 67 qui
1079 2797 163 67 circa
1187 2797 218 67 caeteras
1351 2797 272 67 voluptates,
1568 2797 145 67 quae
1659 2797 127 67 non
1714 2797 181 67 attribu¬-

206 2858 169 67 untur
319 2858 206 67 corpori
469 2858 281 67 occupantur,
694 2858 131 67 eos
769 2858 150 67 enim
863 2858 131 67 qui
938 2858 206 67 fabulis
1088 2858 94 67 &
1125 2858 319 67 narrationibus
1388 2858 300 67 delectantur,
1631 2858 94 67 &
1669 2858 169 67 circa
1763 2858 131 67 talia

197 2911 156 72 dies
294 2911 253 72 consumunt
489 2911 234 72 verbosos
664 2911 195 72 quidem
800 2911 175 72 atque
917 2911 234 72 deliros:
1092 2911 331 72 intemperantes
1364 2911 175 72 autem
1481 2911 136 72 non
1559 2911 292 72 consueuimus
1793 2911 136 72 ap¬

199 2959 229 80 pellare.
371 2959 133 80 Nec
447 2959 133 80 eos
523 2959 191 80 etiam,
657 2959 133 80 qui
733 2959 267 80 pecuniarum
943 2959 133 80 vel
1019 2959 229 80 amicorum
1190 2959 172 80 causa
1305 2959 210 80 dolent.
1457 2959 286 80 Temperantia
1686 2959 191 80 igitur
1801 2959 95 80 non

198 3024 164 72 circa
307 3024 200 72 animae,
452 3024 127 72 sed
525 3024 164 72 circa
634 3024 218 72 corporis
798 3024 255 72 voluptates
998 3024 236 72 versatur.
1180 3024 127 72 Non
1253 3024 164 72 tamen
1362 3024 91 72 &
1398 3024 164 72 circa
1507 3024 127 72 has
1580 3024 164 72 ipsas
1689 3024 182 72 omnes.
1798 3024 91 72 Qui

202 3091 175 59 namque
325 3091 158 59 rebus
430 3091 123 59 iis
501 3091 193 59 gaudent
641 3091 140 59 quae
728 3091 140 59 visu
816 3091 298 59 percipiuntur:
1062 3091 105 59 vt
1114 3091 245 59 coloribus,
1307 3091 210 59 figuris,
1465 3091 210 59 pictura,
1623 3091 123 59 nec
1675 3091 228 59 temperantes

197 3133 130 65 nec
272 3133 315 65 intemperantes
531 3133 241 65 dicuntur.
717 3133 93 65 &
754 3133 111 65 si
810 3133 223 65 videntur
977 3133 93 65 &
1014 3133 130 65 his
1088 3133 204 65 homines
1236 3133 93 65 &
1273 3133 111 65 vt
1329 3133 223 65 oportet,
1496 3133 93 65 &
1533 3133 167 65 magis
1644 3133 148 65 quam
1719 3133 185 65 oportet.
