2395 3594
425 222 218 87 iuscemodi
593 222 251 87 delectatur:
793 222 151 87 neque
894 222 100 87 si
944 222 184 87 absint,
1078 222 167 87 dolet,
1195 222 151 87 neque
1296 222 167 87 cupit:
1413 222 134 87 nisi
1496 222 251 87 mediocriter
1697 222 184 87 semper,
1831 222 117 87 nec
1898 222 151 87 magis
1999 222 134 87 quam
2066 222 100 87 opor

457 296 151 76 tet,
552 296 132 76 nec
627 296 189 76 quando
759 296 132 76 non
835 296 227 76 oportet:
1005 296 151 76 vlla
1100 296 132 76 res
1175 296 189 76 omnino
1308 296 170 76 talis
1421 296 170 76 ipsum
1534 296 246 76 delectat.
1723 296 283 76 Mediocriter
1950 296 170 76 autem
2064 296 94 76 &
2082 296 76 76 vt

454 354 226 68 oportet,
623 354 132 68 eas
699 354 132 68 res
774 354 226 68 appetit,
943 354 150 68 quae
1037 354 244 68 voluptate
1225 354 188 68 quidem
1357 354 263 68 afficiunt,
1563 354 113 68 ad
1620 354 244 68 sanitatem
1808 354 169 68 autem
1921 354 94 68 &
1958 354 169 68 bonam
2052 354 113 68 cor¬-

461 398 164 86 poris
570 398 274 86 habitudinem
789 398 255 86 conferunt,
990 398 91 86 &
1026 398 128 86 res
1099 398 219 86 caeteras
1263 398 255 86 voluptatis
1464 398 274 86 effectrices
1683 398 255 86 identidem,
1883 398 109 86 si
1938 398 128 86 nec
1993 398 164 86 impedi¬-

461 456 167 81 mento
573 456 149 81 sint
666 456 186 81 dictis
796 456 241 81 habitibus
981 456 241 81 corporis,
1167 456 130 81 nec
1241 456 260 81 honestatis
1445 456 260 81 cancellos,
1650 456 130 81 nec
1724 456 260 81 facultatum
1928 456 167 81 metas
2021 456 130 81 egre¬-

471 525 225 62 diantur.
640 525 131 62 Nam
715 525 131 62 qui
790 525 131 62 ita
866 525 150 62 sese
959 525 169 62 habet
1072 525 169 62 magis
1185 525 150 62 quam
1279 525 188 62 dignum
1410 525 150 62 est,
1504 525 225 62 eiusmodi
1673 525 263 62 voluptates
1879 525 169 62 amare
1973 525 188 62 videtur.

461 583 100 77 at
511 583 217 77 temperans
679 583 117 77 non
745 583 117 77 est
812 583 167 77 talis,
929 583 117 77 sed
996 583 117 77 ita
1063 583 134 77 sese
1147 583 167 77 habet,
1263 583 100 77 vt
1314 583 134 77 ipsa
1397 583 150 77 ratio
1497 583 150 77 recta
1581 583 234 77 praescribit.

542 659 249 92 Vpiditatum
738 659 160 92 aliae
845 659 142 92 sunt
934 659 214 92 communes
1094 659 89 92 &
1130 659 249 92 naturales,
1326 659 160 92 aliae
1433 659 142 92 vero
1522 659 142 92 sunt
1611 659 214 92 propriae
1771 659 89 92 &
1807 659 249 92 appositae.
1985 659 178 92 Exemplum

571 735 169 58 primi:
689 735 101 58 Vt
740 735 219 58 naturalis
909 735 135 58 cibi
993 735 236 58 cupiditas.
1179 735 152 58 Omnes
1280 735 135 58 enim
1364 735 202 58 alimento
1516 735 169 58 sicco,
1634 735 118 58 qui
1702 735 169 58 cibus,
1820 735 118 58 aut
1887 735 202 58 humidom,
2039 735 118 58 qui
2090 735 84 58 po¬-

572 782 119 50 tus
640 782 136 50 est,
725 782 238 50 nonnunquam
912 782 221 50 indigent:
1083 782 102 50 et
1134 782 221 50 aliquando
1304 782 204 50 vtrunque
1457 782 170 50 auent.
1576 782 102 50 Et
1627 782 170 50 cubile
1746 782 153 50 etiam
1849 782 153 50 cupit
1951 782 85 50 (
1985 782 102 50 vt
2019 782 153 50 Homerus

470 822 137 63 ait)
555 822 171 63 iunior
675 822 154 63 atque
778 822 205 63 florens:
932 822 120 63 hoc
1001 822 120 63 est
1069 822 171 63 lectum
1189 822 103 63 ad
1240 822 240 63 dormiendum
1429 822 103 63 in
1480 822 223 63 cubiculo.
1651 822 137 63 Quia
1737 822 137 63 enim
1823 822 154 63 tales
1925 822 137 63 plus
1994 822 171 63 mandunt.

470 869 104 56 ob
522 869 312 56 sustentationem
782 869 87 56 &
817 869 243 56 crementum,
1008 869 122 56 eos
1077 869 139 56 plus
1164 869 191 56 dormire
1303 869 122 56 est
1372 869 226 56 necessum.
1546 869 122 56 Nec
1615 869 156 56 inter
1720 869 122 56 hoc
1789 869 174 56 cubile
1911 869 87 56 &
1945 869 156 56 illud
2049 869 104 56 ea
2084 869 87 56 tem

456 911 185 68 pestate
591 911 252 68 discernunt,
792 911 218 68 prouectae
960 911 134 68 vero
1044 911 185 68 aetatis
1179 911 101 68 de
1229 911 168 68 cubili
1347 911 185 68 tempore
1481 911 185 68 locoque
1616 911 252 68 discernunt.
1817 911 252 68 Cupiditates
2002 911 168 68 propriae

464 961 145 63 sunt,
560 961 129 63 quas
641 961 113 63 non
705 961 145 63 omnes
802 961 193 63 cupiunt:
946 961 113 63 sed
1011 961 129 63 quod
1091 961 209 63 vnicuique
1252 961 129 63 tale
1332 961 129 63 esse
1412 961 193 63 videtur,
1557 961 145 63 licet
1654 961 177 63 aliquid
1782 961 193 63 naturale
1927 961 225 63 contineat:
2088 961 80 63 non

468 1010 130 62 enim
549 1010 179 62 singuli
679 1010 130 62 tale
761 1010 114 62 vel
826 1010 130 62 tale
907 1010 114 62 vel
972 1010 147 62 eadem
1070 1010 244 62 desiderant,
1266 1010 114 62 sed
1331 1010 114 62 hic
1396 1010 179 62 perdite
1526 1010 130 62 amat
1607 1010 163 62 gruem,
1721 1010 114 62 hic
1787 1010 228 62 phasianum,
1966 1010 130 62 ille
2031 1010 130 62 carnem

466 1061 188 63 bubulam
603 1061 188 63 suillam
739 1061 120 63 ve.
808 1061 205 63 Quocirca
962 1061 188 63 nostrum
1098 1061 256 63 particulare
1303 1061 103 63 id
1355 1061 154 63 ipsum
1457 1061 137 63 esse
1543 1061 205 63 videtur:
1697 1061 205 63 naturale
1850 1061 154 63 tamen
1953 1061 120 63 est
2004 1061 154 63 indiui¬-

474 1100 137 67 duo,
559 1100 86 67 &
594 1100 120 67 non
662 1100 137 67 toti
748 1100 205 67 speciei.
902 1100 171 67 Deinde
1021 1100 154 67 ponit
1124 1100 171 67 primam
1244 1100 188 67 capitis
1381 1100 274 67 conclusionem
1603 1100 188 67 dicens.
1740 1100 154 67 Circa
1843 1100 205 67 communes
1980 1100 188 67 cupidita¬-

468 1151 115 59 tes
533 1151 148 59 pauci
632 1151 197 59 peccant,
780 1151 82 59 &
813 1151 115 59 vno
879 1151 132 59 modo
961 1151 148 59 dicit
1060 1151 181 59 litera,
1191 1151 82 59 &
1224 1151 99 59 ad
1274 1151 132 59 vnum
1356 1151 99 59 ad
1405 1151 148 59 ipsum
1504 1151 165 59 inquam
1619 1151 148 59 plus,
1718 1151 115 59 hoc
1784 1151 115 59 est
1849 1151 148 59 solum
1948 1151 115 59 vno
2014 1151 132 59 modo
2080 1151 82 59 ca¬-

477 1207 163 53 piendo
591 1207 131 53 plus
673 1207 131 53 quam
754 1207 114 53 par
820 1207 131 53 sit.
902 1207 180 53 Ventrem
1032 1207 147 53 nimis
1130 1207 261 53 referciendo,
1343 1207 163 53 aliqui
1457 1207 147 53 primo
1555 1207 196 53 apposita
1702 1207 131 53 more
1784 1207 131 53 lupi
1866 1207 196 53 deuorant
2013 1207 98 53 ad
2046 1207 114 53 sacie

465 1245 181 60 tatem,
592 1245 199 60 mandant
737 1245 127 60 quo
809 1245 109 60 ad
864 1245 199 60 ventrem
1009 1245 272 60 distentant.
1226 1245 163 60 Circa
1335 1245 145 60 vero
1426 1245 218 60 proprias
1589 1245 163 60 multi
1698 1245 254 60 delinquunt
1897 1245 91 60 &
1933 1245 181 60 multis
2042 1245 127 60 modis

474 1297 117 53 Cum
541 1297 133 53 enim
624 1297 200 53 quisquam
774 1297 150 53 bibit
874 1297 83 53 &
908 1297 183 53 comedit
1041 1297 233 53 quaecunque
1224 1297 150 53 quoad
1325 1297 183 53 excessu
1458 1297 233 53 repleatur,
1641 1297 117 53 fit
1708 1297 233 53 exuperatio
1891 1297 250 53 cupiditatis
2075 1297 83 53 com

476 1337 147 65 munis
574 1337 196 65 plusquam
721 1337 114 65 par
786 1337 114 65 sit
851 1337 245 65 accipiendo.
1047 1337 147 65 Porro
1145 1337 196 65 repletio
1292 1337 212 65 naturalis
1455 1337 245 65 indigentiae
1651 1337 180 65 quaedam
1782 1337 196 65 communis
1929 1337 212 65 cupiditas
2076 1337 98 65 est:

473 1388 208 62 propterea
633 1388 112 62 qui
697 1388 96 62 se
745 1388 112 62 hac
809 1388 112 62 via
873 1388 192 62 plusquam
1018 1388 160 62 aequum
1130 1388 112 62 sit
1194 1388 224 62 referciunt
1370 1388 160 62 ventri
1482 1388 192 62 addicti,
1626 1388 144 62 circa
1722 1388 176 62 ventrem
1851 1388 208 62 furentes,
2011 1388 80 62 &
2027 1388 144 62 gastri¬-

468 1435 148 58 mergi
566 1435 214 58 dicuntur:
731 1435 82 58 &
764 1435 115 58 qui
830 1435 148 58 tales
929 1435 132 58 sunt
1011 1435 214 58 mancipiis
1176 1435 231 58 persimiles
1357 1435 132 58 sunt
1439 1435 148 58 aluum
1538 1435 132 58 sine
1620 1435 247 58 discretione
1818 1435 231 58 replentes.
1999 1435 148 58 Tales
2082 1435 82 58 au¬-

482 1481 120 56 tem
550 1481 137 56 sunt
636 1481 206 56 perpauci
790 1481 86 56 &
825 1481 154 56 circa
927 1481 188 56 maiores
1064 1481 240 56 nutrimenti
1253 1481 171 56 copias
1373 1481 257 56 delinquunt.
1578 1481 86 56 ⁋
1613 1481 103 56 At
1664 1481 120 56 qui
1733 1481 206 56 proprias
1887 1481 257 56 cupiditates
2075 1481 86 56 se¬-

478 1531 182 62 quuntur
611 1531 83 62 &
644 1531 116 62 eas
710 1531 165 62 amant,
825 1531 182 62 peccant
958 1531 215 62 gaudentes
1123 1531 165 62 quibus
1239 1531 116 62 non
1305 1531 198 62 oportet,
1453 1531 83 62 &
1486 1531 116 62 sic
1553 1531 99 62 de
1602 1531 149 62 aliis
1701 1531 314 62 circunstantiis.
1966 1531 182 62 Gaudent
2081 1531 83 62 in¬-

465 1575 143 60 quam
554 1575 178 60 quibus
679 1575 125 60 non
750 1575 196 60 oportet
893 1575 214 60 gaudere,
1053 1575 178 60 quippe
1178 1575 125 60 cum
1249 1575 143 60 sint
1338 1575 143 60 odio
1427 1575 160 60 digna
1534 1575 214 60 gaudent,
1695 1575 178 60 vtpote
1819 1575 125 60 cum
1873 1575 285 60 intemperanter,

480 1620 84 64 &
514 1620 251 64 splendidius
714 1620 151 64 aequo
815 1620 251 64 comederint:
1016 1620 84 64 &
1049 1620 151 64 illud
1149 1620 117 64 est
1216 1620 167 64 suapte
1333 1620 167 64 natura
1450 1620 134 64 odio
1534 1620 184 64 dignum.
1668 1620 217 64 Praelatum
1835 1620 167 64 pingue
1936 1620 217 64 sacerdotium

469 1672 201 58 habentem
620 1672 168 58 laudat
738 1672 201 58 dilirium
888 1672 184 58 vulgus,
1023 1672 101 58 si
1073 1672 168 58 mensam
1190 1672 252 58 Sardanapali
1392 1672 151 58 regis
1492 1672 134 58 luxu
1576 1672 201 58 perditi,
1727 1672 117 58 aut
1794 1672 201 58 alterius
1945 1672 184 58 diuitis
2062 1672 101 58 epu¬-

474 1715 146 62 lonis
571 1715 178 62 teneat.
701 1715 97 62 Et
750 1715 97 62 si
798 1715 162 62 talium
912 1715 211 62 quibusdam
1074 1715 178 62 guudere
1204 1715 178 62 oportet
1334 1715 146 62 magis
1431 1715 178 62 gaudent
1561 1715 130 62 quam
1642 1715 178 62 liceat,
1772 1715 81 62 &
1804 1715 130 62 plus
1885 1715 178 62 gaudent
2015 1715 130 62 quam
2080 1715 81 62 mul

470 1761 164 64 titudo
584 1761 115 64 hoc
650 1761 115 64 est
715 1761 147 64 nimis
814 1761 180 64 intense
945 1761 98 64 in
994 1761 147 64 gradu
1092 1761 82 64 &
1125 1761 213 64 ardenter.
1289 1761 147 64 Licet
1387 1761 98 64 de
1436 1761 147 64 gradu
1534 1761 115 64 est
1600 1761 262 64 difficultas.
1813 1761 180 64 Deistis
1944 1761 197 64 dicitur.
2075 1761 82 64 Quo

476 1807 116 65 rum
543 1807 132 65 Deus
625 1807 165 65 venter
741 1807 132 65 est.
824 1807 165 65 Quidam
940 1807 215 65 delicatos
1105 1807 182 65 pisces,
1238 1807 182 65 rombos,
1370 1807 165 65 lupos,
1486 1807 182 65 soleas,
1618 1807 116 65 non
1684 1807 182 65 esitant
1817 1807 132 65 nisi
1899 1807 165 65 butiro
2015 1807 83 65 &
2032 1807 132 65 salsa¬-

473 1858 161 57 mentis
586 1858 145 57 gulae
682 1858 258 57 irritamentis
892 1858 274 57 praeparentur,
1118 1858 97 57 vt
1166 1858 177 57 dicebat
1295 1858 129 57 ille
1375 1858 161 57 lurco,
1488 1858 193 57 perdicis
1633 1858 161 57 obesae
1746 1858 161 57 pectus
1859 1858 177 57 mandens
1988 1858 129 57 siue
2052 1858 113 57 salsa

470 1907 152 59 mento.
576 1907 122 59 Ecce
652 1907 152 59 quanta
759 1907 167 59 patimur
880 1907 106 59 per
941 1907 137 59 amore
1033 1907 183 59 Christi.
1169 1907 122 59 Alii
1245 1907 228 59 frugalioris
1428 1907 213 59 instituti,
1595 1907 137 59 famen
1687 1907 228 59 condimentum
1869 1907 243 59 gratissimum,
2052 1907 106 59 solam

466 1953 189 54 adhibent.
611 1953 73 54 ⁋
640 1953 174 54 Sequitur
770 1953 131 54 seuda
857 1953 203 54 conclulio.
1017 1953 232 54 Dissimiliter
1205 1953 218 54 temperantia
1379 1953 73 54 &
1408 1953 247 54 intemperantia
1611 1953 116 54 sunt
1684 1953 131 54 circa
1771 1953 174 54 dolores,
1901 1953 73 54 &
1930 1953 116 54 ipsa
1988 1953 174 54 fortitudo.

466 2000 151 57 fortis
571 2000 106 57 est
632 2000 181 57 patiendo
767 2000 181 57 dolores,
903 2000 121 57 quos
978 2000 226 57 meticulosus
1159 2000 196 57 abhorret.
1310 2000 106 57 Sed
1370 2000 121 57 quis
1446 2000 106 57 non
1506 2000 106 57 est
1566 2000 196 57 temperans
1717 2000 166 57 ferendo
1837 2000 181 57 dolores,
1958 2000 196 57 intemperans

480 2043 120 56 tamen
560 2043 94 56 non
613 2043 161 56 ferendo,
734 2043 94 56 sed
787 2043 201 56 intemperans
948 2043 134 56 citius
1042 2043 80 56 ex
1082 2043 80 56 eo
1122 2043 161 56 dicitur,
1243 2043 107 56 quia
1309 2043 120 56 magis
1390 2043 120 56 dolet
1470 2043 107 56 quam
1537 2043 94 56 par
1590 2043 94 56 sit
1644 2043 147 56 quoties
1751 2043 174 56 voluptate
1885 2043 94 56 non
1938 2043 161 56 potitur,
2059 2043 134 56 atque¬

478 2089 152 58 dolorem
589 2089 139 58 affert
686 2089 83 58 ei
728 2089 111 58 ipsa
797 2089 180 58 voluptas.
935 2089 83 58 Et
977 2089 139 58 contra
1074 2089 180 58 temperans
1213 2089 83 58 eo
1254 2089 111 58 ipso
1324 2089 111 58 quod
1393 2089 194 58 voluptatum
1545 2089 166 58 absentia
1670 2089 97 58 non
1725 2089 194 58 torquntur,
1878 2089 69 58 &
1906 2089 111 58 quod
1961 2089 194 58 praesentibus

476 2137 193 60 abstinet.
625 2137 223 60 Intemperans
803 2137 119 60 vero
878 2137 223 60 concupiscit
1056 2137 223 60 voluptuaria
1235 2137 149 60 omnia,
1339 2137 104 60 vel
1398 2137 89 60 ea
1443 2137 119 60 quae
1517 2137 164 60 maxime:
1636 2137 74 60 &
1666 2137 74 60 a
1696 2137 208 60 cupiditate
1860 2137 119 60 adeo
1934 2137 164 60 ducitur
2053 2137 89 60 vt
2083 2137 89 60 illa

476 2191 169 56 caeteris
603 2191 155 56 omnibus
716 2191 198 56 anteponat,
871 2191 113 56 quae
941 2191 155 56 propter
1054 2191 226 56 concupiscens
1238 2191 71 56 &
1266 2191 99 56 non
1322 2191 198 56 adipiscens
1478 2191 183 56 toruntur,
1619 2191 99 56 cum
1675 2191 141 56 dolore
1774 2191 113 56 enim
1844 2191 183 56 cupiditas
1986 2191 113 56 est.
2056 2191 99 56 Hoc
2098 2191 71 56 est

478 2235 117 57 tota
552 2235 117 57 eius
625 2235 117 57 vita
698 2235 103 57 est
757 2235 132 57 anxia
844 2235 73 57 &
874 2235 205 57 aerumnosa.
1035 2235 146 57 Postea
1137 2235 146 57 dicit.
1240 2235 161 57 Absurdo
1357 2235 132 57 autem
1445 2235 103 57 est
1503 2235 161 57 persile
1621 2235 88 57 ob
1664 2235 205 57 voluptatem
1826 2235 161 57 dolere,
1943 2235 146 57 nihilo
2045 2235 132 57 tamen
2118 2235 59 57 se

474 2288 117 50 cius
547 2288 102 50 est
606 2288 131 50 verum
694 2288 117 50 quod
767 2288 175 50 voluptas
898 2288 146 50 habita
1000 2288 102 50 non
1059 2288 161 50 generat
1176 2288 175 50 dolorem,
1307 2288 102 50 sed
1366 2288 102 50 sua
1424 2288 175 50 absentia
1555 2288 102 50 est
1614 2288 131 50 causa
1702 2288 190 50 priuatiua
1848 2288 219 50 tristitiae:
2023 2288 88 50 vt
2052 2288 117 50 absen¬-

475 2321 108 62 tia
536 2321 170 62 nauderi
660 2321 108 62 est
721 2321 139 62 causa
814 2321 247 62 submersionis
1015 2321 139 62 nauis
1107 2321 93 62 in
1154 2321 154 62 vndis.
1262 2321 170 62 Duplici
1385 2321 139 62 poena
1478 2321 93 62 hi
1524 2321 185 62 lurcones
1663 2321 247 62 afficiuntur.
1863 2321 93 62 Ex
1910 2321 170 62 ventris
2033 2321 123 62 enim
2095 2321 77 62 in¬-

479 2372 156 66 gluuie
589 2372 109 66 vel
651 2372 172 66 crapula
776 2372 78 66 ⁋
808 2372 188 66 Sequitur
948 2372 156 66 morbus
1058 2372 78 66 &
1089 2372 156 66 dolor,
1199 2372 125 66 quia
1277 2372 94 66 vt
1324 2372 141 66 dicit
1417 2372 203 66 Horatius,
1574 2372 141 66 nocet
1668 2372 141 66 empta
1761 2372 156 66 dolore
1871 2372 203 66 voluptas,
2027 2372 78 66 &
2059 2372 94 66 si
2090 2372 78 66 non

474 2431 192 57 potiatur
618 2431 208 57 concupito
777 2431 224 57 torquntur.
953 2431 208 57 Masinissa
1113 2431 208 57 Numidarum
1273 2431 112 57 rex
1336 2431 160 57 centum
1448 2431 144 57 annos
1544 2431 144 57 natus
1640 2431 144 57 coram
1736 2431 240 57 tabernaculo
1927 2431 144 57 stans
2023 2431 96 57 in
2055 2431 112 57 mere¬-

484 2468 115 56 die
549 2468 230 56 frugaliter
730 2468 115 56 vel
795 2468 148 56 stans
894 2468 115 56 vel
960 2468 197 56 ambulans
1107 2468 230 56 comedebat,
1288 2468 98 56 vt
1337 2468 131 56 suos
1419 2468 98 56 ad
1469 2468 263 56 temperantiam
1682 2468 230 56 inuitaret.
1863 2468 148 56 Cyrus
1961 2468 148 56 maior
2043 2468 115 56 Dari¬-

476 2514 101 62 us
527 2514 84 62 &
560 2514 184 62 Popeius
694 2514 168 62 Romani
811 2514 151 62 duces
912 2514 84 62 a
945 2514 251 62 temperantia
1146 2514 201 62 plurimum
1297 2514 235 62 laudantur.
1481 2514 168 62 Ebrias
1599 2514 201 62 mulieres
1749 2514 151 62 morte
1850 2514 184 62 Romulus
1967 2514 201 62 plectebat,

485 2569 217 50 cogebatque
655 2569 186 50 mulieres
794 2569 155 50 viuere
902 2569 108 50 ita
964 2569 201 50 abstemias
1119 2569 93 50 ac
1165 2569 93 50 si
1212 2569 201 50 bibissent
1367 2569 93 50 de
1413 2569 186 50 elitorio
1552 2569 139 50 fonte
1645 2569 201 50 Arcadiae,
1800 2569 93 50 de
1846 2569 108 50 quo
1908 2569 93 50 si
1955 2569 186 50 quispiam
2079 2569 77 50 bi¬-

472 2614 136 56 berit
563 2614 106 56 (vt
623 2614 151 56 poetae
729 2614 181 56 fingunt)
865 2614 136 56 vinum
955 2614 121 56 omne
1031 2614 166 56 oderit.
1152 2614 166 56 Dicente
1273 2614 166 56 Nasone.
1393 2614 181 56 Clitorio
1529 2614 196 56 quicumque
1681 2614 136 56 sitim
1771 2614 91 56 de
1817 2614 136 56 fonte
1907 2614 181 56 leuarit.
2043 2614 121 56 Vina
2104 2614 60 56 fu

472 2657 117 64 git,
546 2657 191 64 gaudetque
692 2657 132 64 meris
781 2657 191 64 abstemius
927 2657 147 64 vndis.
1030 2657 73 64 ⁋
1059 2657 176 64 Sequitur
1191 2657 147 64 tertia
1294 2657 205 64 conclusio.
1456 2657 88 64 In
1500 2657 235 64 voluptatibus
1690 2657 220 64 deficientes
1866 2657 73 64 &
1896 2657 88 64 in
1940 2657 103 64 iis
1999 2657 132 64 minus
2072 2657 88 64 quam

482 2717 163 49 oportet
601 2717 193 49 gaudentes
749 2717 104 49 vix
808 2717 237 49 reperiuntur.
1001 2717 104 49 Hoc
1061 2717 104 49 est
1120 2717 119 49 sunt
1194 2717 133 49 rari,
1283 2717 104 49 non
1342 2717 104 49 est
1402 2717 148 49 humana
1506 2717 133 49 hmodi
1595 2717 282 49 insensibilitas,
1832 2717 104 49 cum
1891 2717 163 49 caetera
2010 2717 148 49 aialia
2099 2717 74 49 ci¬-

481 2744 101 57 bos
538 2744 201 57 discernant
696 2744 72 57 &
725 2744 187 57 quibusdam
869 2744 173 57 gaudeant
998 2744 129 57 aliis
1084 2744 101 57 non
1142 2744 187 57 gaudeant.
1286 2744 187 57 Pinguibus
1429 2744 101 57 non
1487 2744 173 57 vescitur
1616 2744 129 57 feles
1703 2744 101 57 seu
1760 2744 201 57 murilegus,
1918 2744 115 57 quae
1990 2744 129 57 canis
2062 2744 115 57 capit,

479 2802 70 53 &
507 2802 125 53 mltas
590 2802 153 53 haerbas
702 2802 125 53 equus
785 2802 209 53 aspernatur,
953 2802 111 53 quas
1022 2802 125 53 auide
1106 2802 97 53 bos
1161 2802 139 53 legit.
1259 2802 125 53 Tanto
1342 2802 125 53 magis
1426 2802 181 53 discernit
1565 2802 125 53 cibos
1649 2802 125 53 homo.
1732 2802 111 53 Quia
1802 2802 84 53 si
1844 2802 111 53 quis
1913 2802 181 53 reperitur
2053 2802 97 53 cui
2094 2802 70 53 nul

490 2835 103 62 sus
549 2835 132 62 cibus
637 2835 235 62 oblectamento
829 2835 118 62 sit,
902 2835 74 62 &
932 2835 103 62 qui
991 2835 118 62 vnum
1064 2835 191 62 alimentum
1211 2835 132 62 aliis
1300 2835 103 62 non
1359 2835 191 62 praponat,
1506 2835 103 62 hic
1565 2835 132 62 longe
1653 2835 88 62 ab
1697 2835 147 62 humano
1800 2835 132 62 viuit
1888 2835 132 62 ritu.
1977 2835 132 62 Nomem
2065 2835 103 62 non
2109 2835 59 62 ha

477 2890 109 56 buit
545 2890 136 56 talis,
640 2890 109 56 quia
708 2890 95 56 non
762 2890 149 56 facilae
871 2890 176 56 iuenitur.
1007 2890 68 56 ⁋
1034 2890 81 56 Ex
1075 2890 95 56 his
1129 2890 109 56 quis
1197 2890 176 56 temperans
1333 2890 95 56 sit
1387 2890 95 56 non
1441 2890 176 56 difficile
1577 2890 95 56 est
1631 2890 231 56 deprehendere.
1821 2890 176 56 Temperans
1957 2890 122 56 autem
2025 2890 149 56 medioeri¬-

477 2934 105 63 ter
537 2934 90 63 se
582 2934 135 63 habet
672 2934 135 63 circa
762 2934 135 63 haec,
852 2934 105 63 hoc
912 2934 105 63 est
971 2934 135 63 circa
1061 2934 165 63 dolores
1181 2934 75 63 &
1211 2934 225 63 voluptates.
1391 2934 180 63 Siquidem
1526 2934 150 63 omnino
1631 2934 105 63 non
1691 2934 150 63 gaudet
1795 2934 150 63 quibus
1900 2934 165 63 gaudere
2020 2934 105 63 non
2065 2934 120 63 decet,

486 2990 81 55 vt
526 2990 135 55 quibus
620 2990 121 55 intem
701 2990 148 55 peratus
809 2990 189 55 potissimum
957 2990 202 55 delectatur,
1119 2990 121 55 verum
1200 2990 135 55 potius
1294 2990 148 55 moleste
1402 2990 121 55 fert,
1483 2990 67 55 &
1510 2990 81 55 si
1550 2990 175 55 gaudendum
1685 2990 94 55 est
1739 2990 94 55 non
1793 2990 189 55 vehementer
1941 2990 81 55 in
1981 2990 121 55 illis
2049 2990 121 55 oblecta

476 3040 140 47 mentum
574 3040 140 47 capit,
672 3040 98 47 nec
728 3040 154 47 amplius
840 3040 112 47 quam
910 3040 126 47 ratio
994 3040 154 47 dictet:
1106 3040 98 47 nec
1162 3040 84 47 si
1204 3040 140 47 absit,
1302 3040 140 47 dolet:
1400 3040 98 47 nec
1456 3040 126 47 cupit
1540 3040 112 47 nisi
1610 3040 224 47 mediocriter:
1792 3040 98 47 nec
1848 3040 112 47 vlla
1918 3040 98 47 res
1974 3040 154 47 prorsus
2072 3040 98 47 talis

483 3076 131 60 ipsum
571 3076 175 60 delectat
702 3076 131 60 secus
789 3076 102 60 qui
847 3076 116 60 ops,
920 3076 73 60 &
949 3076 204 60 voluptates
1109 3076 116 60 quae
1182 3076 87 60 ad
1226 3076 131 60 bonam
1313 3076 218 60 valetudinem
1488 3076 175 60 corperis
1619 3076 189 60 conducunt
1764 3076 175 60 appetit,
1895 3076 73 60 &
1925 3076 102 60 res
1983 3076 175 60 caeteras
2099 3076 73 60 vo¬-

487 3130 176 55 luptatis
619 3130 220 55 effectrices
795 3130 176 55 appetit,
927 3130 102 55 mon
985 3130 176 55 corperis
1117 3130 205 55 valetudini
1278 3130 102 55 non
1337 3130 234 55 aduersantur,
1527 3130 161 55 eiusque
1644 3130 205 55 ipedimento
1805 3130 102 55 non
1864 3130 205 55 veniantur,
2025 3130 102 55 nec
2069 3130 102 55 hone¬-

484 3169 142 64 statem
583 3169 198 64 offendunt,
739 3169 99 64 nec
796 3169 198 64 honestatis
952 3169 156 64 limites
1065 3169 241 64 transcendant,
1264 3169 99 64 nec
1320 3169 198 64 facultatum
1476 3169 128 64 metas
1561 3169 284 64 transgrediantur.
1802 3169 128 64 Porro
1887 3169 99 64 qui
1944 3169 85 64 in
1987 3169 99 64 his
2043 3169 85 64 se
2072 3169 99 64 habet

490 3217 120 73 magis
569 3217 106 73 quam
636 3217 133 73 dignum
729 3217 106 73 sit,
795 3217 186 73 voluptatem
941 3217 106 73 plus
1008 3217 106 73 quam
1074 3217 133 73 aequum
1167 3217 93 73 est
1220 3217 212 73 amplectitur,
1393 3217 93 73 sed
1446 3217 173 73 temperans
1579 3217 173 73 nequamqui
1711 3217 120 73 talis
1791 3217 106 73 est,
1857 3217 93 73 set
1910 3217 120 73 talis
1990 3217 80 73 vt
2030 3217 106 73 ipsa
2083 3217 93 73 recta
