2364 3593
251 239 130 69 ratio
337 239 232 69 praescribit.
526 239 72 69 ⁋
554 239 130 69 Circa
641 239 116 69 hanc
714 239 159 69 literam
829 239 203 69 dubitatur,
989 239 145 69 Primo,
1090 239 130 69 quare
1177 239 174 69 dicuntur
1307 239 275 69 concupiscentiae
1539 239 188 69 communes,
1683 239 72 69 &
1712 239 130 69 quare
1785 239 159 69 propriae.

244 291 186 63 Secundo
380 291 136 63 quem
464 291 152 63 cibum
566 291 220 63 appetitus
735 291 237 63 sensitiuus
922 291 186 63 appetit
1057 291 102 63 in
1108 291 220 63 absentia.
1277 291 186 63 Tertio,
1413 291 186 63 quomodo
1548 291 254 63 cognoscitur
1752 291 203 63 latitudo

256 335 279 57 temperantiae.
485 335 181 57 Quarto,
617 335 98 57 an
666 335 148 57 viris
764 335 213 57 perfectis
929 335 82 57 &
961 335 181 57 sanctis
1093 335 230 57 necessitas
1273 335 115 57 sit
1339 335 164 57 regula
1454 335 197 57 viuendi.
1602 335 181 57 Quinto,
1733 335 98 57 an
1766 335 164 57 voluptas

249 389 95 56 in
297 389 127 56 cibo
376 389 191 56 incidens
519 389 111 56 sit
583 389 207 56 peccatum.
742 389 79 56 ⁋
774 389 95 56 Ad
821 389 159 56 primam
933 389 254 56 dubitationem
1139 389 191 56 dicitur,
1282 389 127 56 quod
1362 389 127 56 sunt
1441 389 191 56 communes
1584 389 127 56 quia
1664 389 223 56 naturales,
1823 389 111 56 totum

258 435 145 60 genus
355 435 113 60 aut
419 435 177 60 speciem
548 435 274 60 consequentes,
774 435 97 60 vt
822 435 129 60 cibi
903 435 81 60 &
935 435 145 60 potus
1031 435 290 60 concupiscentia
1273 435 97 60 ad
1322 435 258 60 subueniendum
1531 435 242 60 indigentiae
1724 435 193 60 naturae.
1853 435 81 60 Est

256 465 128 69 vnum
336 465 191 69 peccatum
479 465 96 69 in
527 465 112 69 hoc
591 465 128 69 plus
671 465 191 69 capiendo
814 465 128 69 quam
894 465 159 69 natura
1005 465 207 69 requirat,
1165 465 191 69 propriae
1308 465 303 69 concupiscentiae
1563 465 255 69 consequuntur
1771 465 143 69 solum
1850 465 80 69 in¬-

252 526 208 53 diuiduum,
412 526 128 53 siue
492 526 96 53 ab
540 526 224 53 habitudine
715 526 208 53 naturali,
875 526 128 53 siue
955 526 224 53 electione,
1131 526 128 53 siue
1211 526 272 53 consuetudine,
1435 526 80 53 &
1467 526 96 53 in
1515 526 112 53 hoc
1578 526 176 53 homines
1706 526 112 53 non
1770 526 144 53 parum
1850 526 80 53 di¬-

255 570 290 58 uersificantur,
497 570 193 58 secundum
642 570 145 58 mores
738 570 193 58 hominum,
883 570 113 58 qui
948 570 161 58 vbiuis
1061 570 177 58 gentium
1190 570 226 58 variantur.
1367 570 145 58 Mille
1464 570 177 58 hominum
1593 570 177 58 species
1721 570 81 58 &
1754 570 145 58 rerum
1834 570 97 58 dis¬-

241 619 150 53 color
341 619 150 53 vsus.
441 619 166 53 Aliqui
557 619 199 53 boleton,
707 619 183 53 tubera,
840 619 249 53 ranunculos,
1039 619 116 53 aut
1106 619 233 53 testudines
1288 619 150 53 auide
1388 619 216 53 comedunt,
1554 619 83 53 &
1588 619 183 53 humanas
1721 619 166 53 carnes
1820 619 100 53 scy¬-

247 667 133 57 thae
331 667 183 57 quidam,
464 667 100 57 no
514 667 267 57 aspernantur.
730 667 83 57 ⁋
764 667 100 57 Ad
814 667 200 57 secundam
964 667 267 57 respondetur,
1180 667 133 57 quod
1264 667 167 57 brutum
1380 667 183 57 appetit
1514 667 150 57 cibum
1613 667 150 57 illum
1713 667 150 57 cuius
1797 667 133 57 recor¬-

251 711 144 57 datio
347 711 208 57 sensitiua
507 711 224 57 habitualis
684 711 112 57 est
748 711 96 57 in
796 711 128 57 eius
876 711 160 57 sensu:
988 711 208 57 quaelibet
1148 711 128 57 enim
1228 711 192 57 potentia
1372 711 224 57 appetitiua
1549 711 112 57 est
1613 711 112 57 sua
1677 711 224 57 cognitiua,
1837 711 80 57 po¬-

261 761 157 60 tentia
371 761 204 60 gustatiua
528 761 220 60 appetitiua
701 761 173 60 appetit
827 761 157 60 auenam
937 761 141 60 cuius
1031 761 173 60 species
1157 761 110 60 est
1220 761 94 60 in
1267 761 141 60 gustu
1361 761 141 60 equi.
1456 761 157 60 Sensus
1566 761 110 60 est
1628 761 251 60 singularium.
1817 761 110 60 Prima

242 806 145 57 fames
339 806 113 57 vel
403 806 145 57 sitis
500 806 97 57 in
548 806 177 57 animali
677 806 113 57 non
741 806 113 57 est
806 806 210 57 appetitus
967 806 129 57 cibi
1048 806 113 57 aut
1112 806 161 57 potus,
1225 806 113 57 cum
1289 806 161 57 nullus
1402 806 113 57 sit
1467 806 210 57 sensatus:
1628 806 113 57 sed
1692 806 97 57 si
1725 806 193 57 producatur

247 852 171 57 animal
367 852 137 57 cibi
452 852 120 57 non
521 852 188 57 indigum
658 852 206 57 temporis
812 852 240 57 interuallo
1001 852 171 57 animal
1121 852 154 57 ipsum
1224 852 188 57 quandam
1361 852 223 57 taediosam
1532 852 274 57 alterationem
1755 852 103 57 in
1789 852 137 57 stoma¬-

250 903 115 56 cho
315 903 180 56 sentit:
446 903 82 56 &
479 903 98 56 in
528 903 164 56 illius
642 903 213 56 reuelamem
806 903 196 56 remedium
953 903 213 56 procurat,
1117 903 82 56 &
1150 903 131 56 cibo
1232 903 115 56 aut
1297 903 131 56 potu
1379 903 164 56 habito
1493 903 131 56 post
1575 903 98 56 ea
1624 903 180 56 appetit
1755 903 115 56 vti
1804 903 115 56 supe¬-

255 947 130 60 rius
336 947 228 60 retulimus.
515 947 81 60 ⁋
548 947 98 60 Ad
597 947 179 60 tertiam
727 947 261 60 dubitationem
939 947 261 60 respondetur,
1150 947 130 60 quod
1232 947 179 60 capitur
1362 947 147 60 cibus
1460 947 228 60 sufficiens
1639 947 163 60 corpus
1737 947 195 60 augmentare

254 999 98 51 ad
303 999 212 51 crementum
466 999 163 51 vsque:
580 999 163 51 postea
695 999 196 51 capiatur
842 999 163 51 pastus
956 999 229 51 sufficiens
1136 999 147 51 ipsum
1234 999 229 51 manutenere
1413 999 82 51 &
1446 999 163 51 alere,
1560 999 163 51 paucis
1675 999 82 51 &
1707 999 180 51 minimis
1822 999 114 51 natu¬-

250 1045 96 53 ra
298 1045 192 53 contenta
442 1045 128 53 est.
522 1045 112 53 Tam
586 1045 128 53 cibi
666 1045 176 53 defectu
795 1045 128 53 quam
875 1045 128 53 eius
955 1045 176 53 excessu
1083 1045 192 53 corporis
1227 1045 192 53 harmonia
1371 1045 256 53 dissoluitur.
1580 1045 96 53 Ex
1628 1045 240 53 praeteritis
1804 1045 128 53 quando

253 1087 206 62 quispiam
407 1087 137 62 bene
493 1087 103 62 se
545 1087 172 62 habuit
665 1087 86 62 &
699 1087 103 62 in
751 1087 172 62 morbum
871 1087 103 62 ob
923 1087 309 62 intemperantiam
1180 1087 86 62 &
1215 1087 344 62 insensibilitatem
1507 1087 172 62 lapsus
1627 1087 137 62 est,
1713 1087 172 62 potest
1816 1087 120 62 illud

250 1142 283 49 apprehendere.
484 1142 167 49 Habeat
600 1142 217 49 respectum
767 1142 100 49 ne
817 1142 117 49 cum
883 1142 200 49 corporis
1033 1142 267 49 incolumitate
1250 1142 150 49 anima
1350 1142 233 49 infirmetur
1533 1142 183 49 vitiis.
1666 1142 133 49 Caro
1750 1142 117 49 est
1800 1142 133 49 hostis

258 1180 229 52 domesticus
438 1180 131 52 quem
519 1180 180 52 oportet
650 1180 98 52 in
699 1180 229 52 seruitutem
879 1180 213 52 redigere,
1043 1180 98 52 si
1092 1180 196 52 insolens
1239 1180 180 52 fuerit:
1370 1180 82 52 &
1403 1180 98 52 si
1452 1180 98 52 id
1501 1180 196 52 temporis
1648 1180 245 52 infirmitate
1828 1180 115 52 labo¬-

255 1225 168 57 retur,
373 1225 219 57 prudenter
541 1225 151 57 actum
642 1225 135 57 est.
726 1225 151 57 Dicit
827 1225 135 57 enim
911 1225 235 57 Apostolus.
1096 1225 118 57 Cum
1163 1225 219 57 infirmor,
1332 1225 185 57 fortior
1466 1225 135 57 sum.
1550 1225 202 57 Infirmus
1702 1225 185 57 corpore
1819 1225 118 57 sanus

245 1282 158 52 mente:
356 1282 79 52 &
388 1282 127 52 illa
467 1282 111 52 est
530 1282 174 52 hominis
657 1282 301 52 praestantissima
911 1282 206 52 valetudo:
1069 1282 111 52 sed
1133 1282 127 52 quia
1212 1282 158 52 corpus
1323 1282 111 52 est
1386 1282 158 52 animae
1497 1282 254 52 instrumentum
1703 1282 79 52 &
1735 1282 158 52 equus,
1830 1282 95 52 sine

244 1319 120 65 quo
312 1319 137 65 homo
398 1319 120 65 non
467 1319 172 65 viuit:
587 1319 154 65 super
690 1319 137 65 quem
776 1319 120 65 (vt
844 1319 120 65 ita
913 1319 189 65 loquar)
1050 1319 154 65 anima
1153 1319 206 65 equitat:
1307 1319 223 65 nutriatur
1479 1319 120 65 ita
1547 1319 103 65 vt
1599 1319 120 65 non
1668 1319 206 65 recalcit
1822 1319 137 65 ret:
1891 1319 51 65 &

256 1375 132 48 tunc
338 1375 132 48 erit
420 1375 132 48 bona
503 1375 181 48 politia
635 1375 99 48 in
684 1375 132 48 toto
767 1375 181 48 homine.
899 1375 115 48 Non
965 1375 165 48 hortor
1080 1375 165 48 corpus
1196 1375 99 48 in
1245 1375 181 48 nihilum
1377 1375 214 48 redigere:
1542 1375 132 48 quia
1625 1375 132 48 ille
1707 1375 115 48 non
1773 1375 115 48 est
1823 1375 115 48 bonus

253 1418 234 59 politicus,
437 1418 117 59 qui
504 1418 150 59 ciuem
604 1418 184 59 occidit
738 1418 134 59 sine
822 1418 117 59 quo
889 1418 167 59 viuere
1006 1418 184 59 nequit.
1139 1418 100 59 Ea
1190 1418 184 59 propter
1323 1418 167 59 mentem
1440 1418 150 59 sanam
1541 1418 100 59 in
1591 1418 184 59 corpore
1725 1418 150 59 sano,
1808 1418 134 59 quidam

252 1466 181 54 sapiens
383 1466 197 54 optauit.
531 1466 99 54 Ex
581 1466 197 54 corporis
729 1466 82 54 &
762 1466 181 54 partium
893 1466 132 54 eius
976 1466 214 54 discrasia
1140 1466 82 54 a
1173 1466 263 54 nobilissimis
1387 1466 132 54 suis
1469 1466 230 54 affectibus
1650 1466 148 54 anima
1733 1466 197 54 impeditur.

244 1511 127 57 Non
317 1511 200 57 comedat
462 1511 164 57 cibos
571 1511 109 57 in
626 1511 182 57 patria
753 1511 127 57 sua
826 1511 291 57 abominabiles
1062 1511 200 57 habitos
1208 1511 164 57 extra
1317 1511 309 57 necessitatem:
1571 1511 109 57 vt
1626 1511 109 57 in
1680 1511 236 57 Britannia
1844 1511 91 57 non

249 1558 195 50 comedunt
395 1558 244 50 testudines,
590 1558 244 50 ranunculos,
786 1558 195 50 boletos,
932 1558 163 50 carnes
1046 1558 195 50 humanas,
1192 1558 81 50 &
1225 1558 179 50 caetera
1355 1558 98 50 id
1404 1558 163 50 genus:
1518 1558 130 50 quia
1599 1558 114 50 hoc
1664 1558 146 50 esset
1746 1558 195 50 honestatis

252 1601 202 52 cancellos
408 1601 265 52 transcendere.
626 1601 109 52 Nam
688 1601 125 52 illi
766 1601 125 52 cibi
844 1601 249 52 consuetudine
1047 1601 125 52 sunt
1124 1601 171 52 vetiti.
1249 1601 171 52 ldemque
1373 1601 109 52 est
1436 1601 93 52 ac
1482 1601 93 52 si
1529 1601 156 52 aliqua
1638 1601 125 52 lege
1700 1601 234 52 prohibeantur.

252 1647 134 64 Ergo
336 1647 118 64 est
403 1647 303 64 intemperantiae
656 1647 202 64 carnibus
807 1647 168 64 diebus
925 1647 219 64 venerinis
1093 1647 168 64 vesci,
1210 1647 118 64 vel
1277 1647 219 64 abstemiis
1446 1647 151 64 merum
1546 1647 185 64 bibere:
1681 1647 134 64 quia
1748 1647 185 64 oppositum

257 1696 135 60 voto
342 1696 237 60 emiserunt.
528 1696 186 60 Quarto,
663 1696 135 60 suas
748 1696 152 60 vires
849 1696 102 60 in
900 1696 186 60 ciborum
1035 1696 288 60 praeparatione
1272 1696 118 60 non
1340 1696 271 60 transcendat.
1560 1696 118 60 Nam
1627 1696 152 60 inops
1729 1696 85 60 &
1746 1696 186 60 ignobilis

251 1742 153 56 etiam
353 1742 220 56 opulentus
522 1742 204 56 perperam
675 1742 136 56 agit
760 1742 187 56 opipare
895 1742 136 56 more
980 1742 204 56 opulenti
1133 1742 187 56 nobilis
1269 1742 237 56 comedendo.
1455 1742 102 56 Si
1506 1742 136 56 quis
1591 1742 153 56 tamen
1693 1742 153 56 morbo
1777 1742 153 56 laborat

251 1794 120 54 iam
319 1794 154 54 casus
422 1794 273 54 necessitatis
644 1794 222 54 occurrit,
814 1794 137 54 quae
900 1794 154 54 legem
1002 1794 120 54 non
1070 1794 171 54 habet.
1190 1794 85 54 ⁋
1224 1794 102 54 Ad
1275 1794 188 54 quartam
1412 1794 290 54 dubitationem,
1651 1794 205 54 Martinus
1787 1794 137 54 affir¬-

252 1842 162 54 matiue
365 1842 226 54 respondet.
543 1842 81 54 ⁋
575 1842 162 54 Contra
689 1842 113 54 hoc
753 1842 243 54 argumentor.
947 1842 210 54 Cuicumque
1109 1842 97 54 ad
1158 1842 259 54 temperantiae
1368 1842 243 54 latitudinem
1562 1842 226 54 sufficiunt
1740 1842 129 54 illa
1821 1842 129 54 quae

255 1885 222 56 retulimus:
429 1885 111 56 sed
493 1885 95 56 ea
540 1885 206 56 perfectis
698 1885 142 56 sicut
793 1885 237 56 imperfectis
983 1885 237 56 conveniunt.
1173 1885 206 56 Perfectus
1331 1885 158 56 inquam
1442 1885 142 56 habet
1537 1885 237 56 latitudinem
1711 1885 206 56 diuisibilem

251 1934 96 51 in
299 1934 113 51 qua
363 1934 96 51 si
412 1934 161 51 manet,
524 1934 113 51 nec
589 1934 161 51 animae
701 1934 113 51 nec
765 1934 177 51 corpori
894 1934 161 51 oberit
1007 1934 113 51 &c.
1071 1934 80 51 ⁋
1103 1934 161 51 Contra
1216 1934 145 51 illud
1312 1934 225 51 obiicitur.
1489 1934 161 51 Sancti
1601 1934 80 51 &
1634 1934 193 51 perfecti
1778 1934 129 51 viri
1843 1934 80 51 hoc

249 1980 157 59 habent
359 1980 110 59 pro
422 1980 157 59 regula
532 1980 188 59 quodalii
673 1980 110 59 non
736 1980 157 59 habent
846 1980 126 59 nisi
924 1980 110 59 pro
987 1980 204 59 consilio:
1144 1980 110 59 sed
1207 1980 220 59 necessitas
1380 1980 110 59 est
1442 1980 235 59 imperfectis
1631 1980 141 59 viris
1725 1980 94 59 de
1756 1980 173 59 consilio,

257 2035 132 46 ergo
339 2035 115 46 est
405 2035 214 46 perfectis
569 2035 99 46 de
619 2035 230 46 praecepto.
800 2035 181 46 Secundo
931 2035 198 46 secundum
1080 2035 148 46 diuum
1178 2035 214 46 Bernardum
1343 2035 99 46 in
1392 2035 115 46 via
1458 2035 148 46 morum
1557 2035 115 46 non
1623 2035 198 46 progredi
1754 2035 165 46 retroce¬-

252 2071 127 54 dere
331 2071 127 54 est:
411 2071 158 54 igitur
521 2071 111 54 non
585 2071 222 54 procedendo
759 2071 190 54 continuo
901 2071 95 54 ad
949 2071 158 54 medium
1060 2071 238 54 strictioris
1250 2071 238 54 latitudinis
1440 2071 174 54 peccat.
1567 2071 111 54 Has
1630 2071 190 54 rationes
1757 2071 158 54 Martinus

254 2117 104 59 in
306 2117 121 59 suo
375 2117 155 59 libro
478 2117 104 59 de
530 2117 259 59 temperantia
737 2117 155 59 facit
841 2117 104 59 ad
893 2117 276 59 concludendam
1117 2117 276 59 conclusionem
1342 2117 225 59 oppositam
1515 2117 259 59 responsioni
1722 2117 207 59 nostrae.
1860 2117 69 59 Ad

260 2166 185 57 priorem
395 2166 168 57 igitur
513 2166 236 57 respondeo,
698 2166 202 57 vtramque
849 2166 236 57 praemissam
1034 2166 202 57 negando:
1186 2166 151 57 primo
1287 2166 202 57 maiorem.
1438 2166 135 57 Stat
1522 2166 135 57 enim
1606 2166 185 57 aliquem
1724 2166 202 57 hypocritam

261 2213 83 58 &
295 2213 166 58 malum,
410 2213 166 58 habere
526 2213 182 58 minorem
659 2213 248 58 latitudinem
858 2213 132 58 quam
940 2213 132 58 hunc
1023 2213 182 58 sanctum
1156 2213 116 58 aut
1222 2213 166 58 illum:
1338 2213 99 58 ex
1388 2213 149 58 parua
1487 2213 132 58 enim
1570 2213 232 58 comestione
1735 2213 199 58 quotidiana

249 2257 127 60 ipse
329 2257 175 60 redigit
456 2257 95 60 se
503 2257 95 60 ad
551 2257 159 60 paruam
662 2257 254 60 latitudinem:
869 2257 111 60 ita
932 2257 127 60 quod
1012 2257 95 60 si
1059 2257 159 60 multum
1170 2257 207 60 comederet
1329 2257 95 60 ei
1377 2257 191 60 noceret.
1520 2257 191 60 Secundo,
1663 2257 143 60 minor
1758 2257 111 60 est
1806 2257 127 60 falsa:

253 2303 202 60 consilium
409 2303 109 60 est
471 2303 93 60 de
518 2303 171 60 meliori
642 2303 140 60 bono,
736 2303 78 60 &
767 2303 124 60 stat
844 2303 124 60 quod
922 2303 187 60 capiendo
1062 2303 140 60 solum
1155 2303 187 60 secundum
1295 2303 249 60 necessitatem
1498 2303 109 60 non
1560 2303 109 60 est
1622 2303 93 60 ei
1669 2303 93 60 de
1715 2303 171 60 meliore
1824 2303 109 60 bono.

285 2352 210 56 Secundum
443 2352 246 56 argumentum
636 2352 123 56 est
706 2352 193 56 nullum:
847 2352 158 56 ipsum
952 2352 210 56 probaret
1110 2352 140 56 quod
1197 2352 140 56 homo
1285 2352 228 56 perfectus
1460 2352 228 56 teneretur
1636 2352 158 56 adire
1741 2352 123 56 non
1794 2352 140 56 gradum

248 2399 260 59 latitudinis:
459 2399 81 59 &
491 2399 114 59 sic
556 2399 97 59 de
605 2399 162 59 nihilo
719 2399 162 59 viuet.
832 2399 211 59 Bernardus
995 2399 227 59 intellexit
1173 2399 114 59 non
1238 2399 211 59 procedere
1400 2399 162 59 quando
1514 2399 130 59 homo
1595 2399 195 59 tenetur,
1741 2399 114 59 est
1790 2399 130 59 retro¬-

255 2446 162 58 cedere
368 2446 114 58 per
433 2446 243 58 omissionem.
628 2446 146 58 Adhuc
725 2446 195 58 instatur
871 2446 114 58 pro
936 2446 114 58 eo.
1001 2446 211 58 Perfectus
1163 2446 81 58 &
1195 2446 211 58 eremicola
1357 2446 97 58 si
1406 2446 162 58 tantum
1520 2446 211 58 comederet
1682 2446 178 58 quantum
1795 2446 130 58 inten¬-

258 2503 160 46 perans
370 2503 128 46 male
450 2503 96 46 se
497 2503 176 46 haberet
625 2503 96 46 in
673 2503 192 46 corpore:
817 2503 128 46 ergo
896 2503 192 46 latitudo
1040 2503 255 46 temperantiae
1248 2503 128 46 eius
1327 2503 112 46 est
1391 2503 208 46 angustior
1551 2503 128 46 quam
1631 2503 192 46 latitudo
1758 2503 176 46 alterius.

260 2541 174 65 Quarto,
387 2541 174 65 veniale
513 2541 95 65 in
560 2541 221 65 imperfecto
734 2541 111 65 est
797 2541 174 65 mortale
924 2541 95 65 in
971 2541 205 65 perfecto:
1129 2541 126 65 ergo
1208 2541 190 65 latitudo
1350 2541 253 65 temperantiae
1556 2541 111 65 est
1619 2541 205 65 strictior
1761 2541 158 65 perfecto

248 2585 139 62 quam
335 2585 261 62 imperfecto.
543 2585 278 62 Respondetur,
769 2585 139 62 quod
856 2585 122 62 hoc
926 2585 157 62 prius
1030 2585 243 62 argumentum
1221 2585 122 62 est
1291 2585 191 62 nullum.
1430 2585 174 62 Fateor
1552 2585 139 62 enim
1639 2585 209 62 assuetum
1778 2585 139 62 multum

260 2637 188 52 comedere
401 2637 78 52 &
432 2637 156 52 habere
542 2637 172 52 ventrem
667 2637 219 52 distentum,
839 2637 78 52 &
870 2637 125 52 hunc
948 2637 141 52 posse
1042 2637 125 52 plus
1120 2637 203 52 manducare
1276 2637 125 52 quam
1354 2637 156 52 alium,
1464 2637 109 52 nec
1526 2637 141 52 posse
1620 2637 109 52 ita
1683 2637 141 52 paruo
1761 2637 156 52 satiari.

253 2679 239 54 Consuetudo
441 2679 137 54 enim
526 2679 222 54 comedendi
697 2679 103 54 in
749 2679 188 54 naturam
885 2679 273 54 convertitur:
1108 2679 154 54 sicut
1210 2679 205 54 assuetus
1364 2679 205 54 quotidie
1518 2679 137 54 iter
1603 2679 171 54 facere
1723 2679 171 54 potest
1825 2679 103 54 plus

255 2728 168 58 itineri
377 2728 153 58 facere
484 2728 122 58 quam
561 2728 229 58 nonassuetus
744 2728 122 58 sine
821 2728 184 58 iactura,
958 2728 153 58 semper
1065 2728 153 58 loquor
1172 2728 92 58 de
1218 2728 214 58 latitudine
1387 2728 138 58 medii
1478 2728 122 58 quae
1555 2728 92 58 in
1601 2728 153 58 variis
1708 2728 199 58 variatur.
1846 2728 76 58 Non

245 2772 116 59 est
312 2772 132 59 idem
394 2772 166 59 medium
510 2772 99 59 in
560 2772 166 59 Milone
676 2772 83 59 &
709 2772 99 59 in
759 2772 132 59 ludi
841 2772 215 59 magistro:
1007 2772 116 59 sic
1073 2772 116 59 nec
1139 2772 149 59 eadem
1239 2772 99 59 in
1288 2772 182 59 robusto
1421 2772 116 59 aut
1487 2772 248 59 intemperato
1686 2772 83 59 &
1719 2772 149 59 valde
1802 2772 132 59 tempe¬-

239 2817 151 62 rato:
340 2817 117 62 sed
407 2817 151 62 illud
508 2817 117 62 non
575 2817 201 62 prouenit
726 2817 84 62 a
759 2817 235 62 sanctitate
944 2817 84 62 &
977 2817 268 62 perfectione.
1195 2817 101 62 Ob
1245 2817 201 62 memoriam
1396 2817 218 62 passionis
1564 2817 218 62 dominicae
1732 2817 151 62 feria
1816 2817 117 62 sexta

242 2875 171 48 carnium
367 2875 125 48 esus
445 2875 109 48 est
507 2875 187 48 vetitus:
648 2875 109 48 qui
710 2875 125 48 illo
788 2875 109 48 die
850 2875 125 48 nisi
928 2875 171 48 natalis
1053 2875 203 48 dominicus
1209 2875 94 48 eo
1256 2875 171 48 venerit
1380 2875 156 48 carnes
1490 2875 187 48 scienter
1630 2875 218 48 manducans,
1786 2875 140 48 peccat.

255 2912 182 51 Propter
388 2912 298 51 intemperantiam
636 2912 248 51 introductus
835 2912 116 51 est
901 2912 182 51 ciborum
1034 2912 199 51 delectus
1183 2912 99 51 ab
1232 2912 215 51 ecclesia,
1398 2912 149 51 impii
1497 2912 248 51 dogmatistae
1696 2912 116 51 iam
1746 2912 182 51 pullulant

246 2962 211 59 Paulinas
404 2962 228 59 epistolas
580 2962 105 59 in
632 2962 228 59 oppositum
808 2962 123 59 (vt
878 2962 175 59 aiunt)
1001 2962 316 59 introducentes.
1264 2962 158 59 Dicit
1369 2962 140 59 enim
1457 2962 158 59 sacer
1563 2962 175 59 Paulus
1685 2962 105 59 ad
1720 2962 211 59 Timotheum:

239 3007 116 60 non
306 3007 133 60 esse
389 3007 249 60 abstinendum
588 3007 83 60 a
621 3007 149 60 cibis
721 3007 133 60 quos
804 3007 133 60 deus
887 3007 199 60 creauit.
1036 3007 149 60 Omnis
1136 3007 133 60 enim
1219 3007 199 60 creatura
1368 3007 116 60 dei
1435 3007 133 60 bona
1518 3007 133 60 est:
1601 3007 83 60 &
1634 3007 149 60 nihil
1717 3007 216 60 reiiciendum

247 3061 136 52 quod
332 3061 119 52 cum
400 3061 221 52 gratiarum
570 3061 187 52 actione
707 3061 255 52 percipitur.
911 3061 255 52 Respondetur
1115 3061 102 52 ad
1166 3061 119 52 hoc
1234 3061 136 52 quod
1319 3061 170 52 Paulus
1438 3061 221 52 euangelii
1609 3061 136 52 tuba
1694 3061 204 52 loquitur
1830 3061 102 52 con¬-

243 3106 122 52 tra
312 3106 122 52 eos
382 3106 122 52 qui
451 3106 209 52 studiose
608 3106 209 52 delectum
764 3106 226 52 seruabant
938 3106 191 52 ciborum
1077 3106 139 52 more
1164 3106 156 52 legis
1268 3106 226 52 Mosaicae.
1442 3106 226 52 Insudabat
1615 3106 139 52 enim
1702 3106 156 52 diuus
1789 3106 139 52 Paulus

248 3144 102 51 ad
299 3144 255 51 antiquandam
503 3144 153 51 legem
605 3144 204 51 Mosaicam
759 3144 153 51 legis
861 3144 187 51 gratiae
997 3144 187 51 vmbram.
1133 3144 204 51 Proceres
1286 3144 153 51 autem
1388 3144 221 51 ecclesiae
1559 3144 153 51 aliis
1661 3144 102 51 de
1712 3144 170 51 causis
1814 3144 119 51 dele¬-

243 3191 136 74 ctum
328 3191 187 74 ciborum
464 3191 272 74 introduxere,
685 3191 102 74 vt
736 3191 170 74 diebus
855 3191 221 74 venerinis
1025 3191 289 74 sabbatinisque
1262 3191 85 74 &
1296 3191 102 74 in
1347 3191 289 74 quadragesima,
1585 3191 102 74 vt
1636 3191 187 74 homines
1755 3191 170 74 lasciuam
