2341 3587
378 214 191 75 carnem
512 214 249 75 macerent.
703 214 115 75 Ad
760 214 230 75 quartum,
933 214 153 75 nego
1028 214 153 75 quod
1124 214 210 75 veniale
1277 214 115 75 in
1334 214 268 75 imperfecto
1545 214 191 75 faciat
1678 214 210 75 mortale
1831 214 115 75 in
1870 214 210 75 perfecto.

373 282 84 64 ⁋
407 282 234 64 Dubitatur,
591 282 100 64 in
641 282 167 64 quibus
758 282 134 64 stet
842 282 201 64 latitudo
992 282 284 64 temperantiae.
1227 282 268 64 Respondetur,
1444 282 100 64 ea
1494 282 201 64 latitudo
1645 282 84 64 a
1678 282 184 64 quatuor
1812 282 218 64 dependet.
1963 282 117 64 Primo

375 335 85 54 a
409 335 204 54 corporis
562 335 272 54 incolumitate
784 335 102 54 vt
835 335 204 54 capiatur
988 335 102 54 ad
1039 335 136 54 eius
1124 335 221 54 alimoniam
1295 335 85 54 &
1329 335 119 54 non
1397 335 170 54 vltra:
1516 335 187 54 proinde
1652 335 238 54 charissime
1840 335 136 54 fili
1908 335 170 54 alimento

378 374 206 59 temperate
536 374 174 59 vtitor.
663 374 190 59 Secundo,
805 374 79 59 a
837 374 127 59 bona
916 374 158 59 animae
1027 374 111 59 cum
1090 374 174 59 corpore
1217 374 206 59 harmonia,
1375 374 95 59 si
1422 374 158 59 fuerit
1533 374 142 59 inter
1628 374 127 59 haec
1707 374 221 59 diaphonia,
1865 374 206 59 compescatur

386 422 182 60 corpus,
519 422 99 60 vt
568 422 165 60 animae
684 422 182 60 pareat.
817 422 182 60 Tertio,
949 422 99 60 vt
999 422 232 60 honestatis
1181 422 215 60 cancellos
1346 422 116 60 non
1412 422 248 60 transilias.
1611 422 248 60 Multifariam
1809 422 99 60 id
1859 422 165 60 expono
1958 422 116 60 omnem

384 467 174 63 coitum
506 467 139 63 nisi
593 467 192 63 vxorium
732 467 192 63 vitato.
872 467 157 63 Nempe
976 467 157 63 omnis
1081 467 157 63 talis
1185 467 192 63 honesti
1325 467 227 63 cancellos
1499 467 244 63 egreditur:
1691 467 122 63 nec
1760 467 157 63 casum
1865 467 192 63 admitto
1987 467 87 63 quo

380 523 205 50 carnalis
534 523 222 50 commixtio
705 523 103 50 ad
756 523 154 50 vitae
859 523 308 50 conseruationem
1116 523 257 50 requiratur.
1321 523 188 50 Enucleo
1458 523 154 50 casum
1561 523 137 50 sic.
1646 523 154 50 Sanus
1749 523 257 50 abstinentia
1937 523 137 50 corpus

385 567 209 54 macerabit
546 567 161 54 necnon
658 567 273 54 mortificabit,
883 567 145 54 atque
979 567 177 54 infirmo
1108 567 161 54 coitus
1220 567 145 54 valde
1317 567 161 54 nocet.
1429 567 193 54 Secundo,
1574 567 225 54 locupletem
1751 567 225 54 mercatorem
1927 567 112 54 ita
1976 567 96 54 opi¬-

392 608 126 61 pare
471 608 142 61 pasci
565 608 142 61 atque
660 608 205 61 principen
817 608 110 61 est
880 608 220 61 indecorum:
1054 608 220 61 honestatis
1227 608 126 61 enim
1305 608 205 61 cancellos
1463 608 94 61 ea
1510 608 220 61 manducatio
1683 608 220 61 transilit:
1857 608 110 61 nec
1904 608 173 61 mediocris

388 661 92 56 in
434 661 184 56 fortunis
572 661 154 56 potest
679 661 108 56 ita
741 661 169 56 opipare
864 661 154 56 refici
971 661 92 56 vt
1017 661 215 56 opulentus.
1186 661 138 56 Talis
1278 661 123 56 enim
1355 661 92 56 in
1401 661 92 56 se
1447 661 92 56 in
1493 661 169 56 vxorem,
1616 661 92 56 in
1662 661 184 56 liberos,
1801 661 92 56 in
1847 661 169 56 amicos,
1969 661 92 56 ac
2016 661 92 56 in

396 705 237 59 rempublicam
585 705 221 59 exorbitat.
759 705 142 59 Talis
854 705 126 59 enim
932 705 142 59 heluo
1027 705 142 59 extra
1122 705 252 59 infirmitatem
1327 705 95 59 si
1374 705 126 59 suas
1453 705 126 59 opes
1532 705 95 59 in
1579 705 126 59 mare
1658 705 268 59 praecipitaret
1879 705 126 59 sane
1942 705 126 59 delin¬-

388 755 170 55 queret:
511 755 108 55 nam
573 755 201 55 extrariis
728 755 124 55 suis
806 755 139 55 bonis
899 755 108 55 cum
961 755 232 55 discretione
1147 755 108 55 eum
1209 755 108 55 vti
1270 755 186 55 oportet:
1410 755 170 55 expedit
1534 755 124 55 enim
1611 755 232 55 reipublicae
1797 755 93 55 vt
1844 755 93 55 re
1890 755 108 55 sua
1937 755 139 55 quisque

406 800 202 55 decenter
558 800 185 55 vtatur.
692 800 118 55 Sic
759 800 118 55 qui
827 800 168 55 carnes
944 800 101 55 in
995 800 202 55 vigiliis
1146 800 101 55 ac
1197 800 168 55 festis
1314 800 185 55 nostrae
1449 800 185 55 dominae
1583 800 101 55 in
1634 800 219 55 Britannia
1802 800 202 55 manderet
1936 800 135 55 decori

385 848 149 55 gyrum
485 848 381 55 transgredereturtest
816 848 132 55 enim
898 848 165 55 contra
1014 848 182 55 patriae
1147 848 298 55 consuetudinem.
1395 848 116 55 Nec
1461 848 182 55 honeste
1593 848 165 55 ageret
1709 848 199 55 nummosus
1858 848 182 55 boletos
1990 848 116 55 aut

398 895 220 55 ranunculos
571 895 173 55 praeter
697 895 267 55 consuetudinem
917 895 188 55 regionis
1058 895 188 55 esitans.
1199 895 173 55 Insuper
1325 895 141 55 cibum
1419 895 126 55 tali
1498 895 173 55 tempore
1623 895 173 55 vetitum
1749 895 94 55 ne
1796 895 188 55 tangito:
1922 895 157 55 quocirca

387 937 229 59 comedentes
566 937 163 59 carnes
681 937 278 59 quadragenario
910 937 196 59 ieiunio,
1057 937 212 59 cancellos
1220 937 180 59 honesti
1351 937 327 59 transgrediuntur:
1629 937 114 59 sic
1694 937 147 59 omnis
1792 937 196 59 comestio
1939 937 98 59 ea
1972 937 98 59 ten¬-

392 980 173 67 pestate
518 980 236 67 inconcessa.
706 980 173 67 Quarto,
832 980 110 67 non
895 980 283 67 supergrediaris
1131 980 141 67 metas
1225 980 126 67 opum
1303 980 173 67 tuarum.
1429 980 157 67 Pauper
1539 980 126 67 enim
1617 980 267 67 intemperanter
1837 980 126 67 agit
1916 980 110 67 ita
1963 980 110 67 laute

400 1032 185 50 exponendo
542 1032 86 50 in
585 1032 128 50 escis
671 1032 128 50 sicut
756 1032 185 50 locuples:
899 1032 71 50 &
928 1032 185 50 ignobilis
1070 1032 128 50 sicut
1156 1032 200 50 illustris.
1313 1032 185 50 Plerisque
1455 1032 157 50 videtur
1569 1032 171 50 ieiunium
1698 1032 185 50 ecclesiae
1840 1032 214 50 abiiciendum
1997 1032 86 50 esse

395 1081 148 53 sicut
493 1081 132 53 nunc
576 1081 198 53 nonnulli
724 1081 214 53 deprauati
889 1081 231 53 moliuntur:
1070 1081 231 53 asserentes
1252 1081 99 53 ob
1301 1081 297 53 quadragenarium
1548 1081 198 53 ieiunium
1697 1081 181 53 homines
1829 1081 148 53 bonam
1911 1081 165 53 corporis

400 1121 230 59 valetudinem
584 1121 184 59 perdere,
722 1121 77 59 &
752 1121 138 59 ipsum
844 1121 123 59 esse
921 1121 77 59 a
952 1121 215 59 Neotericis
1120 1121 199 59 inuentum.
1273 1121 230 59 Respondetur
1457 1121 153 59 illis,
1565 1121 123 59 quod
1641 1121 107 59 hoc
1703 1121 184 59 ieiunium
1841 1121 138 59 longa
1917 1121 169 59 vetustate

401 1168 224 56 augmentum
573 1168 241 56 assumpsit.
762 1168 103 56 In
814 1168 293 56 quadragenarii
1055 1168 189 56 ieiunii
1192 1168 172 56 fronte
1313 1168 103 56 in
1364 1168 224 56 canonicis
1537 1168 155 56 horis
1640 1168 120 56 hoc
1709 1168 103 56 ex
1760 1168 224 56 Augustino
1915 1168 155 56 legimus

403 1216 119 59 qui
471 1216 170 59 dicere
590 1216 187 59 videtur
727 1216 153 59 ipsum
829 1216 102 59 ex
880 1216 272 59 institutione
1101 1216 170 59 domini
1220 1216 170 59 fuisse
1340 1216 255 59 institutum:
1544 1216 119 59 hoc
1612 1216 221 59 intelligo
1782 1216 153 59 quoad
1885 1216 170 59 typum,
1987 1216 102 59 quia

408 1265 247 58 quadraginta
605 1265 132 58 dies
688 1265 82 58 &
721 1265 165 58 noctes
836 1265 99 58 in
885 1265 181 58 deserto
1017 1265 181 58 ludaeae
1149 1265 198 58 ieiunans
1297 1265 231 58 manducabat
1479 1265 165 58 nihil.
1594 1265 231 58 Hieronymus
1775 1265 99 58 de
1825 1265 99 58 eo
1874 1265 148 58 etiam
1957 1265 115 58 facit

397 1308 227 54 mentionem
571 1308 105 54 in
624 1308 210 54 epistola
781 1308 105 54 ad
834 1308 245 54 Marcellam,
1026 1308 122 54 vbi
1096 1308 227 54 reprobans
1271 1308 227 54 Montanos,
1446 1308 122 54 ait
1516 1308 122 54 nos
1585 1308 140 54 vnam
1673 1308 297 54 quadragesimam
1900 1308 175 54 secundum

400 1356 249 54 traditionem
599 1356 249 54 Apostolorum
799 1356 133 54 toto
882 1356 149 54 anno,
981 1356 182 54 tempore
1114 1356 149 54 nobis
1213 1356 182 54 congruo
1346 1356 232 54 ieiunamus.
1529 1356 100 54 Et
1578 1356 166 54 beatus
1694 1356 199 54 Ignatius
1844 1356 216 54 episcopus
1993 1356 83 54 An¬-

398 1406 218 54 tiochenus
566 1406 218 54 Apostolis
733 1406 301 54 contemporaneus
984 1406 167 54 tradit
1101 1406 285 54 quadragesimam
1336 1406 151 54 circa
1436 1406 234 54 Apostolica
1620 1406 184 54 tempora
1754 1406 167 54 fuisse
1854 1406 218 54 institutam.

404 1450 141 53 Patet
498 1450 94 53 in
545 1450 156 53 quarta
655 1450 125 53 eius
733 1450 188 53 epistola
874 1450 125 53 quae
952 1450 109 53 est
1014 1450 94 53 ad
1061 1450 250 53 Philippenses
1265 1450 109 53 vbi
1327 1450 109 53 sic
1390 1450 125 53 ait.
1468 1450 125 53 Dies
1546 1450 156 53 festos
1656 1450 156 53 nolite
1765 1450 235 53 inhonorare:
1937 1450 141 53 quadra¬-

397 1495 186 58 gesimam
532 1495 135 58 vero
617 1495 169 58 nolite
735 1495 118 58 pro
803 1495 169 58 nihilo
921 1495 186 58 habere.
1057 1495 254 58 imitationem
1259 1495 135 58 enim
1344 1495 203 58 continet
1496 1495 118 58 dei
1564 1495 321 58 conversationis.
1834 1495 169 58 Aliqui
1936 1495 152 58 Thelos¬-

417 1546 158 48 phorum
528 1546 142 48 ipsum
623 1546 237 48 instituisse
812 1546 190 48 produnt.
955 1546 111 48 sed
1018 1546 111 48 quo
1081 1546 126 48 iure
1160 1546 142 48 illud
1255 1546 190 48 ieiunium
1397 1546 111 48 sit
1461 1546 221 48 institutum
1634 1546 158 48 aliubi
1745 1546 237 48 locupletius
1919 1546 158 48 diximus.

399 1599 95 52 Ex
447 1599 110 52 his
510 1599 158 52 liquet
620 1599 126 52 eius
699 1599 237 52 antiquitas:
888 1599 189 52 vtilitas
1031 1599 142 52 autem
1125 1599 158 52 patet,
1236 1599 110 52 nam
1299 1599 189 52 ieiunium
1441 1599 110 52 est
1504 1599 221 52 laboriosum
1678 1599 79 52 &
1709 1599 189 52 corporis
1851 1599 189 52 insultus
1978 1599 110 52 nobis

412 1639 200 56 intraneos
565 1639 215 56 compescit:
734 1639 169 56 eiusque
857 1639 230 56 petulantiam
1041 1639 200 56 refrenat.
1195 1639 184 56 Carnalis
1333 1639 200 56 lasciuiae
1487 1639 215 56 compressio
1656 1639 77 56 &
1687 1639 154 56 carnis
1794 1639 184 56 subactio
1917 1639 169 56 spiritui,

410 1683 225 51 maximopere
587 1683 145 51 nobis
684 1683 209 51 conducit.
845 1683 97 51 Et
893 1683 129 51 opus
974 1683 161 51 quanto
1086 1683 209 51 poenosius
1247 1683 193 51 paritate
1392 1683 129 51 data
1473 1683 145 51 tanta
1570 1683 113 51 est
1634 1683 113 51 deo
1698 1683 225 51 acceptius.
1876 1683 161 51 ltaque
1972 1683 113 51 ieiu¬-

404 1729 131 57 nium
485 1729 163 57 carnis
600 1729 245 57 petulantiam
795 1729 196 57 spiritui
942 1729 212 57 subigens,
1106 1729 82 57 &
1138 1729 229 57 laboriosum
1318 1729 114 57 est
1383 1729 147 57 magni
1481 1729 180 57 praemii
1612 1729 245 57 meritorium:
1808 1729 180 57 iccirco
1922 1729 163 57 Epicurei

422 1776 163 63 piscium
540 1776 74 63 &
570 1776 133 63 vitae
659 1776 222 63 frugalioris
836 1776 148 63 osores
939 1776 148 63 frenum
1043 1776 148 63 labiis
1146 1776 177 63 imponant
1279 1776 74 63 &
1309 1776 207 63 virulentam
1471 1776 163 63 linguam
1589 1776 89 63 in
1634 1776 192 63 ecclesiam
1782 1776 177 63 exacuere
1900 1776 177 63 desistant.

409 1826 200 56 Ecclesia
559 1826 150 56 autem
660 1826 184 56 inopes,
793 1826 234 56 languidos,
977 1826 250 56 caeterosque
1177 1826 234 56 imbecilles
1360 1826 100 56 ad
1411 1826 200 56 ieiunium
1561 1826 300 56 quadragesimale
1811 1826 133 56 haud
1878 1826 200 56 astringit.

412 1878 77 53 ⁋
442 1878 201 53 Ambigitur
597 1878 93 53 an
643 1878 278 53 insensibilitas
875 1878 108 53 sit
936 1878 216 53 possibilis
1106 1878 77 53 &
1137 1878 185 53 deterius
1276 1878 154 53 vitium
1384 1878 124 53 quam
1461 1878 278 53 intemperantia.
1693 1878 247 53 Respondetur,
1894 1878 124 53 quod
1955 1878 124 53 insen¬-

410 1919 207 56 sibilitas
569 1919 112 56 vix
633 1919 112 56 est
697 1919 175 56 humanum
824 1919 175 56 vitium.
952 1919 175 56 Belluae
1079 1919 127 56 enim
1159 1919 143 56 cibos
1255 1919 207 56 salutares
1414 1919 96 56 ab
1462 1919 255 56 insalubribus
1669 1919 239 56 discernunt:
1860 1919 175 56 inclusa
1971 1919 112 56 vacca

412 1962 185 59 vrticas
547 1962 101 59 ac
597 1962 151 59 alias
698 1962 185 59 haerbas
832 1962 151 59 edit:
933 1962 134 59 quas
1017 1962 202 59 caballus
1168 1962 168 59 minime
1286 1962 202 59 comedit.
1437 1962 202 59 Cardones
1588 1962 202 59 stolidus
1739 1962 185 59 asellus
1874 1962 185 59 comedit
1991 1962 101 59 quas

404 2020 128 50 alia
484 2020 192 50 pleraque
628 2020 144 50 bruta
724 2020 208 50 recusant:
884 2020 96 50 ac
932 2020 176 50 homines
1060 2020 96 50 in
1108 2020 144 50 gustu
1204 2020 192 50 tactuque
1347 2020 160 50 satius
1459 2020 208 50 iudicant:
1619 2020 256 50 nobilissimus
1827 2020 128 50 enim
1907 2020 160 50 tactus
2003 2020 80 50 ho¬-

400 2062 132 54 mini
483 2062 165 54 inest,
599 2062 99 54 at
648 2062 165 54 gustus
764 2062 116 54 est
830 2062 264 54 particularis
1045 2062 182 54 tactus.
1177 2062 165 54 Nihilo
1293 2062 149 54 tamen
1392 2062 149 54 minus
1491 2062 297 54 insensibilitas
1739 2062 231 54 temporibus
1904 2062 182 54 quibusdam

398 2105 133 59 haud
481 2105 166 59 deest,
598 2105 183 59 crimine
731 2105 249 59 hypocriseos
930 2105 199 59 paratur:
1079 2105 100 59 si
1129 2105 199 59 superior
1279 2105 166 59 arctam
1395 2105 216 59 temperiem
1561 2105 266 59 magnipendet,
1777 2105 199 59 inferior
1927 2105 166 59 cautus
2026 2105 50 59 &

412 2151 225 64 ambitiosus
589 2151 96 64 in
637 2151 96 64 id
685 2151 161 64 vitium
798 2151 96 64 ad
846 2151 161 64 tempus
958 2151 96 64 vt
1006 2151 209 64 exaltetur
1167 2151 193 64 incidit.
1312 2151 193 64 Secundo,
1456 2151 129 64 mala
1537 2151 225 64 habitudine
1713 2151 193 64 corporis
1858 2151 112 64 eam
1906 2151 177 64 incurrit.

416 2196 93 56 vt
463 2196 140 56 morbo
556 2196 109 56 ore
618 2196 93 56 ac
665 2196 140 56 poris
758 2196 310 56 tetrisihumoribus
1021 2196 186 56 repletis
1161 2196 124 56 cibi
1238 2196 171 56 interea
1363 2196 124 56 sunt
1440 2196 124 56 illi
1518 2196 171 56 nauseae
1642 2196 140 56 atque
1735 2196 202 56 fastidio.
1890 2196 171 56 Tertio,
1998 2196 78 56 er¬-

405 2258 142 46 roneo
500 2258 173 46 iudicio
625 2258 315 46 insensibilitatem
893 2258 220 46 incurrunt.
1066 2258 157 46 Natura
1176 2258 126 46 enim
1254 2258 157 46 paucis
1365 2258 173 46 authore
1490 2258 157 46 Boetio
1600 2258 110 46 est
1663 2258 204 46 contenta:
1821 2258 126 46 iste
1899 2258 142 46 autem
1978 2258 110 46 nimis

407 2294 153 63 parum,
514 2294 215 63 sufficiens
683 2294 169 63 censet,
805 2294 92 63 ac
851 2294 184 63 paulatim
989 2294 107 63 sic
1050 2294 153 63 morbum
1158 2294 199 63 comparat.
1311 2294 92 63 At
1357 2294 199 63 ignoratio
1510 2294 153 63 potest
1617 2294 123 63 esse
1694 2294 230 63 vincibilis,
1878 2294 77 63 &
1908 2294 123 63 tunc
1985 2294 107 63 non
2031 2294 46 63 a

404 2341 127 57 toto
483 2341 190 57 excusat:
626 2341 111 57 sin
689 2341 174 57 aliter,
816 2341 174 57 prorsus
943 2341 158 57 lapsum
1054 2341 174 57 eleuat.
1181 2341 95 57 Ad
1228 2341 190 57 secundam
1371 2341 158 57 partem
1482 2341 190 57 quaesiti
1624 2341 190 57 dicimus,
1767 2341 127 57 quod
1830 2341 254 57 exprobrabilior

406 2386 285 58 insensibilitate
646 2386 105 58 cum
706 2386 255 58 intemperantia
916 2386 135 58 atque
1006 2386 195 58 communior
1156 2386 165 58 malarum
1275 2386 180 58 filiarum
1410 2386 165 58 parens:
1530 2386 75 58 &
1560 2386 195 58 signanter
1710 2386 165 58 spurcae
1830 2386 210 58 libidinis.
1980 2386 105 58 Stri¬-

416 2439 123 53 ctam
492 2439 245 53 temperantiam
691 2439 107 53 cum
753 2439 291 53 insensibilitate
998 2439 153 53 vulgus
1105 2439 168 53 hominum
1227 2439 92 53 ad
1273 2439 153 53 sidera
1381 2439 168 53 tollit,
1503 2439 168 53 attamen
1626 2439 123 53 illa
1702 2439 107 53 est
1763 2439 153 53 homini
1855 2439 230 53 perniciosior:

419 2482 179 56 iudicium
553 2482 119 56 enim
628 2482 179 56 percutit
762 2482 134 56 atque
851 2482 164 56 inflat,
971 2482 179 56 insaniem
1105 2482 134 56 demum
1194 2482 179 56 inducens
1329 2482 89 56 vt
1373 2482 89 56 in
1418 2482 134 56 vitis
1508 2482 149 56 patrum
1612 2482 149 56 abunde
1716 2482 224 56 commemorat.
1895 2482 134 56 Tales
1970 2482 119 56 solent

413 2535 124 53 esse
491 2535 171 53 turgidi
616 2535 78 53 &
647 2535 93 53 se
693 2535 124 53 prae
771 2535 140 53 aliis
864 2535 218 53 praeferre.
1035 2535 93 53 Ab
1082 2535 264 53 intemperantia
1300 2535 187 53 facilius
1440 2535 93 53 ad
1486 2535 140 53 gyrum
1579 2535 140 53 medii
1673 2535 233 53 proceditur:
1859 2535 124 53 illa
1937 2535 124 53 enim
1999 2535 78 53 ra¬-

411 2574 169 67 tionem
530 2574 119 67 non
597 2574 169 67 omnino
716 2574 203 67 deiicit:
869 2574 119 67 eam
936 2574 153 67 tamen
1038 2574 169 67 laedit
1157 2574 153 67 atque
1242 2574 169 67 hebetat.

816 2664 254 67 Tract.
994 2664 203 67 III.
1121 2664 203 67 Cap.
1248 2664 203 67 III.
1375 2664 127 67 &
1426 2664 203 67 Lib.
1553 2664 203 67 III.
1680 2664 203 67 Cap.
1781 2664 153 67 XII.

734 2713 167 65 Ostra
846 2713 167 65 autem
957 2713 204 65 sponte,
1106 2713 167 65 magis
1217 2713 334 65 intemperantia,
1495 2713 148 65 quam
1588 2713 241 65 timiditas
1774 2713 278 65 comparatur.
1978 2713 111 65 Haec

757 2780 130 64 nim
832 2780 112 64 ob
888 2780 279 64 voluptatem,
1111 2780 242 64 timiditas
1298 2780 130 64 fit
1372 2780 112 64 ob
1428 2780 224 64 dolorem:
1596 2780 186 64 quorum
1726 2780 205 64 alterum
1856 2780 224 64 expetimus,

747 2831 204 69 alterum
896 2831 222 69 fugimus.
1062 2831 111 69 Et
1118 2831 167 69 dolor
1229 2831 185 69 quidem
1358 2831 241 69 distrahit
1543 2831 167 69 atque
1654 2831 241 69 corrumpit
1839 2831 204 69 naturam
1969 2831 111 69 eius

754 2887 127 71 qui
827 2887 164 71 habet
935 2887 182 71 ipsum:
1063 2887 218 71 voluptas
1226 2887 164 71 autem
1335 2887 127 71 nil
1408 2887 145 71 tale
1499 2887 182 71 facit.
1626 2887 164 71 Magis
1735 2887 182 71 igitur
1844 2887 236 71 intemperan¬-

747 2948 129 60 tia
820 2948 184 60 nostra
949 2948 202 60 sponte,
1096 2948 147 60 quam
1188 2948 239 60 timiditas
1372 2948 276 60 comparatur:
1593 2948 258 60 quapropter
1796 2948 92 60 &
1814 2948 276 60 reprehensione

629 3006 205 63 gimagis
778 3006 149 63 esse
872 3006 186 63 digna:
1002 3006 130 63 Nam
1077 3006 112 63 ad
1133 3006 130 63 res
1207 3006 280 63 afficientes
1431 3006 242 63 voluptate
1617 3006 224 63 facilius
1785 3006 130 63 est
1841 3006 242 63 assuescere.

429 3055 146 76 Sunt
520 3055 146 76 enim
612 3055 238 76 complures
795 3055 165 76 tales
905 3055 110 76 in
959 3055 165 76 vita:
1069 3055 92 76 &
1106 3055 275 76 assuefactio
1326 3055 128 76 fit
1399 3055 146 76 sine
1490 3055 238 76 periculo.
1673 3055 110 76 In
1728 3055 165 76 rebus
1838 3055 165 76 autem
1930 3055 146 76 formi¬-

417 3104 257 81 midolosis,
619 3104 202 81 contra.
766 3104 239 81 Videbitur
950 3104 165 81 etiam
1060 3104 239 81 timiditas
1244 3104 129 81 non
1317 3104 202 81 perinde
1464 3104 165 81 atque
1574 3104 202 81 singula
1721 3104 184 81 sponte
1850 3104 184 81 agendi
1960 3104 129 81 prin¬-

416 3165 159 89 cipio
522 3165 211 89 subiici.
681 3165 141 89 Haec
769 3165 141 89 enim
857 3165 123 89 non
927 3165 176 89 affert
1051 3165 211 89 dolorem:
1209 3165 123 89 sed
1280 3165 141 89 illa
1368 3165 141 89 adeo
1456 3165 176 89 dolore
1579 3165 264 89 distrahunt,
1791 3165 106 89 vt
1843 3165 88 89 &
1879 3165 141 89 arma
1949 3165 141 89 proii¬
