2344 3583
401 245 81 96 ⁋
433 245 129 96 Alia
514 245 226 96 conclusio.
691 245 210 96 Liberalis
853 245 113 96 est
917 245 129 96 adeo
998 245 210 96 propensus
1160 245 113 96 sua
1224 245 242 96 exuperanter
1418 245 145 96 dare,
1515 245 97 96 vt
1563 245 194 96 sibiipsi
1709 245 194 96 pauciora
1854 245 226 96 relinquat.
2015 245 81 96 Non

410 302 217 83 congregat
577 302 200 83 pecuniam
727 302 100 83 in
777 302 200 83 immensum
927 302 117 83 pro
994 302 167 83 filiae
1111 302 150 83 dote,
1211 302 117 83 aut
1278 302 133 83 arce
1361 302 217 83 struenda,
1528 302 117 83 pro
1595 302 183 83 sabrica
1728 302 150 83 tamen
1828 302 167 83 templi
1928 302 167 83 sacerdos

414 349 211 92 liberalis
576 349 195 92 nonnihil
722 349 211 92 colliget,
885 349 114 92 nec
950 349 211 92 quibusuis
1112 349 146 92 dabit
1210 349 114 92 hoc
1275 349 114 92 est
1340 349 162 92 dignis
1453 349 81 92 &
1486 349 211 92 indignis:
1648 349 114 92 sed
1713 349 146 92 solum
1811 349 179 92 dignis,
1941 349 97 92 vt
1973 349 130 92 habeat

419 395 158 95 quibus
530 395 189 95 elargiri
672 395 189 95 oportet.
814 395 110 95 Est
877 395 126 95 enim
956 395 205 95 liberalis
1114 395 110 95 non
1177 395 95 95 ad
1224 395 174 95 seipsum
1350 395 205 95 respicere
1508 395 79 95 &
1540 395 95 95 ad
1587 395 126 95 suum
1666 395 189 95 commodum
1808 395 221 95 temporale,
1982 395 110 95 sed
2029 395 63 95 ad

422 442 174 88 aliorum
549 442 253 88 indigentiam:
755 442 79 88 &
786 442 190 88 pauperum
929 442 174 88 inopiam
1056 442 111 88 pro
1119 442 158 88 virili
1230 442 206 88 releuare.
1388 442 206 88 Sitientes
1547 442 158 88 potat,
1658 442 206 88 famelicos
1816 442 158 88 cibat,
1927 442 143 88 nudos
2006 442 95 88 ope¬-

413 484 126 92 rit,
492 484 174 92 mortuos
619 484 190 92 sepelit.
761 484 79 92 &
792 484 174 92 similia
919 484 268 92 misericordiae
1140 484 142 92 opera
1234 484 158 92 facit.
1345 484 237 92 Liberalitas
1534 484 111 92 est
1598 484 111 92 pia
1661 484 79 92 &
1692 484 174 92 prudens
1819 484 268 92 dispensatrix:
2024 484 79 92 mi¬-

417 548 116 73 nora
490 548 116 73 bona
563 548 131 73 (quae
650 548 116 73 sunt
723 548 189 73 fortunae)
868 548 116 73 quae
941 548 131 73 aliis
1028 548 160 73 erogat:
1145 548 116 73 bona
1217 548 175 73 virtutum
1348 548 116 73 quae
1421 548 276 73 praestantissima
1654 548 131 73 sunt,
1741 548 116 73 sibi
1814 548 160 73 seruat:
1930 548 102 73 non
1974 548 116 73 impin¬-

419 580 157 99 guabit
529 580 173 99 pinguem
655 580 173 99 porcum,
781 580 94 99 vt
829 580 157 99 aiunt,
939 580 110 99 non
1002 580 142 99 dabit
1096 580 252 99 locupletibus
1301 580 126 99 nisi
1380 580 94 99 vt
1427 580 205 99 tantundem
1584 580 189 99 recipiat
1726 580 205 99 amicitiae
1883 580 173 99 gratia:
1994 580 94 99 nisi

408 627 148 84 ratio
506 627 231 84 efflagitat
688 627 198 84 iacturam
836 627 115 84 non
902 627 148 84 dando
1001 627 214 84 euitabit.
1165 627 82 84 ⁋
1198 627 132 84 Alia
1281 627 231 84 conclusio.
1462 627 99 84 At
1511 627 132 84 enim
1594 627 115 84 pro
1660 627 264 84 facultatibus
1874 627 132 84 ipsa
1940 627 148 84 libera¬-

424 676 134 91 litas
513 676 178 91 dicitur,
647 676 104 91 hoc
707 676 104 91 est
766 676 134 91 habet
855 676 193 91 respectum
1004 676 89 91 ad
1049 676 223 91 substantiam
1227 676 134 91 suam:
1317 676 89 91 si
1361 676 134 91 pauca
1450 676 164 91 habeat,
1569 676 134 91 pauca
1659 676 119 91 dare
1733 676 104 91 est
1793 676 178 91 necesse:
1926 676 119 91 quia
1986 676 104 91 libe¬-

420 721 173 85 ralitas
546 721 110 85 non
609 721 205 85 consistit
767 721 95 85 in
815 721 237 85 multitudine
1004 721 142 85 rerum
1098 721 237 85 quaedantur,
1288 721 110 85 sed
1351 721 95 85 in
1398 721 158 85 habitu
1508 721 173 85 dantis,
1635 721 110 85 hoc
1698 721 110 85 est
1761 721 95 85 in
1808 721 158 85 animo,
1919 721 110 85 vel
1966 721 126 85 potius

414 769 97 82 in
462 769 161 82 habitu
575 769 177 82 proprie
704 769 161 82 dicto,
817 769 129 82 puta
898 769 129 82 quod
979 769 177 82 habitus
1108 769 242 82 liberalitas
1301 769 97 82 ex
1350 769 177 82 actibus
1479 769 129 82 suis
1560 769 145 82 bonis
1656 769 226 82 emerserit.
1834 769 194 82 Laudatur
1963 769 129 82 mulier

421 815 136 84 illa
506 815 238 84 euangelica
693 815 136 84 apud
779 815 170 84 Lucam,
898 815 136 84 quae
983 815 136 84 aera
1068 815 170 84 minuta
1187 815 119 84 duo
1255 815 102 84 in
1307 815 290 84 gazophylacium
1545 815 170 84 posuit
1664 815 153 84 super
1766 815 170 84 aliis:
1886 815 136 84 alii
1971 815 136 84 enim
2039 815 68 84 ex

414 867 235 82 superfluis,
603 867 125 82 haec
681 867 94 82 ex
728 867 125 82 sibi
806 867 235 82 necessariis
995 867 157 82 posuit
1104 867 78 82 &
1136 867 125 82 sibi
1214 867 125 82 ipsi
1293 867 220 82 subtraxit.
1465 867 94 82 Et
1512 867 110 82 sic
1575 867 141 82 actus
1669 867 188 82 mulieris
1810 867 188 82 aequalia
1951 867 141 82 dando
2030 867 78 82 cum

412 908 220 91 locuplete,
585 908 126 91 plus
664 908 220 91 meritorius
837 908 110 91 est
900 908 94 91 ob
947 908 267 91 difficultatem
1167 908 157 91 operis
1277 908 252 91 prouenientem
1482 908 126 91 sine
1560 908 142 91 culpa
1655 908 126 91 sua.
1733 908 157 91 Infert
1843 908 236 91 Aristoteles
2016 908 79 91 co¬-

419 964 225 81 rollatium.
596 964 113 81 Nil
660 964 193 81 prohibet
805 964 113 81 eum
869 964 129 81 esse
949 964 145 81 magis
1046 964 209 81 liberalem
1207 964 113 81 qui
1271 964 193 81 pauciora
1416 964 209 81 largitur,
1576 964 96 81 si
1625 964 129 81 modo
1705 964 177 81 minores
1834 964 129 81 sint
1914 964 96 81 ei
1946 964 161 81 faculta¬-

426 1003 126 85 tes.
505 1003 142 85 Patet
600 1003 95 85 de
648 1003 142 85 vidua
742 1003 206 85 praefata,
900 1003 95 85 si
948 1003 206 85 tantundem
1106 1003 142 85 ponit
1201 1003 111 85 cum
1264 1003 174 85 Croeso,
1391 1003 190 85 Tantalo,
1533 1003 111 85 aut
1596 1003 142 85 Myda.
1691 1003 158 85 Postea
1802 1003 142 85 ponit
1896 1003 174 85 aliquas
2007 1003 95 85 con¬-

423 1049 183 87 ditiones
560 1049 213 87 liberalis.
727 1049 137 87 Circa
818 1049 243 87 possessionem
1016 1049 137 87 magis
1107 1049 198 87 liberales
1259 1049 122 87 sunt
1335 1049 106 87 qui
1396 1049 106 87 non
1457 1049 228 87 compararunt
1640 1049 122 87 sibi
1716 1049 228 87 facultates,
1898 1049 106 87 sed
1959 1049 91 87 ab
1990 1049 106 87 aliis

414 1099 246 84 acceperunt,
610 1099 131 84 siue
692 1099 131 84 dono
774 1099 98 84 ab
823 1099 180 84 amicis,
954 1099 229 84 parentibus
1134 1099 115 84 aut
1200 1099 197 84 dominis:
1347 1099 147 84 tales
1446 1099 131 84 enim
1528 1099 115 84 non
1593 1099 131 84 sunt
1675 1099 180 84 experti
1806 1099 262 84 indigentiam,
2003 1099 98 84 quae

413 1149 110 73 est
476 1149 126 73 obex
555 1149 284 73 liberalitatis.
791 1149 205 73 Praeterea
949 1149 142 73 opera
1043 1149 110 73 sua
1106 1149 142 73 amant
1201 1149 158 73 omnes,
1311 1149 95 73 vt
1359 1149 158 73 filios
1469 1149 189 73 parentes
1611 1149 79 73 &
1642 1149 142 73 opera
1737 1149 110 73 sua
1800 1149 173 73 poetae.
1910 1149 189 73 Gloriantur

420 1188 129 88 enim
500 1188 193 88 mortales
645 1188 96 88 in
693 1188 177 88 vrbibus
822 1188 241 88 constructis
1014 1188 112 88 aut
1079 1188 96 88 in
1127 1188 193 88 diuitiis
1272 1188 80 88 a
1304 1188 96 88 se
1352 1188 209 88 congestis
1513 1188 96 88 vt
1561 1188 161 88 poetae
1673 1188 96 88 in
1721 1188 225 88 poematibus
1898 1188 145 88 suis.
1979 1188 112 88 Teren

421 1244 140 77 tium
509 1244 263 77 Comoediarum
720 1244 246 77 scriptorem
913 1244 193 77 produnt
1054 1244 176 77 quidam
1176 1244 105 77 se
1229 1244 105 77 in
1282 1244 176 77 fiumen
1405 1244 298 77 praecipitasse
1650 1244 105 77 ob
1703 1244 228 77 comoedias
1879 1244 140 77 quae
1967 1244 105 77 in
2002 1244 105 77 mare

423 1285 239 84 ceciderant:
614 1285 159 84 tantum
726 1285 128 84 ille
806 1285 207 84 imprudens
965 1285 112 84 sua
1029 1285 191 84 adamabat
1172 1285 191 84 scripta.
1316 1285 175 84 Similia
1443 1285 143 84 circa
1539 1285 175 84 tempora
1667 1285 112 84 sua
1730 1285 112 84 vel
1794 1285 143 84 antea
1890 1285 159 84 poetis
1985 1285 112 84 aliis

423 1332 234 79 Aristoteles
611 1332 203 79 accidisse
767 1332 265 79 intellexerat.
985 1332 94 79 Et
1032 1332 125 79 addo
1110 1332 125 79 quod
1188 1332 125 79 quae
1266 1332 125 79 quis
1344 1332 156 79 facile
1453 1332 203 79 lucratur,
1609 1332 156 79 facile
1718 1332 187 79 exponit.
1858 1332 140 79 Patet
1952 1332 94 79 de
1983 1332 125 79 emolu¬-

420 1385 144 72 mento
516 1385 112 72 per
580 1385 144 72 aleam
676 1385 208 72 quaesito,
835 1385 80 72 &
867 1385 160 72 talium
979 1385 224 72 luctionum,
1155 1385 96 72 ac
1203 1385 192 72 filiorum
1346 1385 176 72 diuitum
1474 1385 144 72 nihil
1570 1385 240 72 operantium,
1762 1385 80 72 &
1794 1385 144 72 vrbes
1873 1385 224 72 incolentium.

419 1433 109 78 qui
482 1433 187 78 parentum
622 1433 125 78 bona
700 1433 94 78 in
747 1433 156 78 tertio
856 1433 172 78 haerede
981 1433 140 78 saepe
1075 1433 234 78 profligant.
1262 1433 109 78 Non
1325 1433 109 78 sic
1387 1433 219 78 agricolae:
1559 1433 125 78 quia
1637 1433 281 78 indisciplinate
1871 1433 94 78 in
1918 1433 125 78 ocio
1996 1433 78 78 &
2011 1433 94 78 luxu

419 1470 78 80 a
451 1470 156 80 multis
560 1470 172 80 viuitur
685 1470 94 80 in
731 1470 156 80 vrbium
841 1470 203 80 deliciis:
997 1470 109 80 non
1059 1470 109 80 sic
1121 1470 140 80 autem
1215 1470 94 80 in
1262 1470 140 80 ruris
1355 1470 187 80 tuguriis
1496 1470 78 80 &
1527 1470 218 80 laboribus.
1698 1470 78 80 ⁋
1730 1470 172 80 Ponitur
1854 1470 125 80 alia
1917 1470 187 80 conclusio.

424 1521 206 73 Liberalis
583 1521 111 73 non
646 1521 158 73 facile
757 1521 190 73 ditatur,
899 1521 111 73 cum
963 1521 111 73 non
1026 1521 111 73 sit
1089 1521 95 73 ad
1137 1521 206 73 capiendum
1295 1521 79 73 &
1327 1521 253 73 conseruandum
1533 1521 174 73 pronus:
1660 1521 111 73 sed
1723 1521 95 73 ad
1770 1521 206 73 erogandum
1913 1521 190 73 propensus.

431 1567 146 78 Neque
528 1567 195 78 pecunias
674 1567 179 78 propter
804 1567 162 78 ipsas,
918 1567 114 78 hoc
983 1567 114 78 est
1048 1567 162 78 gratia
1161 1567 146 78 earum
1259 1567 244 78 magnipendit
1454 1567 114 78 sed
1519 1567 146 78 causa
1616 1567 162 78 dandi:
1730 1567 195 78 quocirca
1876 1567 179 78 fortuna
1989 1567 114 78 accu¬-

426 1611 157 86 satur,
536 1611 126 86 quod
615 1611 173 86 homines
741 1611 141 86 bonis
835 1611 189 86 fortunae
976 1611 141 86 digni
1071 1611 110 86 non
1133 1611 126 86 sunt
1212 1611 204 86 opulenti.
1369 1611 204 86 Contingit
1526 1611 173 86 idipsum
1652 1611 110 86 non
1715 1611 94 86 ab
1762 1611 94 86 re
1809 1611 173 86 facile,
1935 1611 94 86 vt
1982 1611 94 86 is
2013 1611 79 86 qui

422 1659 115 84 non
487 1659 180 84 adhibet
618 1659 246 84 diligentiam
815 1659 98 84 vt
864 1659 164 84 habeat
979 1659 197 84 pecunias
1126 1659 82 84 &
1159 1659 115 84 eas
1224 1659 164 84 teneat
1339 1659 115 84 non
1405 1659 115 84 sit
1470 1659 213 84 locuples:
1634 1659 180 84 attamen
1765 1659 115 84 non
1831 1659 147 84 dabit
1929 1659 164 84 quibus
2027 1659 82 84 non

426 1703 194 81 oportet.
572 1703 81 81 ⁋
604 1703 130 81 Alia
685 1703 227 81 conclusio.
863 1703 178 81 Tyranni
993 1703 113 81 non
1058 1703 162 81 facile
1171 1703 130 81 sunt
1252 1703 194 81 prodigi.
1398 1703 162 81 Patet:
1511 1703 113 81 qui
1576 1703 211 81 exuperant
1738 1703 97 81 in
1787 1703 146 81 dando
1884 1703 130 81 suas
1949 1703 162 81 faculta¬-

430 1757 119 76 tes
498 1757 288 76 transcendendo
735 1757 136 76 sunt
820 1757 204 76 prodigi:
973 1757 187 76 tyranni
1109 1757 119 76 non
1177 1757 136 76 sunt
1262 1757 238 76 huiusmodi:
1448 1757 136 76 quia
1533 1757 187 76 commune
1669 1757 153 76 bonum
1771 1757 102 76 in
1822 1757 136 76 suum
1889 1757 221 76 emolumentum

429 1796 225 88 convertunt.
609 1796 150 88 Postea
714 1796 165 88 resumit
834 1796 150 88 aliqua
939 1796 135 88 eorum
1029 1796 120 88 quae
1104 1796 90 88 de
1149 1796 240 88 liberalitate
1344 1796 135 88 dicta
1434 1796 135 88 sunt.
1524 1796 120 88 Quia
1599 1796 225 88 oppositorum
1779 1796 135 88 eadem
1869 1796 105 88 est
1914 1796 195 88 disciplina,

428 1847 96 76 vt
476 1847 257 76 prodigalitas
685 1847 241 76 cognoscatur
877 1847 160 76 dicit.
990 1847 112 76 Cum
1054 1847 160 76 igitur
1166 1847 241 76 liberalitas
1359 1847 112 76 sit
1423 1847 241 76 mediocritas
1616 1847 144 76 circa
1712 1847 160 76 dandas
1824 1847 80 76 &
1856 1847 241 76 accipiendas
2033 1847 80 76 pe¬-

443 1890 178 82 cunias,
572 1890 211 82 liberalis
734 1890 146 82 dabit
832 1890 97 82 in
880 1890 162 82 quibus
994 1890 178 82 oportet
1123 1890 81 82 &
1156 1890 130 82 quod
1237 1890 178 82 oportet
1366 1890 113 82 tam
1431 1890 97 82 in
1479 1890 162 82 magnis
1593 1890 130 82 quam
1674 1890 97 82 in
1722 1890 211 82 pusillis.
1884 1890 97 82 Et
1933 1890 113 82 per
1998 1890 113 82 hoc
2046 1890 49 82 a

431 1937 212 82 magnifico
594 1937 179 82 differt
724 1937 114 82 qui
790 1937 147 82 solum
888 1937 196 82 versatur
1034 1937 147 82 circa
1132 1937 163 82 magna.
1247 1937 98 82 Et
1295 1937 131 82 quia
1377 1937 114 82 cum
1442 1937 212 82 voluptate
1605 1937 179 82 exponit
1736 1937 114 82 per
1801 1937 114 82 hoc
1867 1937 98 82 ab
1899 1937 196 82 illiberali

435 1980 227 92 seiungitur,
616 1980 106 92 qui
677 1980 197 92 tristatur
828 1980 91 92 in
873 1980 151 92 dando.
979 1980 106 92 Nam
1040 1980 151 92 virtus
1145 1980 136 92 circa
1236 1980 181 92 vtrumque
1372 1980 181 92 scilicet
1508 1980 227 92 acceptionem
1690 1980 76 92 &
1720 1980 181 92 dationem
1856 1980 197 92 versatur,
1992 1980 106 92 licet

444 2030 256 89 principaliter
655 2030 136 89 circa
746 2030 196 89 dationem,
896 2030 75 89 &
927 2030 211 89 secundario
1092 2030 136 89 circa
1183 2030 241 89 acceptionem.
1379 2030 181 89 Vtrumque
1515 2030 136 89 facit
1605 2030 90 89 vt
1651 2030 181 89 oportet:
1786 2030 181 89 sequitur
1922 2030 121 89 enim
1982 2030 121 89 datio¬-

444 2076 108 82 nem
505 2076 139 82 bonam
598 2076 139 82 talis
690 2076 200 82 acceptio:
844 2076 123 82 quia
921 2076 123 82 enim
998 2076 108 82 sua
1060 2076 123 82 dat,
1137 2076 169 82 oportet
1260 2076 92 82 vt
1306 2076 154 82 capiat
1414 2076 92 82 ab
1460 2076 154 82 eisdem
1568 2076 154 82 quibus
1676 2076 139 82 dedit
1768 2076 108 82 aut
1830 2076 92 82 ab
1876 2076 154 82 aliis:
1984 2076 92 82 ea
2015 2076 92 82 vero

449 2123 119 89 quae
523 2123 104 89 non
583 2123 104 89 est
642 2123 133 89 talis
731 2123 178 89 acceptio
864 2123 133 89 sicut
953 2123 163 89 oportet
1072 2123 104 89 est
1131 2123 208 89 contraria.
1294 2123 89 89 Ea
1339 2123 119 89 quae
1413 2123 119 89 sese
1487 2123 237 89 consequuntur
1680 2123 133 89 simul
1769 2123 148 89 stant,
1873 2123 193 89 contraria
2006 2123 119 89 nonase

442 2171 243 85 compatiuntur
639 2171 91 85 in
685 2171 137 85 eodem
776 2171 197 85 subiecto.
927 2171 76 85 ⁋
958 2171 167 85 Ponitur
1079 2171 121 85 alia
1155 2171 212 85 conclusio.
1322 2171 121 85 Quia
1398 2171 91 85 si
1443 2171 167 85 praeter
1565 2171 91 85 id
1610 2171 121 85 quod
1686 2171 182 85 oporteat
1823 2171 197 85 liberalis
1959 2171 152 85 nonnihil

440 2218 216 77 conferat,
606 2218 183 77 dolebit
739 2218 133 77 sane
822 2218 116 77 cum
889 2218 266 77 mediocritate
1104 2218 83 77 &
1138 2218 116 77 non
1204 2218 183 77 multum:
1337 2218 100 77 ad
1387 2218 199 77 virtutem
1536 2218 133 77 enim
1619 2218 183 77 attinet
1752 2218 100 77 vt
1802 2218 116 77 pro
1868 2218 166 77 quibus
1968 2218 149 77 oportet

450 2265 79 83 &
482 2265 95 83 vt
529 2265 174 83 oportet
656 2265 190 83 voluptas
798 2265 126 83 fiat
877 2265 95 83 ac
924 2265 158 83 dolor.
1035 2265 79 83 ⁋
1067 2265 126 83 Alia
1146 2265 221 83 conclusio.
1320 2265 95 83 In
1367 2265 142 83 rebus
1462 2265 237 83 pecuniariis
1652 2265 206 83 liberalis
1810 2265 111 83 est
1873 2265 158 83 leuis:
1984 2265 111 83 nam
2031 2265 79 83 pe¬-

449 2311 159 77 cunias
561 2311 112 77 non
624 2311 143 77 multi
720 2311 159 77 facit:
832 2311 207 77 propterea
991 2311 96 77 in
1039 2311 112 77 eis
1103 2311 191 77 iacturam
1246 2311 159 77 facile
1358 2311 223 77 tolerabit,
1533 2311 128 77 immo
1613 2311 143 77 magis
1708 2311 175 77 moleste
1836 2311 128 77 fert
1916 2311 96 77 si
1964 2311 128 77 quid
2027 2311 80 77 cum

451 2360 215 75 oportuerit
619 2360 107 75 non
681 2360 107 75 det
742 2360 123 75 quam
819 2360 153 75 doleat
926 2360 92 75 si
972 2360 123 75 quid
1049 2360 169 75 dederit
1171 2360 107 75 cum
1233 2360 107 75 non
1294 2360 230 75 oportuerit,
1478 2360 153 75 naeque
1586 2360 199 75 Simonidis
1739 2360 153 75 poetae
1846 2360 215 75 sententiam
2000 2360 107 75 oppo¬-

449 2409 149 72 situm
549 2409 232 72 asserentis
732 2409 183 72 probat.
864 2409 83 72 ⁋
897 2409 183 72 Ponitur
1030 2409 133 72 alia
1113 2409 232 72 conclusio.
1296 2409 199 72 Prodigus
1445 2409 100 72 in
1495 2409 149 72 ipsis
1595 2409 216 72 delinquit
1760 2409 116 72 non
1827 2409 149 72 solum
1926 2409 100 72 in
1976 2409 149 72 dando
2059 2409 50 72 &

440 2453 244 72 accipiendo,
635 2453 114 72 sed
700 2453 146 72 etiam
797 2453 97 72 in
846 2453 260 72 delectatione
1057 2453 81 72 &
1090 2453 227 72 tristitia.
1268 2453 114 72 Non
1333 2453 130 72 enim
1414 2453 195 72 laetatur
1561 2453 114 72 nec
1626 2453 146 72 dolet
1723 2453 114 72 pro
1788 2453 162 72 quibus
1902 2453 195 72 oportet,
2032 2453 81 72 hoc

449 2514 115 75 per
514 2514 99 75 ea
564 2514 131 75 quae
646 2514 181 75 dicturi
777 2514 164 75 sumus,
876 2514 164 75 patebit.

490 2586 215 95 Diximus
647 2586 176 95 autem
764 2586 332 95 exuperationem
1037 2586 195 95 quidem
1173 2586 156 95 esse
1271 2586 371 95 prodigalitatem:
1583 2586 234 95 Defectum
1759 2586 176 95 autem
1856 2586 254 95 illiberali¬-

457 2645 189 88 tatem:
589 2645 95 88 &
627 2645 113 88 in
684 2645 132 88 his
760 2645 208 88 duobus,
911 2645 113 88 in
968 2645 208 88 datione
1119 2645 170 88 atque
1232 2645 284 88 acceptione,
1459 2645 95 88 &
1497 2645 208 88 sumptum
1648 2645 151 88 enim
1743 2645 113 88 in
1800 2645 208 88 datione
1932 2645 189 88 ponimus,

440 2700 307 103 prodigalitas
689 2700 192 103 igitur
823 2700 115 103 in
881 2700 173 103 dando
996 2700 211 103 quidem:
1149 2700 96 103 &
1188 2700 134 103 non
1264 2700 115 103 in
1322 2700 230 103 capiendo
1494 2700 249 103 exuperat:
1686 2700 115 103 in
1744 2700 230 103 capiendo
1916 2700 173 103 autem
2012 2700 96 103 de¬-

452 2751 176 94 ficit.
576 2751 106 94 At
628 2751 317 94 illiberalitas,
892 2751 106 94 ac
945 2751 229 94 auaritia,
1121 2751 193 94 deficit
1261 2751 176 94 quidem
1384 2751 106 94 in
1437 2751 176 94 dando:
1560 2751 211 94 exuperat
1719 2751 158 94 autem
1824 2751 106 94 in
1877 2751 229 94 capiendo:
2053 2751 106 94 in

456 2822 183 88 paruis
584 2822 183 88 tamen.
712 2822 329 88 Prodigalitatis
986 2822 183 88 igitur
1114 2822 146 88 illa
1206 2822 128 88 duo
1279 2822 128 88 non
1352 2822 183 88 nimium
1480 2822 165 88 simul
1590 2822 274 88 persistunt.
1809 2822 128 88 Non
1882 2822 128 88 est
1955 2822 146 88 enim
2029 2822 91 88 fa¬-

462 2867 160 89 cile,
569 2867 160 89 nulla
676 2867 107 89 ex
729 2867 160 89 parte
836 2867 249 89 capientem,
1032 2867 196 89 cunctis
1174 2867 214 89 largiri.
1335 2867 142 89 Cito
1424 2867 178 89 namque
1548 2867 231 89 deficiunt
1726 2867 249 89 patrimonia
1904 2867 214 89 priuatorum

462 2925 195 89 hominum
604 2925 266 89 erogantium.
817 2925 124 89 qui
888 2925 178 89 quidem
1013 2925 89 89 &
1048 2925 195 89 prodigi
1190 2925 142 89 esse
1279 2925 231 89 videntur.
1456 2925 160 89 Atque
1563 2925 160 89 talis
1669 2925 124 89 non
1740 2925 160 89 paulo
1847 2925 178 89 melior
1953 2925 160 89 videbi¬-

466 2986 121 94 tur
535 2986 138 94 esse
621 2986 260 94 illiberali.
829 2986 104 94 Et
881 2986 104 94 ab
933 2986 173 94 aetate
1054 2986 138 94 enim
1141 2986 87 94 &
1175 2986 104 94 ab
1227 2986 208 94 egestate
1383 2986 173 94 facile
1504 2986 190 94 curari:
1642 2986 87 94 &
1677 2986 104 94 ad
1729 2986 294 94 mediocritatem
1954 2986 173 94 accedere

453 3031 193 109 potest.
594 3031 123 109 Nam
664 3031 158 109 habet
769 3031 105 109 ea
822 3031 140 109 quae
909 3031 140 109 sunt
997 3031 193 109 hominis
1137 3031 245 109 liberalis,
1330 3031 123 109 dat
1400 3031 140 109 enim
1488 3031 88 109 &
1523 3031 123 109 non
1593 3031 210 109 accipit:
1751 3031 210 109 quamquam
1909 3031 193 109 neutrum
2031 3031 88 109 fa¬-

459 3106 125 70 cit
531 3106 107 70 vt
584 3106 197 70 oportet
728 3106 107 70 ac
782 3106 179 70 recte.
907 3106 107 70 Qa
961 3106 107 70 si
1014 3106 107 70 ad
1068 3106 125 70 hoc
1140 3106 251 70 assuescat,
1337 3106 125 70 vel
1408 3106 179 70 aliquo
1534 3106 143 70 alio
1623 3106 143 70 modo
1713 3106 215 70 mutetur,
1874 3106 179 70 euadit
1982 3106 143 70 vtique

456 3153 265 77 liberalis:
664 3153 189 77 etenim
796 3153 170 77 dabit
910 3153 189 77 quibus
1042 3153 227 77 oportet:
1212 3153 94 77 &
1250 3153 189 77 capiet
1382 3153 151 77 vnde
1477 3153 227 77 oportet.
1647 3153 265 77 Quapropter
1854 3153 94 77 &
1892 3153 208 77 videtur
2025 3153 94 77 non

462 3201 145 85 esse
552 3201 199 85 moribus
697 3201 199 85 prauus:
842 3201 127 85 non
914 3201 127 85 est
986 3201 145 85 enim
1077 3201 199 85 improbi
1221 3201 127 85 nec
1293 3201 253 85 ingenerosi
1492 3201 127 85 tam
1565 3201 108 85 in
1619 3201 163 85 dando
1727 3201 145 85 quam
1818 3201 108 85 in
1872 3201 127 85 non
1944 3201 217 85 capiendo
