2695 3620
995 188 139 412 trem
1082 188 174 412 opibus
1203 188 244 412 consumptis
1395 188 174 412 redit.
1517 188 104 412 Et
1569 188 157 412 patet
1673 188 209 412 ratione.
1830 188 122 412 Cum
1900 188 209 412 Prodigui
2056 188 104 412 sa
2108 188 226 412 pmsicurit
2283 188 278 412 nmneticdirum
2491 188 70 412 ci

1072 267 162 381 potest
1185 267 162 381 habere
1299 267 292 381 mutuodicereque
1542 267 146 381 solet
1639 267 114 381 cum
1704 267 178 381 gemitu:
1834 267 97 381 si
1883 267 114 381 mea
1948 267 195 381 haberem,
2094 267 97 381 5e
2142 267 97 381 st
2191 267 114 381 pei
2256 267 146 381 habet
2353 267 130 381 poim
2418 267 146 381 intoleo

1061 317 170 378 cautior
1184 317 123 378 ero.
1261 317 247 378 Themistocles
1461 317 93 378 in
1508 317 170 378 iuuenta
1631 317 108 378 ita
1693 317 170 378 perditr
1816 317 123 378 vite
1893 317 123 378 fuit
1970 317 93 378 vt
2016 317 185 378 Nodetius
2155 317 108 378 puc
2217 317 108 378 cum
2279 317 278 378 ersaitlitarum,
2494 317 62 378 iu

1050 351 158 385 postea
1161 351 142 385 vitae
1255 351 110 385 sue
1318 351 158 385 errata
1429 351 158 385 optime
1539 351 221 385 emendauit.
1713 351 126 385 ldem
1792 351 95 385 de
1839 351 142 385 Labio
1934 351 158 385 maximo
2044 351 79 385 &
2076 351 126 385 Sili
2155 351 158 385 lgmus.
2265 351 142 385 Lindu
2360 351 142 385 xtatu
2439 351 126 385 exrueu

1054 395 155 394 optime
1162 395 248 394 castigarunt:
1363 395 77 394 &
1394 395 108 394 pia
1456 395 139 394 mater
1549 395 124 394 vitm
1626 395 155 394 taedio
1735 395 124 394 sese
1812 395 155 394 laqueo
1921 395 155 394 mortem
2029 395 124 394 sibi
2106 395 201 394 cunscuit&
2261 395 139 394 tanem
2354 395 201 394 Thenitode
2494 395 77 394 oct

1045 446 98 385 vix
1101 446 154 385 cuiquam
1213 446 168 385 Grecorum
1340 446 84 385 in
1382 446 140 385 gioria
1480 446 154 385 cessit.
1592 446 154 385 luuenes
1704 446 154 385 perdite
1817 446 126 385 vitae
1901 446 196 385 nonnumquam
2055 446 196 385 tesipitun.
2209 446 140 385 Sundli
2307 446 84 385 mo
2350 446 84 385 ad
2378 446 182 385 ceicluscpi.

1026 485 173 391 Prodigus
1156 485 130 391 habet
1242 485 87 391 ea
1285 485 116 391 quae
1358 485 116 391 sunt
1430 485 116 391 viri
1502 485 202 391 liberalis,
1661 485 87 391 vt
1704 485 101 391 dat
1762 485 72 391 &
1791 485 101 391 non
1849 485 173 391 accipit:
1978 485 173 391 quamquam
2108 485 130 391 neium
2195 485 116 391 fact
2267 485 87 391 rt
2311 485 159 391 oponet.
2426 485 72 391 &
2455 485 87 391 si
2484 485 72 391 dee

1029 535 113 400 ret,
1099 535 99 400 qui
1156 535 169 400 facilius
1282 535 183 400 reducitur
1423 535 85 400 ad
1466 535 155 400 medium,
1578 535 99 400 est
1635 535 169 400 facilius
1761 535 197 400 curabilis:
1916 535 99 400 sed
1973 535 99 400 sic
2029 535 99 400 est
2085 535 85 400 de
2127 535 155 400 proligi
2240 535 99 400 non
2296 535 211 400 vtilibenui.
2451 535 113 400 ixitur

1030 577 153 400 Minorem
1141 577 83 400 in
1183 577 139 400 litera
1280 577 153 400 probat:
1391 577 111 400 quia
1460 577 125 400 maior
1543 577 97 400 est
1599 577 139 400 peruia
1696 577 97 400 cum
1751 577 222 400 consequente.
1932 577 83 400 Si
1973 577 111 400 enim
2043 577 180 400 prodignad
2181 577 111 400 illa
2251 577 125 400 recte
2334 577 153 400 facenda
2431 577 111 400 assus.

1008 619 116 400 scat
1081 619 102 400 vel
1139 619 73 400 a
1169 619 102 400 suo
1227 619 160 400 mutetur
1343 619 116 400 modo
1416 619 116 400 fiet
1489 619 204 400 liberalis:
1649 619 102 400 non
1707 619 131 400 autem
1794 619 102 400 est
1852 619 102 400 sic
1911 619 87 400 de
1954 619 146 400 auaro,
2056 619 116 400 igi.
2129 619 189 400 Quiptoput
2275 619 102 400 non
2333 619 146 400 prauis
2435 619 102 400 est
2478 619 73 400 mo¬-

994 661 132 398 ribus
1082 661 191 398 prodigus.
1229 661 103 398 Non
1288 661 118 398 enim
1362 661 206 398 ingenerosi
1523 661 103 398 est
1582 661 88 398 in
1626 661 132 398 dando
1714 661 191 398 excedere,
1861 661 73 398 &
1891 661 103 398 non
1949 661 147 398 capere
2052 661 88 398 in
2096 661 147 398 pudnis
2199 661 103 398 est
2258 661 132 398 atque
2346 661 162 398 stlidi,
2449 661 88 398 &be¬-

993 709 162 396 minibus
1111 709 118 396 erit
1185 709 162 396 fabula.
1302 709 162 396 Insuper
1420 709 103 396 qui
1479 709 147 396 multis
1582 709 162 396 prodest
1700 709 103 396 non
1758 709 103 396 est
1817 709 103 396 ita
1876 709 132 396 malus
1964 709 132 396 sicut
2053 709 118 396 ille
2126 709 103 396 qui
2185 709 147 396 nemini
2288 709 177 396 prodest.
2406 709 147 396 Prodigus

985 761 176 387 plerisque
1121 761 162 387 prodest:
1242 761 135 387 auarus
1337 761 122 387 autem
1418 761 135 387 nulli,
1512 761 95 387 nec
1566 761 122 387 sibi:
1647 761 95 387 cum
1701 761 162 387 pecuniam
1823 761 81 387 in
1863 761 108 387 arca
1931 761 189 387 reconditam
2079 761 176 387 imtiliter
2214 761 149 387 teneat:
2322 761 95 387 nec
2376 761 81 387 ea
2417 761 81 387 in
2444 761 81 387 sibi

980 809 220 397 necessariis
1156 809 176 397 exponat.
1288 809 220 397 Thesaurizat
1463 809 117 397 enim
1537 809 73 397 &
1566 809 146 397 nescit
1668 809 102 397 cui
1727 809 190 397 congreget
1873 809 102 397 ea:
1932 809 102 397 sed
1990 809 117 397 haec
2064 809 88 397 de
2107 809 161 397 prodigo
2225 809 176 397 simplici
2356 809 132 397 dicta
2430 809 102 397 sunt,

968 845 146 399 Postea
1070 845 87 399 de
1114 845 160 399 prodigo
1231 845 262 399 illiberalitati
1450 845 131 399 mixto
1537 845 190 399 loquitur,
1683 845 190 399 inquiens.
1829 845 117 399 Sunt
1902 845 175 399 plerique
2033 845 204 399 prodigorum
2193 845 87 399 vt
2237 845 146 399 dictum
2339 845 102 399 est
2397 845 87 399 in
2426 845 117 399 fronte

964 891 132 400 huius
1052 891 176 400 capitis)
1184 891 132 400 aliis
1272 891 146 400 vitiis
1374 891 146 400 mixti:
1476 891 102 400 qui
1535 891 190 400 accipiunt
1681 891 117 400 vnde
1754 891 102 400 non
1813 891 176 400 oportet,
1944 891 73 400 &
1974 891 102 400 hoc
2032 891 117 400 ipso
2105 891 117 400 sunt
2178 891 219 400 illiterale:
2354 891 88 400 ad
2383 891 161 400 capiendum

955 933 126 409 autem
1039 933 112 409 sunt
1109 933 225 409 praecipites:
1292 933 112 409 quia
1362 933 154 409 erogare
1474 933 168 409 cupiunt,
1601 933 70 409 &
1629 933 112 409 quia
1699 933 112 409 cito
1769 933 98 409 eis
1825 933 197 409 facultates
1980 933 140 409 esunt,
2078 933 126 409 ficet
2162 933 197 409 negpecunt.
2316 933 140 409 ltaque
2415 933 84 409 ex
2443 933 98 409 alie¬-

950 985 104 396 nis
1009 985 118 396 dare
1083 985 192 396 coguntur.
1231 985 89 396 Et
1276 985 118 396 quia
1350 985 133 396 nulla
1438 985 104 396 est
1498 985 104 396 eis
1557 985 207 396 honestatis
1719 985 133 396 cura,
1808 985 118 396 sine
1882 985 118 396 vllo
1956 985 207 396 discrimine
2119 985 163 396 endique
2237 985 178 396 capiunt,
2370 985 118 396 nunc
2429 985 104 396 matuo

927 1034 107 394 non
988 1034 198 394 soluturi:
1140 1034 122 394 nunc
1216 1034 137 394 dando
1307 1034 244 394 obligationem
1505 1034 91 394 de
1551 1034 183 394 soluendo
1688 1034 91 394 in
1734 1034 76 394 a
1764 1034 168 394 termino
1886 1034 122 394 quem
1962 1034 228 394 negligenter
2145 1034 244 394 praetertunt:
2343 1034 122 394 nunc
2404 1034 137 394 ponendo

915 1074 207 401 vadimonia
1075 1074 239 401 adulterina,
1266 1074 128 401 quae
1346 1074 191 401 videntur
1489 1074 160 401 autea,
1601 1074 80 401 &
1633 1074 112 401 est
1697 1074 96 401 in
1744 1074 112 401 eis
1808 1074 144 401 aurum
1904 1074 255 401 sophisticum.
2111 1074 112 401 Nnc
2175 1074 112 401 cum
2239 1074 191 401 cautione
2367 1074 160 401 vadimoni

935 1134 117 385 vsum
1008 1134 87 385 ad
1052 1134 146 385 mediam
1154 1134 131 385 ditur
1242 1134 175 385 quaerunt
1373 1134 117 385 quod
1446 1134 102 385 non
1504 1134 175 385 reddunt,
1635 1134 87 385 vt
1679 1134 131 385 patet
1766 1134 87 385 de
1810 1134 160 385 cratere
1927 1134 204 385 argentes,.
2087 1134 131 385 coni,
2175 1134 160 385 annulo,
2291 1134 73 385 &
2320 1134 175 385 caeteris
2452 1134 87 385 id

921 1174 150 390 genus:
1026 1174 210 390 quapropter
1191 1174 105 390 nec
1250 1174 180 390 dationes
1385 1174 165 390 ipsorum
1505 1174 195 390 liberales
1655 1174 120 390 sunt
1729 1174 135 390 neque
1819 1174 195 390 honestae,
1969 1174 105 390 sed
2029 1174 210 390 nonnumquam
2194 1174 120 390 quos
2268 1174 180 390 expediat
2388 1174 120 390 inope¬-

916 1233 121 391 esse
992 1233 136 391 (quia
1083 1233 167 391 diuitis
1204 1233 212 391 abutuntur)
1371 1233 212 391 locupletes
1537 1233 167 391 faciunt
1659 1233 121 391 dant
1735 1233 121 391 enim
1810 1233 258 391 neretricibus,
2023 1233 212 391 lenonibus,
2189 1233 243 391 histionibus,
2387 1233 76 391 &
2402 1233 121 391 adula¬-

907 1270 182 392 toribus:
1043 1270 91 392 at
1089 1270 106 392 iis
1149 1270 106 392 qui
1210 1270 197 392 moderatis
1361 1270 121 392 sunt
1437 1270 167 392 moribus
1558 1270 76 392 &
1588 1270 136 392 etiam
1679 1270 151 392 indigi
1785 1270 121 392 dant
1861 1270 136 392 nihil
1952 1270 273 392 assentatoribus
2179 1270 106 392 aut
2239 1270 136 392 aliam
2330 1270 136 392 talem
2406 1270 106 392 volu¬-

890 1327 145 388 ptatem
992 1327 233 388 afferentibus
1181 1327 116 388 dant
1254 1327 145 388 multa:
1356 1327 189 388 quamobrem
1502 1327 73 388 &
1531 1327 175 388 plerique
1662 1327 160 388 ipsorum
1778 1327 247 388 intemperantes
1982 1327 131 388 sunt,
2069 1327 102 388 cum
2127 1327 116 388 enim
2200 1327 145 388 facile
2302 1327 116 388 dent
2360 1327 160 388 procliues

889 1372 87 383 ad
933 1372 160 383 sumptus
1050 1372 87 383 in
1094 1372 190 383 flagitiis
1239 1372 190 383 faciendis
1385 1372 131 383 sunt,
1473 1372 117 383 quia
1546 1372 204 383 meretrices
1706 1372 131 383 auere
1793 1372 102 383 eis
1852 1372 160 383 facilem
1968 1372 131 383 luxus
2056 1372 204 383 occasionem
2216 1372 219 383 ministrant.
2391 1372 87 383 Et
2421 1372 87 383 quia

871 1412 114 390 non
936 1412 98 390 ad
985 1412 228 390 honestatem
1164 1412 163 390 viuunt
1279 1412 98 390 ad
1328 1412 228 390 voluptates
1507 1412 228 390 declinant.
1687 1412 114 390 Hoc
1752 1412 212 390 summopere
1915 1412 180 390 notato:
2046 1412 114 390 qui
2111 1412 114 390 non
2176 1412 163 390 viuunt
2291 1412 98 390 ad
2323 1412 196 390 honestatem

866 1457 87 385 ad
909 1457 203 385 voluptates
1069 1457 145 385 tempus
1170 1457 203 385 transigere
1330 1457 203 385 declinant.
1489 1457 116 385 Nunc
1562 1457 218 385 latrunculis
1736 1457 102 385 seu
1794 1457 189 385 scacariis
1939 1457 203 385 tessellis,
2098 1457 116 385 nunc
2171 1457 116 385 alea
2243 1457 160 385 ludunt,
2359 1457 116 385 nunc
2417 1457 87 385 alia

864 1505 204 389 capiuntur
1021 1505 219 389 illecebra:
1193 1505 172 389 honeste
1319 1505 141 389 autem
1413 1505 219 389 viuentibus
1585 1505 157 389 tempus
1695 1505 157 389 deest,
1805 1505 235 389 tempestatis
1993 1505 204 389 poenuriam
2150 1505 219 389 causantur:
2306 1505 204 389 quemadmodum

853 1555 123 379 sunt
930 1555 123 379 ocio
1007 1555 200 379 literario
1161 1555 170 379 dediti,
1284 1555 185 379 opifices
1423 1555 216 379 laboriosi,
1593 1555 200 379 Ruricolae
1747 1555 139 379 agros
1839 1555 154 379 arant,
1947 1555 200 379 dulcedine
2101 1555 200 379 cantionis
2255 1555 108 379 aut
2302 1555 200 379 fistulatio¬-

842 1602 108 383 nis
903 1602 170 383 linguae
1027 1602 93 383 ad
1074 1602 139 383 labia
1167 1602 217 383 capiuntur.
1337 1602 139 383 Reges
1430 1602 77 383 &
1461 1602 201 383 principes
1616 1602 170 383 oculati
1740 1602 93 383 de
1786 1602 201 383 republica
1941 1602 124 383 bene
2019 1602 232 383 disponentes
2205 1602 139 383 bonam
2298 1602 139 383 vitae
2375 1602 124 383 partem

832 1652 242 375 transigunt.
1026 1652 129 375 Alii
1107 1652 226 375 oscitantes
1284 1652 81 375 &
1317 1652 178 375 veterno
1446 1652 210 375 torpentes
1607 1652 97 375 ad
1656 1652 226 375 inhonestas
1834 1652 226 375 confugiunt
2011 1652 242 375 voluptates.
2205 1652 194 375 Caeterum
2351 1652 113 375 duo
2415 1652 113 375 ho¬

830 1690 137 387 minem
921 1690 92 387 ab
967 1690 259 387 intemperantia
1181 1690 198 387 retrahunt
1333 1690 183 387 scilicet
1471 1690 122 387 amor
1547 1690 183 387 pecuniae
1684 1690 92 387 ne
1730 1690 214 387 inutiliter
1898 1690 214 387 exponatur,
2066 1690 76 387 &
2096 1690 122 387 amor
2173 1690 229 387 honestatis.
2356 1690 107 387 His
2401 1690 92 387 duo¬-

807 1736 112 398 Dus
871 1736 144 398 loris
967 1736 191 398 fractis,
1110 1736 128 398 homo
1190 1736 96 398 ad
1238 1736 239 398 intemperiem
1429 1736 191 398 praeceps
1573 1736 207 398 declinat.
1732 1736 80 398 ⁋
1764 1736 128 398 Alia
1844 1736 223 398 conclusio.
2019 1736 175 398 Prodigi
2147 1736 207 398 emendatio
2307 1736 144 398 magna
2386 1736 96 398 sol¬-

811 1785 218 392 licitudine
983 1785 202 392 procurari
1139 1785 156 392 debet:
1248 1785 109 392 nam
1310 1785 93 392 si
1357 1785 218 392 diligentia
1528 1785 218 392 negligatur
1699 1785 93 392 in
1746 1785 202 392 superiora
1902 1785 125 392 mala
1980 1785 187 392 recidit,
2120 1785 93 392 at
2166 1785 218 392 diligentia
2322 1785 156 392 adhibita

782 1825 101 387 ad
833 1825 169 387 medium
951 1825 169 387 redit.
1070 1825 85 387 ⁋
1103 1825 203 387 Sequitur
1256 1825 101 387 de
1306 1825 220 387 auaritia,
1475 1825 85 387 &
1509 1825 186 387 ponitur
1644 1825 135 387 haec
1729 1825 237 387 conclusio.
1915 1825 203 387 Auaritia
2067 1825 118 387 est
2135 1825 169 387 morbus
2236 1825 237 387 insanabilis.

774 1878 200 383 Probatur.
928 1878 154 383 Vitium
1035 1878 139 383 cuius
1128 1878 139 383 causa
1220 1878 154 383 vitari
1328 1878 108 383 non
1390 1878 169 383 potest,
1513 1878 108 383 est
1575 1878 231 383 insanabile:
1759 1878 108 383 sed
1821 1878 139 383 causa
1913 1878 293 383 illiberalitatis
2160 1878 169 383 euitari
2283 1878 108 383 non
2329 1878 139 383 potest,

769 1920 171 381 igitur.
894 1920 249 381 Consequentia
1096 1920 140 381 tenet
1189 1920 109 381 cum
1252 1920 171 381 maiore:
1376 1920 78 381 &
1407 1920 140 381 minor
1500 1920 140 381 patet
1594 1920 93 381 in
1640 1920 171 381 litera.
1765 1920 156 381 Etenim
1874 1920 187 381 senectus
2014 1920 78 381 &
2045 1920 249 381 imbecillitas
2247 1920 140 381 omnes
2325 1920 124 381 auaros

763 1971 184 378 efficit.
901 1971 184 378 Secundo,
1039 1971 123 378 toti
1115 1971 169 378 speciei
1238 1971 169 378 humanae
1360 1971 138 378 magis
1452 1971 107 378 est
1514 1971 153 378 innata
1621 1971 184 378 auaritia
1759 1971 123 378 quam
1836 1971 261 378 prodigalitas.
2050 1971 138 378 Fiunt
2142 1971 123 378 enim
2219 1971 153 378 plures
2311 1971 153 378 pecunia¬-

760 2014 104 392 rum
820 2014 149 392 cupidi
924 2014 119 392 quam
998 2014 89 392 ad
1043 2014 149 392 dandum
1147 2014 149 392 proni:
1252 2014 119 392 quid
1326 2014 119 392 ergo
1401 2014 149 392 mirum,
1505 2014 89 392 si
1549 2014 223 392 difficilius
1728 2014 149 392 curet.
1832 2014 164 392 Tertio,
1952 2014 134 392 longe
2041 2014 179 392 auritiae
2175 2014 149 392 vitium
2264 2014 194 392 extenditur,

763 2055 204 390 multosque
921 2055 142 390 nodos
1015 2055 142 390 habet
1109 2055 157 390 quibus
1219 2055 173 390 hominem
1345 2055 189 390 irretit:
1487 2055 79 390 &
1518 2055 110 390 cum
1581 2055 94 390 in
1628 2055 157 390 duobus
1738 2055 110 390 (vt
1801 2055 189 390 summatim
1943 2055 189 390 dicatur,
2084 2055 220 390 consistat,
2257 2055 94 390 vt
2304 2055 94 390 in
2336 2055 110 390 defe¬-

752 2106 102 342 ctu
811 2106 131 342 dandi
898 2106 73 342 &
927 2106 87 342 in
971 2106 160 342 excessu
1087 2106 189 342 capiendi:
1233 2106 102 342 non
1291 2106 131 342 tamen
1378 2106 160 342 omnibus
1494 2106 160 342 integra
1611 2106 145 342 adest,
1713 2106 102 342 sed
1771 2106 204 342 nonnumquam
1931 2106 204 342 discindit.
2091 2106 102 342 Nam
2149 2106 116 342 sunt
2222 2106 102 342 qui
2280 2106 145 342 tantum
2382 2106 87 342 in

727 2150 187 348 capiendo
868 2150 219 348 exuperant,
1040 2150 78 348 &
1071 2150 125 348 alii
1149 2150 94 348 in
1196 2150 141 348 dando
1290 2150 219 348 deficiunt:
1462 2150 78 348 &
1493 2150 94 348 ii
1540 2150 141 348 omnes
1634 2150 125 348 quos
1712 2150 172 348 vocamus
1837 2150 172 348 parcos,
1962 2150 187 348 tenaces,
2102 2150 156 348 aridos
2212 2150 94 348 in
2259 2150 141 348 dando
2337 2150 109 348 defi¬-

728 2192 153 385 ciunt:
835 2192 107 385 sed
896 2192 138 385 neque
988 2192 153 385 aliena
1095 2192 168 385 capiunt
1217 2192 107 385 nec
1278 2192 183 385 accipere
1416 2192 168 385 volunt.
1538 2192 153 385 Quidam
1645 2192 122 385 enim
1721 2192 92 385 in
1767 2192 138 385 dando
1859 2192 199 385 deficiunt
2012 2192 92 385 ob
2058 2192 168 385 quandam
2180 2192 199 385 modestiam
2333 2192 76 385 &
2348 2192 92 385 tur¬-

713 2250 119 370 pium
787 2250 134 370 rerum
876 2250 208 370 cautionem.
1040 2250 178 370 Videntur
1173 2250 148 370 aliqui
1277 2250 104 370 vel
1337 2250 148 370 saltem
1440 2250 104 370 sic
1500 2250 148 370 dicunt
1604 2250 119 370 sua,
1678 2250 193 370 propterea
1826 2250 208 370 conseruare
1990 2250 89 370 ne
2034 2250 178 370 interdum
2168 2250 89 370 ob
2212 2250 134 370 rerum
2286 2250 134 370 pexenu¬-

708 2296 126 371 riam
787 2296 189 371 cogantur
929 2296 173 371 aliquid
1055 2296 142 371 turpe
1149 2296 173 371 facere:
1275 2296 79 371 &
1306 2296 94 371 de
1354 2296 110 371 his
1417 2296 110 371 est
1480 2296 126 371 ipse
1558 2296 157 371 cymini
1668 2296 157 371 fector
1779 2296 79 371 &
1810 2296 157 371 quiuis
1920 2296 157 371 talis.
2030 2296 173 371 Cyminum
2156 2296 110 371 est
2219 2296 173 371 legumen
2330 2296 94 371 quod

701 2332 206 385 stomachi
855 2332 257 385 torminibus,
1061 2332 206 385 oculorum
1215 2332 188 385 morbis,
1352 2332 86 385 &
1386 2332 223 385 comitiali
1557 2332 154 385 morbo
1660 2332 206 385 medetur.
1814 2332 171 385 Quidam
1934 2332 120 385 hic
2003 2332 154 385 locum
2106 2332 120 385 sic
2174 2332 223 385 exponunt.
2328 2332 86 385 Dum

685 2377 148 385 ferme
783 2377 197 385 mensuram
931 2377 213 385 haerbarum
1095 2377 197 385 impleret
1243 2377 82 385 &
1275 2377 197 385 medietas
1423 2377 164 385 cymini
1538 2377 181 385 poterat
1669 2377 197 385 complere
1817 2377 213 385 mensuram,
1981 2377 148 385 vilem
2080 2377 115 385 eam
2145 2377 164 385 herbam
2260 2377 115 385 vir
2310 2377 98 385 aua¬-

685 2432 112 375 rus
749 2432 175 375 secuit.
876 2432 207 375 propterea
1036 2432 191 375 probrose
1180 2432 144 375 cymin
1275 2432 160 375 fector
1387 2432 160 375 dictus
1499 2432 128 375 est.
1578 2432 128 375 Alii
1658 2432 128 375 quia
1738 2432 191 375 sectores
1882 2432 128 375 sunt
1961 2432 112 375 qui
2025 2432 112 375 spe
2089 2432 144 375 lucri
2185 2432 112 375 res
2233 2432 175 375 condenna¬-

673 2475 144 380 torum
769 2475 144 380 emunt
865 2475 80 380 &
897 2475 224 380 diuendunt:
1074 2475 289 380 interpretantur
1314 2475 224 380 fectatorem
1490 2475 160 380 cymini
1603 2475 192 380 emptorem
1747 2475 144 380 terum
1843 2475 240 380 quarumlibet
2035 2475 176 380 damnati
2164 2475 144 380 etiam
2244 2475 144 380 cyrmini

664 2529 123 370 quod
741 2529 123 370 ille
817 2529 92 370 ad
864 2529 215 370 condiendum
1033 2529 169 370 cadauer
1156 2529 123 370 suum
1233 2529 231 370 seruauerat:
1418 2529 108 370 aut
1479 2529 108 370 rei
1541 2529 138 370 vilis
1633 2529 200 370 propolam.
1787 2529 92 370 i.
1833 2529 246 370 praeemptorem
2033 2529 92 370 vt
2079 2529 154 370 pluris
2187 2529 169 370 vendat.
2295 2529 92 370 Iste

643 2571 95 337 ab
691 2571 252 337 exuperatione
896 2571 110 337 non
959 2571 142 337 dandi
1053 2571 142 337 nomem
1148 2571 158 337 habuit
1259 2571 142 337 tale:
1353 2571 158 337 quidam
1464 2571 126 337 veto
1543 2571 95 337 ob
1590 2571 142 337 metum
1685 2571 174 337 alienis
1811 2571 205 337 abstinent
1969 2571 126 337 quod
2048 2571 158 337 facile
2158 2571 110 337 non
2205 2571 174 337 arbitran¬-

644 2615 104 380 tur
703 2615 89 380 se
748 2615 148 380 aliena
851 2615 148 380 capere
955 2615 74 380 &
984 2615 133 380 alios
1073 2615 104 380 non
1132 2615 207 380 caperesua.
1295 2615 118 380 ldeo
1369 2615 133 380 nihil
1458 2615 192 380 accipiunt
1606 2615 89 380 ab
1650 2615 133 380 ipsis
1739 2615 104 380 nec
1798 2615 104 380 eis
1857 2615 177 380 quicquam
1990 2615 192 380 tribuunt.
2138 2615 118 380 Alii
2212 2615 118 380 sunt
2271 2615 74 380 qui

630 2656 93 382 in
677 2656 187 382 capiendo
817 2656 202 382 exuperant
973 2656 171 382 vndique
1097 2656 218 382 capientes,
1269 2656 156 382 quales
1377 2656 125 382 sunt
1455 2656 125 382 illi
1533 2656 109 382 qui
1595 2656 233 382 illiberalia
1782 2656 187 382 exercent
1922 2656 156 382 opera,
2031 2656 93 382 vt
2078 2656 171 382 lenones
2202 2656 140 382 (leno
2280 2656 78 382 est

625 2700 209 384 scortorum
786 2700 209 384 vtriusque
947 2700 145 384 sexus
1043 2700 241 384 prostitutor
1236 2700 80 384 &
1268 2700 209 384 venditor,
1429 2700 97 384 ex
1477 2700 145 384 turpi
1574 2700 129 384 illo
1654 2700 177 384 quaestu
1783 2700 225 384 victitans.
1960 2700 97 384 Et
2008 2700 257 384 foeneratores
2217 2700 113 384 qui
2266 2700 64 384 ad

609 2751 165 380 foenus
725 2751 132 380 siue
808 2751 99 380 ad
857 2751 165 380 vsuram
973 2751 149 380 dant,
1072 2751 165 380 quorum
1188 2751 149 380 nummi
1287 2751 165 380 nummos
1403 2751 149 380 foede
1502 2751 116 380 (vt
1568 2751 248 380 Aristoteles
1766 2751 149 380 primo
1865 2751 248 380 Politicorum
2064 2751 132 380 ait)
2146 2751 198 380 pariunt:
2278 2751 50 380 &

612 2797 123 378 qui
683 2797 141 378 dant
771 2797 158 378 parua
877 2797 123 378 pro
947 2797 194 378 magnis.
1088 2797 106 378 Hi
1141 2797 194 378 homines
1282 2797 229 378 accipiunt
1458 2797 123 378 vbi
1528 2797 123 378 non
1599 2797 211 378 oportet:
1757 2797 194 378 commune
1898 2797 123 378 est
1968 2797 123 378 his
2039 2797 194 378 omnibus
2162 2797 141 378 turpix

601 2839 141 381 lucri
695 2839 235 381 comparatio.
884 2839 94 381 In
931 2839 110 381 hoc
993 2839 141 381 omnes
1087 2839 220 381 conveniunt
1260 2839 78 381 &
1291 2839 141 381 omnes
1385 2839 157 381 gratia
1495 2839 141 381 lucri
1589 2839 78 381 &
1621 2839 157 381 eiusce
1730 2839 157 381 quidem
1840 2839 141 381 parui
1934 2839 157 381 probra
2044 2839 220 381 sustinent.
2201 2839 94 381 Narm

586 2887 136 382 illos
677 2887 106 382 qui
737 2887 166 382 grandia
858 2887 121 382 vnde
934 2887 106 382 non
994 2887 166 382 oportet
1115 2887 212 382 accipiunt,
1281 2887 91 382 vt
1327 2887 166 382 faciunt
1448 2887 166 382 tyranni
1568 2887 212 382 hostiliter
1735 2887 136 382 regna
1825 2887 212 382 inuadentes
1992 2887 76 382 &
2022 2887 212 382 spoliantes
2173 2887 106 382 taen¬-

579 2934 128 383 pla,
659 2934 112 383 non
723 2934 240 383 illiberales
915 2934 112 383 sed
979 2934 256 383 perniciosos,
1187 2934 176 383 impios,
1315 2934 208 383 iniustos,
1474 2934 240 383 sceleratos,
1666 2934 80 383 &
1698 2934 224 383 sacrilegos
1874 2934 240 383 appellamus.
2066 2934 96 383 Vt
2098 2934 176 383 Dionyssum

576 2982 256 381 Syracusanum,
784 2982 112 381 qui
848 2982 160 381 deorum
960 2982 208 381 gentilium
1120 2982 128 381 fana
1200 2982 224 381 spoliabat,
1376 2982 192 381 cachinno
1519 2982 208 381 dictitans
1679 2982 128 381 deos
1759 2982 192 381 oportere
1903 2982 240 381 locupletare
2095 2982 128 381 egen
2159 2982 96 381 tex.

555 3029 79 383 ⁋
587 3029 142 383 Circa
682 3029 142 383 dicta
777 3029 221 383 dubitatur.
951 3029 158 383 Primo,
1061 3029 95 383 an
1109 3029 127 383 idem
1188 3029 158 383 potest
1299 3029 127 383 esse
1378 3029 190 383 prodigus
1520 3029 79 383 &
1552 3029 253 383 illiberalis,
1758 3029 95 383 vt
1805 3029 237 383 Aristoteles
1995 3029 158 383 dicit.
2090 3029 158 383 Argumen¬-

548 3076 95 371 tor
603 3076 122 371 enim,
684 3076 109 371 quod
752 3076 109 371 non,
820 3076 109 371 quia
888 3076 109 371 tunc
956 3076 177 371 contraria
1092 3076 122 371 eidem
1174 3076 217 371 competerent:
1350 3076 217 371 prodigalitas
1527 3076 109 371 enim
1595 3076 245 371 illiberalitati
1799 3076 177 371 contraria
1935 3076 109 371 est.
2003 3076 163 371 Secundo,
2125 3076 82 371 si
2152 3076 68 371 So¬-

535 3124 152 391 crates
641 3124 137 391 elcit
732 3124 121 391 nunc
808 3124 137 391 actum
899 3124 288 391 prodigalitatis,
1142 3124 121 391 nunc
1218 3124 288 391 illiberalitatis
1461 3124 76 391 &
1491 3124 228 391 alternatim,
1673 3124 91 391 an
1719 3124 121 391 etit
1795 3124 213 391 liberalis.
1962 3124 167 391 Videtur
2083 3124 121 391 quod
2144 3124 76 391 sic
