2378 3608
175 244 165 83 tantum
290 244 132 83 enim
373 244 182 83 deficit
505 244 182 83 quantum
637 244 215 83 exuperat:
802 244 132 83 ergo
884 244 132 83 stat
967 244 99 83 in
1016 244 165 83 medio.
1132 244 182 83 Tertio,
1264 244 182 83 quomodo
1396 244 215 83 auantitia
1561 244 116 83 est
1627 244 264 83 incurabilis,
1825 244 50 83 &

188 306 97 60 an
236 306 162 60 potest
349 306 162 60 curari
462 306 97 60 in
511 306 194 60 senibus.
656 306 178 60 Quarto,
786 306 113 60 sub
850 306 113 60 qua
915 306 178 60 virtute
1044 306 210 60 cardinali
1206 306 242 60 liberalitas
1399 306 242 60 includitur.
1593 306 178 60 Quinto,
1723 306 97 60 an
1755 306 113 60 omnia

178 356 113 64 sua
242 356 129 64 dans
323 356 161 64 egenis
436 356 81 64 &
468 356 226 64 religionem
646 356 226 64 ingrediens
823 356 113 64 sit
887 356 210 64 prodigus.
1049 356 81 64 ⁋
1081 356 97 64 Ad
1129 356 161 64 primam
1242 356 258 64 dubitationem
1452 356 242 64 respondetur
1629 356 226 64 affirmatiues

184 409 133 59 nulla
273 409 104 59 est
332 409 237 59 contrarietas
525 409 133 59 inter
614 409 133 59 actum
703 409 267 59 prodigalitatis
926 409 74 59 &
955 409 163 59 illiber
1074 409 178 59 alitatis
1207 409 119 59 nisi
1282 409 163 59 fuerint
1400 409 133 59 circa
1489 409 119 59 idem
1563 409 178 59 obiectum
1697 409 104 59 cum
1741 409 119 59 eisdem

185 441 249 65 circumstantiis
392 441 69 65 &
420 441 97 65 pro
475 441 124 65 eodem
558 441 166 65 tempore.
682 441 69 65 ⁋
710 441 83 65 Ad
751 441 166 65 secundum
876 441 166 65 dicitur,
1000 441 110 65 quod
1069 441 124 65 talis
1152 441 152 65 numquam
1262 441 110 65 erit
1331 441 193 65 liberalis.
1483 441 69 65 ⁋
1511 441 83 65 Ad
1552 441 152 65 tertium
1663 441 166 65 dicitur,
1773 441 83 65 quod

180 493 225 69 difficulter
360 493 105 69 est
420 493 210 69 curabilis.
585 493 210 69 Communiter
750 493 120 69 enim
825 493 180 69 dicitur,
960 493 135 69 Omnia
1049 493 105 69 vir
1109 493 135 69 vitia
1199 493 180 69 dimittit
1334 493 150 69 quando
1439 493 195 69 senescit,
1589 493 165 69 praeter
1694 493 165 69 auaritiam

193 537 121 79 quae
269 537 121 79 sola
344 537 197 79 senescere
496 537 167 79 nescit.
617 537 182 79 Multorum
754 537 167 79 indiget
875 537 152 79 senex,
981 537 152 79 plenus
1087 537 243 79 pollicitorum
1285 537 152 79 quibus
1391 537 106 79 non
1451 537 167 79 credit,
1573 537 121 79 quia
1649 537 152 79 toties
1755 537 91 79 se
1785 537 91 79 fal¬-

177 584 116 63 sum
244 584 83 63 &
277 584 198 63 deceptum
425 584 198 63 expertus
574 584 132 63 est:
656 584 132 63 vult
739 584 215 63 propterea
904 584 116 63 sua
970 584 182 63 seruare
1102 584 99 63 vt
1152 584 149 63 vitam
1251 584 248 63 calamitosam
1449 584 215 63 conseruet
1614 584 182 63 meliori
1746 584 116 63 via
1796 584 66 63 ab

180 632 176 61 aerumna
308 632 112 61 qua
372 632 176 61 potest.
500 632 192 61 Plerique
643 632 128 61 eius
723 632 128 61 bona
803 632 240 61 subtrahunt:
995 632 208 61 propterea
1155 632 224 61 sollicitus
1331 632 112 61 est
1395 632 144 61 circa
1490 632 288 61 conseruationem
1714 632 144 61 suorum:

188 686 151 55 aliqui
294 686 136 55 tamen
384 686 121 55 sunt
460 686 136 55 senes
551 686 212 55 liberales.
717 686 76 55 ⁋
747 686 91 55 Ad
793 686 166 55 quartam
914 686 242 55 dubitationem
1110 686 242 55 respondetur,
1307 686 121 55 quod
1382 686 106 55 sub
1443 686 136 55 nulla
1533 686 166 55 virtute
1654 686 197 55 cardinali
1790 686 76 55 li¬-

191 728 186 60 beralitas
334 728 201 60 includitur
492 728 158 60 tamquam
607 728 158 60 species
721 728 172 60 alicuius
851 728 172 60 virtutis
980 728 215 60 cardinalis:
1152 728 100 60 est
1209 728 115 60 pars
1281 728 230 60 potentialis,
1467 728 129 60 tamen
1553 728 100 60 cum
1611 728 172 60 iustitia
1740 728 72 60 &
1769 728 100 60 cum
1812 728 57 60 ea

191 779 127 59 habet
276 779 155 59 maiorem
388 779 212 59 affinitatem
558 779 71 59 &
586 779 240 59 convenientiam
784 779 113 59 quam
854 779 99 59 cum
911 779 141 59 aliqua
1009 779 113 59 alia
1080 779 169 59 virtute:
1207 779 71 59 &
1235 779 99 59 hoc
1291 779 99 59 est
1348 779 127 59 ipsam
1433 779 85 59 ad
1475 779 183 59 iustitiam
1616 779 155 59 tamquam
1729 779 85 59 ad
1757 779 113 59 partem

189 823 228 69 potentialem
371 823 167 69 reduci.
493 823 152 69 aliqui
599 823 91 69 ob
645 823 122 69 vnam
721 823 243 69 proprietatem
918 823 91 69 in
964 823 106 69 hac
1025 823 167 69 virtute
1147 823 182 69 repertam
1283 823 106 69 eam
1344 823 91 69 ad
1390 823 122 69 vnam
1466 823 213 69 cardinalem
1633 823 198 69 virtutem,
1770 823 91 69 alii

184 864 92 66 ad
230 864 138 66 aliam
321 864 92 66 ob
367 864 138 66 aliam
459 864 245 66 proprietatem
658 864 199 66 reducunt.
811 864 107 66 Sed
872 864 92 66 vt
918 864 199 66 discrimen
1071 864 138 66 inter
1163 864 260 66 liberalitatem
1377 864 77 66 &
1408 864 199 66 iustitiam
1561 864 168 66 plenius
1668 864 199 66 intelligas:

190 911 124 64 scito
273 911 110 64 quod
342 911 165 64 iustitia
466 911 69 64 &
493 911 220 64 liberalitas,
672 911 124 64 Primo
755 911 83 64 in
796 911 96 64 hoc
851 911 207 64 conveniunt,
1017 911 110 64 quod
1086 911 152 64 vtraque
1196 911 138 64 virtus
1292 911 96 64 est
1347 911 83 64 ad
1389 911 165 64 alterum.
1513 911 152 64 Secundo
1623 911 207 64 conveniunt,
1774 911 83 64 quod

178 971 124 50 sunt
255 971 139 50 circa
348 971 124 50 bona
425 971 186 50 fortunae
564 971 155 50 ambae,
673 971 93 50 ac
719 971 139 50 inter
812 971 93 50 se
858 971 263 50 dispescuntur.
1075 971 186 50 Auaritia
1214 971 186 50 interdum
1353 971 232 50 iniustitiam
1539 971 248 50 complectitur
1725 971 139 50 quemad¬-

189 1007 141 62 modum
283 1007 235 62 Ezechielis.
471 1007 109 62 aa,
533 1007 219 62 scribitur.
706 1007 203 62 Principes
862 1007 125 62 eius
940 1007 94 62 in
987 1007 141 62 medio
1081 1007 141 62 eius,
1175 1007 141 62 quasi
1269 1007 125 62 lupi
1347 1007 203 62 rapientes
1503 1007 172 62 praedam
1628 1007 94 62 ad
1660 1007 203 62 effundendum

178 1055 213 66 sanguinem,
345 1055 76 66 &
376 1055 137 66 auare
467 1055 137 66 lucra
558 1055 198 66 sectando.
710 1055 183 66 Interdum
847 1055 137 66 nomem
939 1055 198 66 auaritiae
1091 1055 107 66 cum
1152 1055 274 66 illiberalitate
1380 1055 213 66 coincidit,
1547 1055 76 66 &
1578 1055 122 66 tunc
1639 1055 228 66 illiberalitas

192 1104 100 56 est
249 1104 144 56 vitium
350 1104 100 56 quo
407 1104 115 56 quis
479 1104 129 56 magis
565 1104 172 56 ardenter
694 1104 115 56 quam
766 1104 172 56 oportet,
895 1104 100 56 aut
953 1104 115 56 plus
1024 1104 129 56 aequo
1110 1104 172 56 fortunis
1240 1104 201 56 afficitur:
1398 1104 115 56 esto
1469 1104 115 56 quod
1541 1104 129 56 nolit
1627 1104 144 56 capere
1713 1104 144 56 alienum.

182 1152 116 58 Ecce
254 1152 116 58 quid
326 1152 101 58 est
384 1152 246 58 illiberalitas
587 1152 72 58 &
616 1152 101 58 est
674 1152 145 58 semper
776 1152 159 58 vitium:
892 1152 101 58 non
950 1152 130 58 tamen
1037 1152 217 58 teterrimum,
1211 1152 116 58 quia
1283 1152 145 58 inhiat
1385 1152 116 58 suis
1457 1152 116 58 plus
1530 1152 116 58 quam
1602 1152 130 58 ratio
1689 1152 159 58 dictat,
1805 1152 87 58 in

203 1195 155 65 quibus
311 1195 216 65 voluptatis
481 1195 124 65 plus
558 1195 124 65 quam
635 1195 139 65 ratio
728 1195 216 65 expostulat
898 1195 186 65 accipit.
1038 1195 124 65 Vnde
1115 1195 186 65 auaritia
1254 1195 108 65 non
1316 1195 155 65 semper
1424 1195 108 65 est
1486 1195 201 65 mortalis:
1641 1195 139 65 patet
1733 1195 155 65 quando

187 1240 233 68 liberalitati
377 1240 204 68 opponitur,
537 1240 204 68 nonnumquam
697 1240 189 68 iustitiae
843 1240 218 68 aduersatur,
1017 1240 73 68 &
1047 1240 102 68 sic
1105 1240 102 68 est
1163 1240 189 68 deterior.
1309 1240 116 68 Tunc
1381 1240 102 68 eum
1440 1240 160 68 furtum,
1556 1240 175 68 rapinam,
1687 1240 73 68 &
1702 1240 160 68 huiusmodi

182 1295 166 51 monstra
303 1295 197 51 implicat:
454 1295 76 51 &
484 1295 106 51 sic
545 1295 106 51 est
605 1295 91 51 ex
651 1295 106 51 suo
711 1295 151 51 genere
817 1295 197 51 mortalis:
968 1295 106 51 non
1029 1295 136 51 autem
1119 1295 91 51 vt
1165 1295 242 51 liberalitati
1361 1295 212 51 opponitur,
1527 1295 106 51 sed
1588 1295 166 51 saepius
1694 1295 166 51 venialis.

193 1340 243 55 Inordinatus
387 1340 130 55 amor
469 1340 227 55 pecuniarum
647 1340 114 55 non
712 1340 114 55 est
777 1340 211 55 mortalis,
939 1340 130 55 nisi
1020 1340 243 55 praeponatur
1215 1340 211 55 charitati
1377 1340 114 55 dei
1442 1340 81 55 &
1475 1340 195 55 proximi.
1621 1340 195 55 Caeterum
1750 1340 114 55 cumu¬-

189 1383 123 66 lare
265 1383 123 66 opes
342 1383 92 66 in
388 1383 184 66 immensum
527 1383 169 66 licitis
649 1383 154 66 mediis
757 1383 108 66 est
818 1383 215 66 illicitum.
987 1383 184 66 Sufficit
1126 1383 184 66 fortunas
1264 1383 108 66 pro
1325 1383 92 66 se
1371 1383 77 66 &
1402 1383 123 66 suis
1479 1383 246 66 sufficienter
1679 1383 169 66 habere.
1786 1383 77 66 At¬-

190 1427 142 62 tamen
285 1427 189 62 quispiam
427 1427 221 62 inferioris
600 1427 158 62 sortis
710 1427 95 62 vt
758 1427 236 62 negociator,
947 1427 189 62 agricola
1089 1427 110 62 ve,
1152 1427 158 62 dignus
1262 1427 205 62 superiore
1420 1427 158 62 statu,
1530 1427 158 62 potest
1640 1427 95 62 ad
1688 1427 110 62 eum
1735 1427 126 62 nummos

193 1479 198 58 cumulare:
345 1479 137 58 verum
436 1479 137 58 sciat
528 1479 122 58 iste
604 1479 213 58 inferioris
771 1479 167 58 status,
893 1479 122 58 quod
969 1479 107 58 cum
1030 1479 122 58 suam
1106 1479 167 58 humilem
1228 1479 152 58 sortem
1334 1479 198 58 mutauerit
1486 1479 107 58 non
1547 1479 107 58 sic
1608 1479 137 58 viuet
1684 1479 183 58 tranquille

182 1521 82 64 &
214 1521 115 64 sub
280 1521 148 64 modio
379 1521 198 64 positus.
527 1521 247 64 Liberalitas
725 1521 148 64 mouet
824 1521 181 64 hominis
956 1521 198 64 affectum
1104 1521 99 64 vt
1153 1521 115 64 hic
1219 1521 165 64 teneat
1334 1521 165 64 medium
1450 1521 82 64 &
1483 1521 247 64 illiberalis
1680 1521 181 64 praeter
1796 1521 82 64 ra¬-

187 1565 152 63 tionem
293 1565 197 63 colligit,
445 1565 106 63 vbi
506 1565 106 63 non
566 1565 106 63 est
627 1565 243 63 colligendum:
824 1565 76 63 &
855 1565 167 63 retinet
976 1565 152 63 quando
1083 1565 152 63 dandum
1189 1565 121 63 est.
1265 1565 182 63 Colligit
1401 1565 167 63 stricte
1523 1565 91 63 ab
1568 1565 182 63 inopibus
1705 1565 152 63 quibus
1796 1565 76 63 est

190 1615 264 65 subueniendum:
408 1615 78 65 &
439 1615 140 65 habet
533 1615 202 65 superflua
688 1615 124 65 quae
766 1615 249 65 indigentibus
968 1615 156 65 amicis
1077 1615 109 65 non
1139 1615 233 65 communicat.
1326 1615 124 65 Immo
1403 1615 109 65 est
1466 1615 109 65 ita
1528 1615 124 65 sibi
1606 1615 78 65 &
1637 1615 124 65 suis
1714 1615 156 65 percus
1808 1615 62 65 vt

189 1657 105 68 eis
249 1657 165 68 saepius
369 1657 210 68 necessaria
535 1657 165 68 desint.
655 1657 210 68 Iniustitia
820 1657 105 68 est
880 1657 90 68 in
925 1657 150 68 ordine
1031 1657 90 68 ad
1076 1657 180 68 alterum,
1211 1657 90 68 vt
1256 1657 105 68 qui
1316 1657 210 68 inordinate
1481 1657 150 68 aufert
1587 1657 90 68 ab
1632 1657 150 68 altero
1737 1657 105 68 vel
1782 1657 75 68 re¬-

186 1704 127 67 tinet
271 1704 169 67 alterius
398 1704 99 67 rem
454 1704 113 67 quam
525 1704 99 67 non
581 1704 198 67 restituit.
737 1704 113 67 Stat
807 1704 127 67 virum
892 1704 141 67 nullum
991 1704 141 67 habere
1089 1704 169 67 affectum
1217 1704 85 67 ad
1259 1704 169 67 pecuniam
1386 1704 113 67 sibi
1457 1704 226 67 applicandam,
1640 1704 71 67 &
1668 1704 113 67 esse
1725 1704 141 67 iniustum

188 1756 96 67 vt
236 1756 128 67 sola
316 1756 144 67 causa
411 1756 191 67 nocendi,
555 1756 160 67 occido
667 1756 160 67 porcos
778 1756 160 67 vicini
890 1756 112 67 mei
954 1756 112 67 aut
1018 1756 128 67 eius
1097 1756 144 67 domum
1193 1756 191 67 incendo,
1337 1756 96 67 in
1384 1756 112 67 his
1448 1756 112 67 sum
1512 1756 207 67 iniustus,
1672 1756 144 67 nullo
1751 1756 112 67 tamen

189 1806 119 57 modo
263 1806 223 57 illiberalis
442 1806 104 57 aut
501 1806 149 57 auarus
605 1806 119 57 sum.
680 1806 178 57 Auaritia
814 1806 104 57 est
873 1806 149 57 contra
977 1806 253 57 liberalitatem
1185 1806 74 57 &
1215 1806 208 57 iustitiam.
1378 1806 149 57 Contra
1482 1806 253 57 liberalitatem
1691 1806 119 57 puer
1750 1806 119 57 quanto

186 1847 119 74 homo
260 1847 223 74 inordinatum
438 1847 178 74 affectum
572 1847 134 74 habet
661 1847 89 74 ad
706 1847 178 74 pecuniam
839 1847 223 74 colligendam
1017 1847 74 74 &
1047 1847 208 74 seruandam:
1210 1847 119 74 sine
1284 1847 119 74 tali
1358 1847 163 74 affectu
1477 1847 119 74 homo
1551 1847 163 74 numquam
1670 1847 163 74 dicetur
1774 1847 89 74 aua¬-

187 1913 121 50 rus,
263 1913 136 50 licet
353 1913 106 50 sit
414 1913 197 50 iniustus,
565 1913 91 50 vt
611 1913 91 50 in
656 1913 227 50 combustione
838 1913 136 50 domus
929 1913 151 50 dictum
1035 1913 121 50 est.
1110 1913 91 50 Si
1156 1913 106 50 rem
1216 1913 151 50 vicini
1322 1913 106 50 mei
1383 1913 182 50 accipiam
1519 1913 106 50 pro
1579 1913 151 50 quanto
1685 1913 136 50 tollo
1761 1913 106 50 alie¬-

195 1941 117 69 num,
269 1941 102 69 sum
327 1941 190 69 iniustus.
473 1941 190 69 Accipiunt
620 1941 161 69 morales
737 1941 190 69 auaritiam
883 1941 161 69 tamquam
1000 1941 132 69 genus
1088 1941 88 69 ad
1132 1941 278 69 illiberalitatem
1366 1941 73 69 &
1395 1941 88 69 ad
1439 1941 219 69 iniustitiam
1614 1941 73 69 &
1644 1941 88 69 ad
1687 1941 176 69 conflata
1804 1941 59 69 ex

194 1989 120 63 his:
269 1989 195 63 huiusmodi
419 1989 120 63 sunt
493 1989 165 63 foenus,
613 1989 180 63 simonia,
748 1989 165 63 furtum,
868 1989 165 63 rapina.
988 1989 75 63 ⁋
1018 1989 90 63 Ad
1062 1989 165 63 vltimam
1182 1989 240 63 dubitationem
1377 1989 180 63 dicitur,
1512 1989 120 63 quod
1587 1989 135 63 talis
1676 1989 105 63 non
1736 1989 105 63 est
1781 1989 90 63 pro¬-

190 2033 154 67 digus,
298 2033 108 67 sed
359 2033 185 67 generose
498 2033 216 67 liberalis:
668 2033 108 67 cum
730 2033 139 67 omnia
822 2033 108 67 sua
884 2033 201 67 relinquit
1038 2033 185 67 inopibus
1177 2033 170 67 propter
1301 2033 139 67 deum,
1393 2033 77 67 &
1424 2033 154 67 frugem
1532 2033 216 67 sanctioris
1702 2033 139 67 vitae
1779 2033 77 67 ca¬-

186 2088 124 66 pit.
263 2088 186 66 Prodigus
402 2088 170 66 praeter
526 2088 186 66 rationem
665 2088 155 66 erogat
773 2088 139 66 sicut
866 2088 248 66 illiberalis,
1067 2088 170 66 praeter
1191 2088 186 66 rationem
1330 2088 186 66 retinet,
1470 2088 93 66 vt
1516 2088 108 66 cum
1578 2088 155 66 multum
1686 2088 139 66 diues
1764 2088 108 66 inopi

192 2144 106 48 non
253 2144 213 48 succurrit.
420 2144 76 48 ⁋
450 2144 137 48 Redeo
541 2144 91 48 ad
587 2144 182 48 literam.
724 2144 122 48 Alia
800 2144 198 48 conclusio
952 2144 122 48 est.
1028 2144 213 48 Aleatores,
1195 2144 152 48 fures,
1302 2144 76 48 &
1332 2144 182 48 latrones
1469 2144 228 48 illiberales
1651 2144 137 48 sunt.
1727 2144 137 48 Aleator

183 2183 123 57 enim
259 2183 184 57 iactibus
398 2183 138 57 aleae
490 2183 154 57 operam
598 2183 184 57 praestat
736 2183 108 57 vel
797 2183 108 57 rem
859 2183 123 57 suam
936 2183 184 57 fortunae
1074 2183 215 57 committit:
1243 2183 184 57 quilibet
1381 2183 138 57 talis
1473 2183 200 57 fortuitus
1627 2183 92 57 ad
1673 2183 138 57 aleam
1750 2183 123 57 exten¬-

181 2222 167 62 ditur:
298 2222 183 62 dicimus
431 2222 150 62 iacta
531 2222 117 62 est
598 2222 150 62 alea.
698 2222 117 62 Fur
764 2222 217 62 claneulum
931 2222 117 62 res
998 2222 167 62 aufert
1114 2222 200 62 alienas.
1264 2222 167 62 Latro,
1381 2222 117 62 qui
1448 2222 233 62 tenebrarum
1614 2222 250 62 opportunitate

183 2271 159 72 fretus
295 2271 159 72 aliena
406 2271 159 72 capit.
518 2271 143 72 Latro
614 2271 112 72 per
677 2271 112 72 vim
741 2271 159 72 capit,
853 2271 112 72 non
916 2271 143 72 autem
1012 2271 128 72 fur:
1092 2271 159 72 sicque
1203 2271 112 72 hic
1267 2271 191 72 capitur.
1411 2271 112 72 Nam
1474 2271 96 72 hi
1522 2271 143 72 omnes
1618 2271 96 72 in
1666 2271 143 72 turpi
1745 2271 112 72 lucro

195 2319 218 66 versantur:
366 2319 155 66 cuncta
475 2319 140 66 causa
568 2319 186 66 quaestus
708 2319 155 66 agunt,
817 2319 93 66 ob
864 2319 186 66 quaestum
1003 2319 140 66 talia
1097 2319 155 66 probra
1205 2319 202 66 tolerant,
1361 2319 124 66 sane
1438 2319 202 66 aleatores
1594 2319 93 66 ab
1640 2319 155 66 amicis
1734 2319 124 66 quibus

188 2377 163 60 potius
302 2377 163 60 dandum
415 2377 114 60 est
481 2377 228 60 lucrantur.
659 2377 146 60 Fures
757 2377 81 60 &
790 2377 195 60 latrones
936 2377 211 60 similiter
1099 2377 98 60 ob
1147 2377 163 60 lucrum
1261 2377 179 60 extrema
1391 2377 195 60 pericula
1538 2377 211 60 sustinent
1700 2377 81 60 &
1733 2377 98 60 in
1765 2377 98 60 sor¬-

200 2414 127 62 dido
280 2414 143 62 lucro
375 2414 238 62 occupantur.
565 2414 79 62 ⁋
597 2414 159 62 Vltima
708 2414 222 62 conclusio.
883 2414 111 62 Non
946 2414 95 62 ab
994 2414 95 62 re
1042 2414 270 62 illiberalitas
1264 2414 111 62 est
1327 2414 143 62 magis
1423 2414 254 62 liberalitati
1629 2414 206 62 contraria
1772 2414 95 62 quam

197 2461 264 67 prodigalitas.
415 2461 202 67 Probatio.
571 2461 264 67 Illiberalitas
788 2461 109 67 est
851 2461 140 67 maius
944 2461 202 67 flagitium
1099 2461 124 67 quam
1177 2461 124 67 ipsa
1255 2461 264 67 prodigalitas,
1473 2461 78 67 &
1504 2461 156 67 vbique
1613 2461 140 67 peius
1706 2461 156 67 vitium
1799 2461 78 67 ma¬-

187 2506 114 66 gis
252 2506 179 66 virtuti
382 2506 228 66 aduersatur
561 2506 130 66 quam
642 2506 146 66 minus
739 2506 163 66 malum.
853 2506 179 66 Secundo
983 2506 163 66 probat
1097 2506 114 66 hoc
1162 2506 163 66 ipsum,
1276 2506 130 66 quia
1357 2506 179 66 homines
1487 2506 179 66 pluries
1601 2506 260 66 illiberalitate

188 2561 128 55 quam
268 2561 271 55 prodigalitate
491 2561 239 55 delinquunt:
683 2561 80 55 &
714 2561 144 55 illud
810 2561 160 55 vitium
922 2561 96 55 in
970 2561 112 55 quo
1034 2561 175 55 homines
1161 2561 191 55 crebrius
1305 2561 191 55 peccant,
1448 2561 144 55 magis
1544 2561 175 55 virtuti
1656 2561 207 55 aduersatur.

186 2600 97 69 Et
234 2600 145 69 illud
331 2600 259 69 intelligitur
541 2600 97 69 de
590 2600 178 69 prodigo
719 2600 210 69 simplici,
881 2600 113 69 qui
946 2600 113 69 non
1010 2600 113 69 cum
1075 2600 275 69 prodigalitate
1301 2600 307 69 illiberalitatis
1560 2600 129 69 labe
1641 2600 113 69 est
1689 2600 178 69 aspersus:

178 2645 85 78 &
212 2645 154 78 illud
314 2645 119 78 est
383 2645 256 78 communiter.
587 2645 136 78 Stat
673 2645 154 78 tamen
775 2645 136 78 dare
860 2645 256 78 illiberalem
1065 2645 256 78 venialiter,
1270 2645 85 78 &
1304 2645 205 78 prodigum
1458 2645 222 78 simplicem
1628 2645 102 78 in
1679 2645 154 78 casum
1765 2645 102 78 mor¬-

189 2711 177 47 taliter
317 2711 225 47 peccantem:
494 2711 112 47 sed
558 2711 112 47 hoc
623 2711 145 47 solum
719 2711 112 47 est
783 2711 96 47 in
816 2711 112 47 casu.

186 2726 80 85 ⁋
218 2726 208 85 Dubitatur
378 2726 112 85 hic
442 2726 160 85 primo,
554 2726 176 85 quomodo
682 2726 208 85 liberalis
842 2726 176 85 moleste
970 2726 128 85 fert
1049 2726 224 85 nonnumquam
1225 2726 128 85 suam
1305 2726 192 85 dationem
1449 2726 96 85 vt
1497 2726 96 85 in
1545 2726 176 85 literam
1657 2726 208 85 philosophus

189 2795 157 54 dicit.
299 2795 188 54 Secundo,
441 2795 126 54 quae
519 2795 126 54 sunt
598 2795 141 54 leges
692 2795 157 54 ipsius
802 2795 220 54 liberalis.
975 2795 173 54 Tertio,
1100 2795 126 54 quod
1179 2795 157 54 vitium
1289 2795 110 54 est
1352 2795 157 54 maxime
1462 2795 188 54 odiosum.
1603 2795 173 54 Quarto,
1729 2795 94 54 an
1760 2795 110 54 alea¬-

189 2840 112 68 tor
253 2840 193 68 teneatur
398 2840 225 68 restituere
575 2840 96 68 id
623 2840 129 68 quod
703 2840 96 68 in
751 2840 129 68 vero
832 2840 129 68 ludo
912 2840 145 68 aleae
1008 2840 145 68 iactu
1105 2840 209 68 lucratur.
1265 2840 177 68 Quinto,
1394 2840 96 68 an
1442 2840 145 68 vsura
1539 2840 112 68 est
1603 2840 209 68 peccatum,
1764 2840 80 68 &
1780 2840 96 68 quo¬-

189 2903 126 48 modo
268 2903 252 48 committitur.
473 2903 158 48 Sexto,
583 2903 95 48 an
630 2903 142 48 Plato
725 2903 189 48 liberali
867 2903 126 48 dono
945 2903 173 48 aliquid
1072 2903 173 48 capiens
1198 2903 79 48 a
1229 2903 142 48 Sorte
1324 2903 110 48 sit
1387 2903 189 48 obnoxius
1528 2903 205 48 tantundem
1670 2903 205 48 restituere.

200 2934 73 59 ⁋
229 2934 87 59 Ad
272 2934 145 59 primam
374 2934 232 59 dubitationem
562 2934 232 59 respondetur,
751 2934 116 59 quod
823 2934 189 59 liberalis
968 2934 160 59 numquam
1084 2934 145 59 aegrem
1186 2934 116 59 fert
1258 2934 116 59 quod
1331 2934 145 59 erogat
1432 2934 189 59 inquantum
1577 2934 102 59 est
1635 2934 203 59 liberalis:
1795 2934 102 59 sed

195 2983 94 62 si
242 2983 188 62 deceptus
383 2983 110 62 det
446 2983 125 62 plus
524 2983 125 62 quam
602 2983 203 62 oporteat,
759 2983 110 62 vel
821 2983 110 62 cui
884 2983 110 62 non
947 2983 188 62 oportet,
1087 2983 94 62 vt
1134 2983 203 62 locupleti
1291 2983 78 62 &
1322 2983 219 62 hypocritae
1494 2983 188 62 nebuloni
1635 2983 110 62 qui
1698 2983 94 62 se
1729 2983 141 62 simulat

176 3029 167 63 inopem
293 3029 117 63 aut
359 3029 183 63 probum.
493 3029 100 63 cu
543 3029 216 63 oppositum
709 3029 200 63 sciuerit
859 3029 183 63 indigne
992 3029 133 63 fert
1075 3029 133 63 quod
1159 3029 150 63 egit,
1259 3029 150 63 licet
1359 3029 100 63 in
1408 3029 167 63 agendo
1525 3029 117 63 non
1592 3029 250 63 peccauerit,
1775 3029 83 63 sed

178 3076 97 54 in
226 3076 113 54 rei
291 3076 193 54 veritate
436 3076 129 54 bene
516 3076 145 54 egit,
613 3076 81 54 &
645 3076 161 54 reuera
758 3076 145 54 etiam
855 3076 81 54 a
887 3076 258 54 liberalitate
1096 3076 210 54 tenebrose
1258 3076 193 54 cognita.
1403 3076 97 54 Si
1451 3076 113 54 ego
1515 3076 177 54 hominem
1644 3076 97 54 ex
1677 3076 193 54 ignorantia

176 3122 241 60 inuincibili
368 3122 192 60 trucidem
513 3122 112 60 cum
577 3122 96 60 id
625 3122 176 60 rescio,
753 3122 160 60 doleo:
866 3122 112 60 non
930 3122 128 60 quod
1010 3122 225 60 peccauerim
1186 3122 112 60 ita
1251 3122 208 60 faciendo:
1411 3122 112 60 sed
1475 3122 128 60 quia
1555 3122 144 60 talis
1651 3122 144 60 casus
1732 3122 144 60 obuenit

175 3167 143 61 mihi.
270 3167 79 61 ⁋
302 3167 95 61 Ad
350 3167 190 61 secundam
492 3167 254 61 respondetur,
699 3167 127 61 quod
778 3167 127 61 eius
857 3167 143 61 leges
953 3167 79 61 &
984 3167 254 61 proprietates
1191 3167 143 61 sunt,
1286 3167 111 61 vel
1349 3167 95 61 ad
1397 3167 111 61 has
1460 3167 175 61 anhelet
1587 3167 111 61 qui
1651 3167 206 61 liberalis
1794 3167 79 61 cu¬-

174 3223 146 75 pitur
271 3223 146 75 esse:
368 3223 162 75 cibare
482 3223 130 75 fame
563 3223 211 75 affectos,
725 3223 162 75 potare
839 3223 227 75 sitientes,
1017 3223 178 75 operire
1147 3223 162 75 nudos,
1260 3223 178 75 mortuos
1390 3223 195 75 inhumare
1536 3223 130 75 more
1617 3223 178 75 Tobiae,
1730 3223 130 75 egenos
