2379 3601
201 242 145 71 more,
298 242 113 71 non
362 242 129 71 vsus
443 242 113 71 non
507 242 177 71 inducit
636 242 306 71 consuetundinem:
894 242 97 71 si
943 242 129 71 quis
1023 242 113 71 est
1088 242 161 71 passus
1201 242 161 71 damnum
1314 242 81 71 &
1346 242 145 71 agere
1443 242 161 71 noluit
1555 242 113 71 non
1620 242 113 71 est
1684 242 194 71 abrogata
1813 242 81 71 lex

195 309 203 56 concedens
351 309 125 56 tali
429 309 140 56 posse
523 309 140 56 agere
616 309 171 56 actione
741 309 140 56 legis
834 309 203 56 Aquiliae:
990 309 109 56 nec
1053 309 156 56 contra
1162 309 140 56 illam
1255 309 109 56 est
1317 309 171 56 inducta
1442 309 234 56 consuetudo,
1629 309 125 56 quia
1707 309 109 56 lex
1769 309 94 56 ad
1801 309 94 56 vsum

202 346 117 58 non
269 346 250 58 necessitat:
469 346 117 58 sed
536 346 117 58 dat
603 346 167 58 agendi
720 346 250 58 facultatem.
920 346 83 58 ⁋
953 346 167 58 Contra
1070 346 117 58 hoc
1137 346 250 58 argumentor.
1337 346 150 58 Licet
1437 346 117 58 hoc
1504 346 117 58 sit
1571 346 150 58 verum
1671 346 117 58 per
1738 346 117 58 non
1788 346 100 58 vsum

202 393 93 56 in
249 393 218 56 contrarium
420 393 140 56 tamen
514 393 109 56 lex
576 393 109 56 est
638 393 187 56 abrogata
778 393 109 56 per
840 393 124 56 vsum
918 393 218 56 contratium
1089 393 202 56 inquantum
1245 393 202 56 aliquando
1400 393 249 56 repetentibus
1602 393 109 56 non
1665 393 109 56 est
1727 393 109 56 ius
1774 393 124 56 datum,

198 445 130 60 quia
279 445 211 60 repetenti
441 445 227 60 deperditum
619 445 97 60 in
668 445 130 60 foro
749 445 162 60 tituli
862 445 81 60 &
894 445 292 60 contradictorio
1138 445 130 60 modo
1219 445 113 60 non
1283 445 146 60 datur
1381 445 146 60 actio
1478 445 113 60 nec
1543 445 211 60 sententia
1688 445 211 60 restitutio¬-

209 487 107 59 nis
270 487 153 59 debere
377 487 138 59 fieri
469 487 199 59 perdenti.
623 487 107 59 Non
684 487 107 59 est
745 487 123 59 vero
822 487 153 59 simile
929 487 123 59 quin
1006 487 92 59 in
1052 487 138 59 tanto
1144 487 199 59 ludentium
1297 487 138 59 coetu
1389 487 138 59 istud
1481 487 107 59 non
1542 487 138 59 semel
1634 487 107 59 sit
1680 487 215 59 practicatum.

202 541 190 51 Insuper
340 541 208 51 opposito
496 541 138 51 dato
582 541 156 51 omnes
686 541 121 51 non
755 541 277 51 restituentes
980 541 138 51 tale
1066 541 173 51 lucrum
1187 541 225 51 damnabis:
1360 541 138 51 quod
1447 541 121 51 non
1516 541 190 51 videtur
1637 541 242 51 concedendum.

204 585 90 56 Ex
249 585 106 56 hac
309 585 226 56 conclusione
490 585 90 56 si
536 585 121 56 vera
611 585 121 56 est,
687 585 181 56 sequitur
822 585 121 56 quod
898 585 151 56 ludens
1003 585 106 56 non
1064 585 166 56 tenetur
1184 585 90 56 ad
1229 585 256 56 restitutionem
1441 585 151 56 lucri.
1546 585 136 56 verum
1637 585 106 56 vbi
1697 585 106 56 lex
1742 585 151 56 imperia¬-

204 629 109 56 lis
267 629 109 56 aut
329 629 233 56 municipalis
515 629 109 56 non
577 629 109 56 est
639 629 186 56 abrogata
779 629 109 56 per
841 629 202 56 oppositam
996 629 279 56 consuetudinem,
1228 629 109 56 sed
1290 629 109 56 lex
1353 629 93 56 in
1399 629 109 56 suo
1461 629 155 56 robore
1570 629 186 56 perdurat
1694 629 186 56 restitutio

205 679 111 50 est
269 679 207 50 facienda.
428 679 111 50 qui
491 679 191 50 perdidit
635 679 95 50 ob
682 679 143 50 legem
778 679 80 50 &
809 679 159 50 ludere
921 679 80 50 &
953 679 111 50 rei
1016 679 239 50 acceptionem
1207 679 254 50 prohibentem.
1414 679 143 50 Forte
1509 679 127 50 ais,
1589 679 111 50 cum
1652 679 207 50 turpitudo
1796 679 95 50 ver¬-

202 720 124 58 setur
285 720 165 58 vtrinque
409 720 138 58 potior
505 720 96 58 est
561 720 165 58 conditio
685 720 207 58 possidentis
850 720 69 58 .
878 720 124 58 cite.
960 720 83 58 de
1002 720 138 58 condi.
1098 720 96 58 ob.
1153 720 110 58 fur.
1222 720 96 58 ca.
1277 720 83 58 I.
1319 720 221 58 Respondetur,
1498 720 96 58 hoc
1553 720 96 58 est
1608 720 124 58 verum
1691 720 110 58 nisi
1760 720 96 58 ius
1801 720 83 58 con¬-

203 765 175 61 tractum
330 765 190 61 irritat.
473 765 95 61 Ad
520 765 159 61 iustam
632 765 270 61 translationem
854 765 175 61 dominii
981 765 222 61 requiritur
1155 765 95 61 vt
1203 765 222 61 contractus
1377 765 111 61 non
1441 765 206 61 irritetur
1599 765 79 61 a
1631 765 127 61 lege
1710 765 143 61 vltra
1790 765 95 61 par¬-

202 823 131 52 tium
283 823 229 52 consensum.
463 823 82 52 ⁋
496 823 163 52 Contra
610 823 114 52 hoc
675 823 212 52 instatur.
839 823 114 52 Hac
904 823 114 52 via
969 823 131 52 alea
1051 823 229 52 ludentibus
1231 823 163 52 cornua
1345 823 229 52 aperiuntur
1525 823 114 52 qui
1590 823 114 52 sic
1655 823 196 52 ludentes
1786 823 98 52 pec¬-

197 860 144 62 cant,
293 860 128 62 quod
373 860 112 62 est
437 860 272 62 inconveniens.
661 860 224 62 Responsio,
837 860 144 62 multa
933 860 208 62 retrahunt
1093 860 144 62 virum
1189 860 80 62 a
1221 860 144 62 lusu,
1317 860 192 62 plerique
1461 860 128 62 alea
1541 860 192 62 ludentes
1669 860 208 62 depauperan¬-

198 908 126 66 tur,
277 908 158 66 iurant
387 908 126 66 sine
466 908 158 66 causa,
576 908 205 66 signanter
734 908 110 66 cum
797 908 173 66 perdunt
923 908 95 66 ob
970 908 252 66 impatientiam
1175 908 110 66 qua
1238 908 221 66 agitantur,
1411 908 79 66 &
1443 908 142 66 omnia
1537 908 173 66 perdita
1663 908 189 66 amittens
1789 908 95 66 dare

204 955 180 56 cogitur
335 955 115 56 cum
400 955 197 56 lucratur
548 955 279 56 matrifamilias
777 955 82 56 &
810 955 213 56 familiae,
974 955 197 56 candelae
1122 955 82 56 &
1155 955 246 56 conuiuiolum
1351 955 230 56 medietatem
1532 955 148 56 lucri
1630 955 197 56 absumunt
1778 955 82 56 &
1794 955 82 56 res

211 1001 102 54 sic
270 1001 190 54 acquisita
416 1001 102 54 non
474 1001 190 54 perdurat.
620 1001 146 54 Quando
723 1001 131 54 vides
810 1001 175 54 aleones,
942 1001 102 54 aut
1000 1001 190 54 aleatoria
1146 1001 205 54 detinentes
1307 1001 219 54 locupletes?
1483 1001 102 54 Vir
1541 1001 131 54 talis
1629 1001 161 54 tamquam
1731 1001 146 54 stolidus

208 1053 179 57 notatur
338 1053 114 57 qui
403 1053 147 57 omnia
501 1053 130 57 quae
582 1053 147 57 habet
680 1053 228 57 profligat.
859 1053 98 57 Si
908 1053 147 57 autem
1006 1053 130 57 quis
1088 1053 98 57 ob
1136 1053 130 57 ista
1218 1053 114 57 non
1283 1053 196 57 arceatur
1430 1053 163 57 nescio
1544 1053 114 57 quo
1609 1053 147 57 freno
1707 1053 81 57 a
1739 1053 130 57 ludo
1805 1053 81 57 re¬-

202 1097 211 58 trahetur.
364 1097 146 58 Ipsum
462 1097 179 58 peccare
592 1097 276 58 interludendum
819 1097 146 58 nihil
916 1097 162 58 probat
1030 1097 97 58 de
1079 1097 276 58 restitutione.
1306 1097 146 58 Patet
1404 1097 97 58 de
1452 1097 179 58 quaestu
1582 1097 179 58 sordido
1696 1097 195 58 meretricis

214 1148 79 53 &
246 1148 190 53 lenonis.
389 1148 190 53 Meretrix
531 1148 190 53 turpiter
674 1148 127 53 suum
754 1148 159 53 corpus
865 1148 143 53 locat
960 1148 111 53 pro
1023 1148 143 53 cuius
1118 1148 111 53 vsu
1182 1148 143 53 capit
1277 1148 190 53 pecuniam
1420 1148 127 53 quam
1499 1148 222 53 restituere
1674 1148 111 53 non
1721 1148 159 53 tenetur,

210 1196 130 53 modo
291 1196 162 53 capiat
404 1196 97 53 ab
453 1196 178 53 habente
583 1196 195 53 dominium
729 1196 114 53 sic
794 1196 243 53 transferre,
988 1196 162 53 vtpote
1102 1196 162 53 quando
1216 1196 114 53 est
1281 1196 178 53 dominus
1410 1196 130 53 rei.
1491 1196 114 53 Non
1556 1196 146 53 video
1654 1196 227 53 religiosum
1816 1196 81 53 qui

212 1232 145 60 habet
308 1232 129 60 vsum
389 1232 129 60 rei,
469 1232 145 60 posse
566 1232 96 60 in
614 1232 225 60 meretricem
791 1232 113 60 hac
855 1232 113 60 via
919 1232 225 60 tranfferre
1096 1232 209 60 dominium:
1257 1232 177 60 attamen
1386 1232 96 60 in
1434 1232 209 60 operarium
1595 1232 193 60 pecuniae
1723 1232 161 60 dominium

213 1281 128 57 quod
293 1281 112 57 non
357 1281 144 57 habet
453 1281 224 57 transfert.
629 1281 208 57 Similiter
789 1281 96 57 ad
837 1281 192 57 taxillos
981 1281 144 57 abbas
1078 1281 144 57 parum
1174 1281 256 57 recreationis
1382 1281 160 57 gratia
1494 1281 144 57 ludit
1590 1281 80 57 &
1622 1281 96 57 in
1670 1281 192 57 victorem
1798 1281 80 57 do¬-

202 1332 166 53 minium
319 1332 249 53 tranfsfert:
518 1332 166 53 quando
634 1332 199 53 lyricini
783 1332 265 53 recreationis
998 1332 166 53 gratia
1115 1332 199 53 nonnihil
1264 1332 116 53 dat
1330 1332 182 53 lyricon
1463 1332 199 53 dominium
1612 1332 166 53 habet.
1728 1332 116 53 Sed
1778 1332 116 53 abbas

204 1371 94 55 in
251 1371 126 55 casu
330 1371 173 55 solatii
455 1371 126 55 plus
534 1371 141 55 capit
628 1371 267 55 interludendum
848 1371 110 55 qui
911 1371 235 55 recreatione
1099 1371 141 55 eget:
1193 1371 126 55 ergo
1272 1371 173 55 concedi
1397 1371 157 55 potest
1507 1371 141 55 illud
1602 1371 126 55 esse
1664 1371 173 55 licitum:.

206 1415 78 71 ⁋
238 1415 94 71 Ad
285 1415 172 71 quintum
410 1415 251 71 respondetur,
614 1415 125 71 quod
692 1415 141 71 vsura
786 1415 110 71 est
848 1415 204 71 peccatum,
1005 1415 141 71 patet
1099 1415 110 71 per
1162 1415 235 71 Aristotelem
1350 1415 110 71 hic
1412 1415 94 71 in
1459 1415 172 71 litera,
1584 1415 78 71 &
1616 1415 141 71 primo
1694 1415 188 71 Officiorum

215 1478 99 54 ex
265 1478 166 54 Tullio
381 1478 99 54 in
431 1478 166 54 lumine
547 1478 199 54 naturali
696 1478 265 54 loquentibus.
911 1478 99 54 Et
961 1478 166 54 Lucae.
1077 1478 99 54 S.
1126 1478 166 54 Mutuum
1242 1478 132 54 date
1325 1478 149 54 nihil
1424 1478 132 54 inde
1507 1478 232 54 sperantes.
1689 1478 99 54 Et
1722 1478 166 54 laudatur

222 1510 110 62 qui
285 1510 188 62 pecuniam
426 1510 125 62 suam
504 1510 110 62 non
567 1510 141 62 dedit
660 1510 94 62 ad
707 1510 172 62 vsuram,
833 1510 141 62 vtque
926 1510 235 62 cognoscatur
1114 1510 125 62 eius
1193 1510 156 62 natura
1302 1510 250 62 praemittatur
1505 1510 125 62 eius
1584 1510 235 62 diffinitio.
1771 1510 94 62 In
1803 1510 78 62 hoc

215 1564 182 51 Panetium
351 1564 106 51 qui
412 1564 91 51 id
457 1564 242 51 praetermisit
654 1564 182 51 Tullius.
790 1564 91 51 i.
836 1564 212 51 Offcarpit.
1002 1564 136 51 Vsura
1093 1564 106 51 est
1154 1564 167 51 volitio
1275 1564 182 51 capiendi
1411 1564 151 51 lucrum
1517 1564 136 51 vltra
1608 1564 167 51 sortem,
1730 1564 91 51 vi
1760 1564 121 51 mutui.

208 1604 101 54 vt
259 1604 101 54 do
309 1604 185 54 Socrati
444 1604 152 54 mutuo
545 1604 168 54 decem,
663 1604 152 54 capio
764 1604 101 54 ab
815 1604 101 54 eo
865 1604 185 54 ratione
1000 1604 168 54 illius
1118 1604 168 54 mutui,
1236 1604 135 54 quia
1320 1604 236 54 solutionem
1505 1604 185 54 expecto
1640 1604 219 54 duodecim.
1792 1604 101 54 Ecce

213 1651 113 62 hic
277 1651 145 62 capio
374 1651 113 62 duo
439 1651 145 62 vltra
536 1651 145 62 decem
633 1651 129 62 quae
714 1651 129 62 sunt
794 1651 113 62 mea
859 1651 145 62 sors.
956 1651 129 62 haec
1037 1651 178 62 volitio
1166 1651 210 62 propterea
1328 1651 113 62 est
1392 1651 162 62 vsura.
1505 1651 129 62 ldem
1586 1651 113 62 est
1651 1651 97 62 si
1699 1651 162 62 nollem
1796 1651 97 62 dare

211 1699 135 58 mutuo
301 1699 120 58 nisi
376 1699 150 58 lucrum
481 1699 135 58 vltra
570 1699 150 58 sortem
675 1699 180 58 haberem.
810 1699 90 58 Et
855 1699 135 58 sermo
945 1699 105 58 est
1005 1699 90 58 de
1050 1699 195 58 temporali
1199 1699 150 58 lucro,
1304 1699 75 58 &
1334 1699 105 58 non
1394 1699 210 58 spirituali
1559 1699 120 58 quod
1633 1699 120 58 homo
1693 1699 195 58 consequitur

220 1749 169 56 ratione
342 1749 138 56 mutui
435 1749 123 56 dati
511 1749 230 56 mutuatatio,
696 1749 107 56 ita
757 1749 123 56 quod
834 1749 200 56 vsurarius
987 1749 154 56 semper
1095 1749 107 56 est
1156 1749 215 56 opulentior
1325 1749 123 56 quam
1402 1749 154 56 fuerit
1509 1749 169 56 ratione
1632 1749 154 56 mutui:
1740 1749 92 56 si
1771 1749 107 56 solum

218 1792 155 54 habeat
327 1792 124 54 suum
405 1792 109 54 vel
467 1792 140 54 alias
560 1792 93 54 ei
606 1792 171 54 debitum
730 1792 109 54 vel
793 1792 155 54 tantum
901 1792 171 54 quantum
1025 1792 93 54 ex
1072 1792 109 54 suo
1134 1792 171 54 lucrari
1258 1792 155 54 potest
1367 1792 186 54 praecise
1506 1792 140 54 vltra
1599 1792 171 54 labores
1723 1792 186 54 impensas
1847 1792 47 54 &

224 1841 216 58 periculum
391 1841 116 58 non
457 1841 116 58 est
524 1841 166 58 vsura.
640 1841 100 58 Do
690 1841 133 58 tibi
773 1841 150 58 decem
873 1841 150 58 mutuo
973 1841 116 58 qui
1040 1841 116 58 iam
1106 1841 166 58 pridem
1223 1841 133 58 mihi
1306 1841 133 58 octo
1389 1841 183 58 debebas
1522 1841 133 58 quae
1605 1841 183 58 soluere
1722 1841 166 58 recusas:

211 1885 104 55 do
263 1885 173 55 inquam
383 1885 155 55 decem
487 1885 207 55 quatenus
642 1885 190 55 habeam.
780 1885 121 55 is.
849 1885 121 55 Non
918 1885 207 55 committo
1073 1885 190 55 vsuram:
1211 1885 121 55 non
1280 1885 138 55 enim
1367 1885 155 55 habeo
1470 1885 173 55 lucrum
1591 1885 155 55 vltra
1694 1885 173 55 sortem
1798 1885 86 55 cum

225 1932 108 54 non
286 1932 108 54 sim
348 1932 216 54 opulentior
518 1932 124 54 post
596 1932 216 54 contractum
766 1932 124 54 quam
843 1932 124 54 esse
920 1932 155 54 debeam
1028 1932 139 54 etiam
1121 1932 93 54 ex
1167 1932 108 54 te,
1229 1932 108 54 non
1291 1932 185 54 committo
1430 1932 170 54 vsuram.
1554 1932 124 54 Pari
1631 1932 139 54 forma
1724 1932 93 54 do
1755 1932 139 54 Platoni

225 1978 236 58 scholastico
414 1978 142 58 decem
509 1978 142 58 mutuo
603 1978 283 58 principaliter,
839 1978 126 58 volo
918 1978 126 58 eius
997 1978 173 58 inopiae
1123 1978 220 58 succurrere
1296 1978 205 58 intendens
1453 1978 126 58 quod
1532 1978 205 58 lectionem
1689 1978 126 58 meam
1752 1978 142 58 visita¬-

212 2026 126 52 bit,
291 2026 79 52 &
323 2026 110 52 sic
386 2026 205 52 lucrabor.
543 2026 95 52 &,
591 2026 110 52 non
654 2026 110 52 est
717 2026 158 52 vsuta,
827 2026 110 52 non
890 2026 126 52 enim
969 2026 110 52 sum
1032 2026 237 52 pecuniosior
1222 2026 126 52 quam
1301 2026 126 52 esse
1379 2026 158 52 debeam
1490 2026 79 52 &
1521 2026 174 52 ratione
1648 2026 142 52 mutui
1742 2026 79 52 &
1758 2026 142 52 ratione

225 2074 193 49 laboris.
370 2074 161 49 Capio.
483 2074 113 49 &x.
547 2074 129 49 quae
628 2074 145 49 capio
724 2074 81 49 a
757 2074 193 49 quolibet
902 2074 129 49 alio
982 2074 97 49 in
1031 2074 113 49 mea
1095 2074 177 49 classe.
1224 2074 113 49 Hoc
1289 2074 129 49 iure
1369 2074 177 49 molitor
1498 2074 177 49 pistori
1627 2074 113 49 dat
1691 2074 161 49 centum
1788 2074 113 49 mutuo

225 2119 284 56 principaliter
459 2119 183 56 propter
592 2119 150 56 deum,
692 2119 233 56 secundario
876 2119 100 56 vt
926 2119 100 56 id
976 2119 133 56 suum
1059 2119 233 56 molendinum
1243 2119 133 56 ille
1326 2119 217 56 frumentum
1493 2119 200 56 molendum
1643 2119 167 56 curet,
1743 2119 150 56 alioqui

215 2167 110 58 non
278 2167 189 58 daturus,
420 2167 126 58 sine
498 2167 126 58 labe
577 2167 173 58 vsurae.
703 2167 173 58 Seclusa
828 2167 126 58 enim
907 2167 141 58 causa
1001 2167 141 58 minus
1095 2167 236 58 principali,
1284 2167 173 58 saepius
1410 2167 141 58 totus
1504 2167 189 58 effectus
1646 2167 236 58 secluditur.
1818 2167 79 58 Ca¬-

217 2212 182 51 nonicus
350 2212 99 51 ad
400 2212 215 51 matutinum
565 2212 166 51 surgit
681 2212 215 51 habiturus
847 2212 215 51 pecuniam,
1012 2212 182 51 alioqui
1145 2212 116 51 non
1211 2212 166 51 iturus
1327 2212 116 51 nec
1393 2212 99 51 id
1443 2212 116 51 est
1509 2212 248 51 simoniacum.
1708 2212 132 51 Pari
1774 2212 116 51 forma

218 2262 193 59 sacerdos
363 2262 193 59 celebrat
508 2262 209 59 habiturus
669 2262 209 59 pecuniam,
830 2262 177 59 alioqui
958 2262 113 59 non
1023 2262 225 59 celebrabit
1200 2262 129 59 sine
1280 2262 129 59 omni
1361 2262 193 59 simoniae
1506 2262 161 59 sorde.
1618 2262 97 59 Si
1667 2262 129 59 isti
1731 2262 161 59 mutuato¬-

222 2308 111 58 res
285 2308 174 58 habeant
412 2308 158 58 lucrum
523 2308 142 58 vltra
617 2308 174 58 sortem,
744 2308 111 58 non
807 2308 111 58 est
870 2308 95 58 vi
918 2308 142 58 mutui
1013 2308 111 58 sed
1076 2308 174 58 ratione
1202 2308 190 58 laboris.
1345 2308 190 58 Vlterius
1487 2308 158 58 patet,
1598 2308 126 58 quod
1677 2308 174 58 ratione
1787 2308 111 58 damni

222 2353 221 49 emergentis
396 2353 95 49 id
443 2353 142 49 mutuo
538 2353 126 49 homo
617 2353 158 49 potest
727 2353 158 49 capere
837 2353 158 49 tantum
948 2353 173 49 quantum
1074 2353 189 49 iacturae
1216 2353 126 49 ipse
1295 2353 205 49 incurrit,
1452 2353 173 49 ratione
1579 2353 158 49 illius
1689 2353 158 49 mutui:
1799 2353 79 49 &
1815 2353 79 49 po¬-

222 2395 127 57 test
301 2395 190 57 pacisci,
444 2395 111 57 vel
507 2395 142 57 iudex
602 2395 111 57 hoc
665 2395 190 57 statuere
808 2395 95 57 si
855 2395 111 57 non
919 2395 190 57 soluatur
1061 2395 95 57 ei
1109 2395 95 57 in
1156 2395 127 57 tali
1235 2395 190 57 termino,
1378 2395 174 57 habebit
1504 2395 190 57 nonnihil
1647 2395 142 57 vltra
1742 2395 174 57 surtem:
1853 2395 47 57 &

220 2447 201 57 qualibet
371 2447 201 57 ebdomada
522 2447 117 57 qua
589 2447 117 57 non
656 2447 201 57 soluetur
807 2447 268 57 praetermisso
1025 2447 184 57 termino
1159 2447 184 57 habebit
1293 2447 134 57 duo:
1377 2447 84 57 &
1411 2447 117 57 hoc
1478 2447 218 57 supposito
1645 2447 134 57 quod
1713 2447 184 57 libentius

213 2491 109 51 aut
276 2491 109 51 ita
338 2491 187 51 libenter
479 2491 172 51 haberet
604 2491 125 51 suam
682 2491 156 51 sortem
791 2491 141 51 sicut
885 2491 141 51 illud
979 2491 125 51 quod
1057 2491 94 51 in
1104 2491 156 51 pactum
1213 2491 172 51 deducit
1338 2491 109 51 vel
1400 2491 141 51 iudex
1494 2491 187 51 imponet.
1635 2491 109 51 Nam
1697 2491 156 51 illud,
1791 2491 109 51 capit

221 2537 173 58 ratione
347 2537 157 58 poenae
457 2537 189 58 iuridice
599 2537 220 58 inflictae:
772 2537 126 58 quia
851 2537 205 58 imponitur
1008 2537 220 58 mutuatario
1181 2537 142 58 limes
1275 2537 189 58 soluendi
1417 2537 205 58 mutuanti:
1574 2537 79 58 &
1606 2537 94 58 eo
1653 2537 173 58 termino
1763 2537 126 58 trans¬-

218 2584 160 62 gresso
330 2584 144 62 dabit
426 2584 80 62 &
457 2584 160 62 sortem
569 2584 80 62 &
601 2584 192 62 nonnihil
745 2584 160 62 vltra:
856 2584 128 62 quia
936 2584 176 62 ratione
1064 2584 160 62 poenae
1176 2584 144 62 illud
1272 2584 239 62 incrementum
1463 2584 223 62 iniungitur
1639 2584 96 62 ob
1687 2584 208 62 cautionem
1830 2584 64 62 ne

224 2631 202 51 iacturam
376 2631 202 51 mutuator
527 2631 219 51 incurrat,
696 2631 84 51 &
729 2631 101 51 vt
780 2631 253 51 mutuatarius
982 2631 118 51 sit
1049 2631 253 51 sollicitior
1251 2631 202 51 pecuniam
1403 2631 101 51 in
1453 2631 185 51 termino
1588 2631 185 51 statuto
1706 2631 185 51 reponere.

223 2679 132 52 Etiam
311 2679 147 52 potest
414 2679 147 52 capere
516 2679 161 52 ratione
634 2679 132 52 lucri
722 2679 190 52 cessantis
868 2679 147 52 tantum
971 2679 161 52 quantum
1088 2679 176 52 lucretur
1220 2679 161 52 iudicio
1337 2679 190 52 prudentum
1483 2679 220 52 defalcatis,
1659 2679 161 52 labore,
1762 2679 117 52 impen¬-

214 2723 108 54 sis
275 2723 77 54 &
306 2723 201 54 periculo.
461 2723 108 54 Res
523 2723 124 54 enim
600 2723 108 54 non
662 2723 155 54 tantum
770 2723 139 54 valet
863 2723 93 54 in
910 2723 186 54 periculo
1049 2723 170 54 quantum
1173 2723 139 54 extra
1265 2723 217 54 discrimen,
1435 2723 139 54 etiam
1528 2723 186 54 impensas
1667 2723 170 54 maiores
1776 2723 108 54 face¬-

210 2774 114 52 ret
275 2774 98 52 in
324 2774 163 52 campis
438 2774 130 52 quam
519 2774 147 52 domi.
617 2774 147 52 Etiam
715 2774 114 52 non
780 2774 179 52 haberet
910 2774 212 52 tantundem
1073 2774 114 52 mei
1138 2774 163 52 labore
1253 2774 179 52 quantum
1383 2774 130 52 ipso
1464 2774 228 52 laborante.
1644 2774 196 52 Consulat
1774 2774 114 52 tamen

221 2819 130 50 suae
302 2819 146 50 famae
399 2819 130 50 iste
481 2819 179 50 taliter
611 2819 146 50 mutuo
708 2819 179 50 tradens
838 2819 211 50 censeatur
1001 2819 244 50 foenerator.
1196 2819 81 50 ⁋
1228 2819 179 50 Ioannes
1358 2819 146 50 Buri,
1456 2819 146 50 mouet
1553 2819 244 50 quaestionem
1732 2819 146 50 vsuraei

224 2869 132 56 quia
307 2869 116 56 mos
373 2869 116 56 est
439 2869 99 56 in
489 2869 215 56 aliquibus
654 2869 248 56 ciuitatibus
853 2869 99 56 vt
902 2869 132 56 ait,
985 2869 132 56 quod
1068 2869 198 56 primores
1217 2869 215 56 ciuitatis
1382 2869 215 56 accipiunt
1547 2869 198 56 pecuniam
1680 2869 198 56 orphanorum

221 2921 100 48 ad
271 2921 167 48 certos
388 2921 150 48 annos
489 2921 167 48 quibus
605 2921 200 48 nonnihil
756 2921 200 48 orphanis
906 2921 251 48 ministrant:
1107 2921 84 48 &
1140 2921 167 48 iterum
1257 2921 100 48 in
1307 2921 134 48 fine
1391 2921 150 48 totum
1491 2921 251 48 restituunt,
1675 2921 200 48 videturque

228 2953 160 65 vsura.
340 2953 176 65 Ioannes
468 2953 144 65 circa
564 2953 112 65 hoc
628 2953 144 65 varia
725 2953 160 65 tangit
837 2953 80 65 &
869 2953 144 65 nihil
965 2953 96 65 ad
1013 2953 224 65 solutionem
1189 2953 256 65 dubitationis
1397 2953 160 65 motae.
1510 2953 128 65 Dico
1590 2953 128 65 quod
1670 2953 128 65 isti
1750 2953 176 65 orphani
1862 2953 48 65 l

217 3003 140 61 emunt
311 3003 109 61 ius
373 3003 171 61 leuandi
497 3003 202 61 quotannis
653 3003 156 61 tantam
762 3003 187 61 pecuniae
902 3003 156 61 summam
1011 3003 78 61 a
1042 3003 249 61 communitate,
1244 3003 109 61 vel
1306 3003 218 61 communitas
1478 3003 124 61 loco
1555 3003 171 61 tutorum
1680 3003 202 61 curatorum
1820 3003 62 61 ve

214 3049 99 59 hoc
270 3049 99 59 eis
327 3049 141 59 facit,
425 3049 70 59 &
454 3049 155 59 licitum
566 3049 99 59 est
623 3049 183 59 plerisque
764 3049 99 59 ita
820 3049 155 59 facere,
933 3049 85 59 vt
975 3049 127 59 alias
1060 3049 99 59 in.
1116 3049 99 59 ix.
1172 3049 254 59 distinctionem.
1384 3049 85 59 &.
1426 3049 226 59 Sententiarum
1609 3049 141 59 fusius
1694 3049 183 59 disserimus.

220 3098 77 58 ⁋
250 3098 215 58 Dubitatur.
420 3098 92 58 Si
466 3098 185 58 quispiam
604 3098 123 58 mihi
681 3098 185 58 nonnihil
820 3098 185 58 liberali
958 3098 123 58 dono
1035 3098 231 58 contulerit,
1220 3098 92 58 an
1266 3098 108 58 sim
1328 3098 185 58 obnoxius
1466 3098 200 58 tantundem
1620 3098 123 58 illi
1682 3098 200 58 restituere.

217 3142 244 62 Respondetur,
415 3142 122 62 quod
491 3142 137 62 solum
583 3142 153 62 debito
690 3142 214 62 honestatis
857 3142 92 62 ad
903 3142 107 62 hoc
964 3142 214 62 deuincior:
1132 3142 76 62 &
1163 3142 92 62 si
1208 3142 168 62 omisero
1330 3142 183 62 quicquam
1468 3142 92 62 ei
1513 3142 198 62 refundere
1666 3142 107 62 non
1727 3142 153 62 pecco.
1818 3142 92 62 Mere

219 3192 153 66 gratis
326 3192 123 66 mihi
403 3192 138 66 illud
495 3192 199 66 praebuit:
648 3192 107 66 non
709 3192 199 66 intendens
863 3192 92 66 me
909 3192 184 66 obligari
1047 3192 92 66 ad
1093 3192 169 66 similia
1215 3192 138 66 verbo
1307 3192 107 66 aut
1369 3192 153 66 facto:
1476 3192 92 66 in
1522 3192 107 66 eum
1583 3192 107 66 tum
1645 3192 169 66 peccans
1752 3192 138 66 grauius
