2323 3603
915 231 171 93 Tract.
1035 231 120 93 II.
1103 231 137 93 Cap.
1188 231 103 93 I.
1240 231 85 93 &
1274 231 137 93 Lib.
1359 231 154 93 IIII.
1462 231 137 93 Cap.
1530 231 103 93 III.

751 309 317 62 FAgnanimitas
1009 309 178 62 autem
1127 309 178 62 circa
1246 309 178 62 magna
1365 309 198 62 quidem
1503 309 139 62 vel
1583 309 119 62 ex
1642 309 158 62 ipso
1741 309 198 62 nomine
1879 309 218 62 versari
2018 309 99 62 vi¬-

778 371 185 75 detur:
907 371 166 75 circa
1018 371 148 75 quae
1110 371 148 75 vero
1203 371 240 75 versatur,
1388 371 185 75 primum
1517 371 259 75 accipiamus
1721 371 222 75 oportet.
1887 371 166 75 Atque
1980 371 129 75 nihil

759 442 216 54 refert,
916 442 157 54 siue
1014 442 216 54 habitum
1171 442 196 54 ipsum,
1309 442 157 54 siue
1407 442 137 54 eum
1485 442 314 54 consideremus
1740 442 137 54 qui
1819 442 216 54 habitum
1956 442 157 54 habet.

753 485 210 64 Videtur
906 485 191 64 itaque
1039 485 267 64 magnanimus
1249 485 115 64 is
1306 485 172 64 esse,
1421 485 134 64 qui
1497 485 191 64 magnis
1631 485 134 64 est
1707 485 210 64 dignus,
1860 485 95 64 &
1898 485 191 64 dignum
2013 485 95 64 se¬-

728 537 109 66 se
782 537 182 66 magnis
909 537 145 66 esse
1000 537 200 66 censet,
1146 537 127 66 qui
1218 537 182 66 nanque
1345 537 127 66 non
1418 537 127 66 pro
1491 537 236 66 dignitate
1672 537 127 66 hoc
1745 537 163 66 facit
1854 537 218 66 stolidus
1999 537 109 66 est.

780 599 113 60 At
837 599 170 60 eorum
950 599 132 60 qui
1025 599 226 60 praediti
1195 599 151 60 sunt
1289 599 226 60 virtute:
1459 599 151 60 nemo
1553 599 207 60 demens,
1704 599 151 60 nemo
1798 599 226 60 stolidus
1968 599 151 60 est.
2044 599 75 60 Is

766 651 205 61 igitur
909 651 164 61 quem
1012 651 246 61 diximus,
1196 651 287 61 magnanimus
1422 651 164 61 est.
1524 651 144 61 Qui
1606 651 205 61 nanque
1750 651 185 61 parua
1873 651 246 61 meretur,
2037 651 62 61 &

429 708 174 73 hisce
545 708 193 73 dignum
680 708 213 73 seipsum
835 708 213 73 censet,
989 708 232 73 modestus
1163 708 213 73 quidem,
1318 708 116 73 at
1376 708 135 73 non
1453 708 271 73 magnanimus
1666 708 155 73 est:
1762 708 309 73 magnanimitas
1994 708 116 73 enim

425 765 116 71 in
483 765 309 71 magnitudine,
734 765 174 71 sicut
849 765 97 71 &
888 765 290 71 pulchritudo
1120 765 212 71 corpore
1274 765 116 71 in
1332 765 174 71 magno
1448 765 270 71 consistit.
1660 765 174 71 Parui
1776 765 154 71 vero
1872 765 193 71 vrbani
1988 765 116 71 qui¬-

422 816 135 72 dem
499 816 173 72 sunt,
614 816 96 72 &
653 816 212 72 membris
807 816 250 72 appositi,
999 816 135 72 sed
1076 816 135 72 non
1153 816 231 72 pulchri.
1327 816 116 72 Is
1385 816 173 72 autem
1500 816 135 72 qui
1577 816 135 72 est
1654 816 250 72 indignus,
1847 816 96 72 &
1885 816 193 72 magnis
2001 816 96 72 di¬-

415 881 146 65 gnum
506 881 201 65 seipsum
652 881 201 65 censet,
798 881 128 65 est
870 881 201 65 lentus.
1016 881 128 65 Non
1089 881 128 65 est
1162 881 164 65 autem
1272 881 164 65 omnis
1381 881 201 65 lentus,
1527 881 128 65 qui
1600 881 237 65 maioribus
1782 881 146 65 quam
1873 881 219 65 meretur,
2019 881 91 65 di¬-

415 924 146 79 gnum
506 924 201 79 seipsum
652 924 201 79 censet.
798 924 110 79 At
853 924 110 79 is
908 924 128 79 qui
981 924 110 79 se
1035 924 183 79 dignum
1163 924 237 79 minoribus
1346 924 146 79 quam
1437 924 183 79 dignum
1565 924 128 79 sit
1638 924 201 79 censet,
1784 924 292 79 pusillanimus
2003 924 110 79 est,

422 996 157 65 siue
520 996 196 65 magna,
658 996 157 65 siue
756 996 255 65 mediocria
952 996 255 65 mereatur:
1148 996 157 65 siue
1246 996 176 65 parua
1363 996 216 65 quidem,
1520 996 255 65 minoribus
1716 996 157 65 vero
1814 996 216 65 seipsum
1951 996 157 65 dignum

422 1045 148 71 esse
514 1045 258 71 existimet.
717 1045 111 71 At
772 1045 185 71 maxime
901 1045 240 71 videbitur
1086 1045 111 71 is
1141 1045 129 71 qui
1215 1045 185 71 magnis
1344 1045 129 71 est
1418 1045 203 71 dignus.
1566 1045 148 71 Quid
1658 1045 148 71 enim
1750 1045 221 71 faceret,
1916 1045 111 71 si
1953 1045 148 71 tantis

419 1115 137 50 non
498 1115 176 50 esset
615 1115 215 50 dignus:
772 1115 137 50 Est
850 1115 196 50 igitur
987 1115 157 50 ipse
1085 1115 274 50 magnanimus
1300 1115 294 50 magnitudine
1535 1115 196 50 quidem
1672 1115 254 50 extremus,
1868 1115 215 50 ratione
2005 1115 98 50 au¬-

425 1163 139 60 tem
505 1163 159 60 eius
604 1163 159 60 quod
703 1163 219 60 oportet
863 1163 219 60 medius.
1022 1163 199 60 Dignum
1161 1163 159 60 enim
1260 1163 119 60 eo
1320 1163 219 60 seipsum
1479 1163 219 60 censet,
1638 1163 159 60 quod
1737 1163 119 60 ad
1797 1163 278 60 dignitatem
1996 1163 119 60 suam

437 1207 302 65 accommodatur:
686 1207 142 65 illi
775 1207 142 65 vero
864 1207 249 65 exuperant,
1059 1207 89 65 &
1094 1207 249 65 deficiunt.
1290 1207 107 65 Qa
1343 1207 107 65 si
1396 1207 178 65 magnis
1521 1207 107 65 se
1574 1207 178 65 dignum
1698 1207 213 65 censeat,
1858 1207 89 65 &
1894 1207 124 65 sit
1947 1207 160 65 dignus,

435 1261 99 73 &
475 1261 197 73 maxime
613 1261 237 73 maximis:
790 1261 177 73 circa
908 1261 158 73 vnum
1007 1261 197 73 maxime
1145 1261 276 73 versabitur
1362 1261 177 73 ipse.
1480 1261 237 73 Dignitas
1658 1261 177 73 autem
1776 1261 118 73 ad
1835 1261 217 73 externa
1973 1261 138 73 dici¬-

424 1328 133 71 tur
500 1328 172 71 bona,
615 1328 210 71 maximum
767 1328 152 71 vero
862 1328 114 71 id
919 1328 267 71 asseuerant
1129 1328 172 71 omnes
1243 1328 172 71 esse,
1358 1328 152 71 quod
1453 1328 152 71 diis
1548 1328 172 71 ipsis
1663 1328 267 71 tribuimus,
1872 1328 95 71 &
1910 1328 152 71 quod
1987 1328 133 71 maxi¬-

433 1385 112 61 me
489 1385 205 61 homines
638 1385 130 61 qui
713 1385 149 61 sunt
806 1385 112 61 in
862 1385 242 61 dignitate
1048 1385 261 61 affectant:
1253 1385 205 61 quodque
1402 1385 149 61 dari
1495 1385 224 61 praemium
1663 1385 112 61 ob
1719 1385 130 61 res
1793 1385 298 61 pulcherrimas
2017 1385 93 61 so¬-

432 1440 152 61 let.
527 1440 152 61 Tale
621 1440 170 61 autem
735 1440 133 61 est
811 1440 152 61 ipse
906 1440 189 61 honor,
1038 1440 133 61 hoc
1114 1440 133 61 est
1190 1440 152 61 enim
1285 1440 208 61 bonorum
1436 1440 227 61 maximum,
1607 1440 133 61 sed
1682 1440 284 61 externorum.
1910 1440 170 61 Circa
2004 1440 114 61 igi¬-

438 1485 132 75 tur
514 1485 208 75 honores
665 1485 94 75 &
702 1485 358 75 inhonorationes,
1004 1485 264 75 magnanimus
1212 1485 113 75 vt
1268 1485 208 75 oportet
1419 1485 245 75 versatur.
1608 1485 113 75 Et
1664 1485 151 75 sine
1759 1485 170 75 etiam
1872 1485 226 75 ratione,
2023 1485 94 75 ma¬-

432 1553 208 64 gnanimi
583 1553 170 64 circa
697 1553 208 64 honores
848 1553 151 64 esse
942 1553 246 64 videntur.
1131 1553 151 64 Viri
1226 1553 189 64 nanque
1358 1553 189 64 magni,
1490 1553 189 64 maxime
1623 1553 208 64 seipsos
1774 1553 189 64 dignos
1906 1553 151 64 esse
1982 1553 132 64 hono¬-

429 1597 110 67 re
484 1597 128 67 pro
557 1597 238 67 dignitate
740 1597 219 67 censent.
904 1597 128 67 Sed
977 1597 293 67 pusillanimus
1215 1597 201 67 deficit
1361 1597 128 67 tam
1434 1597 110 67 ad
1489 1597 219 67 seipsum,
1654 1597 146 67 quam
1745 1597 110 67 ad
1800 1597 183 67 ipsius
1910 1597 201 67 magnanimi

436 1649 303 73 dignitatem.
678 1649 202 73 Tentus
820 1649 182 73 autem
941 1649 243 73 respectu
1123 1649 202 73 quidem
1265 1649 142 73 sui
1346 1649 263 73 exuperat,
1548 1649 142 73 non
1629 1649 182 73 tamen
1750 1649 182 73 ipsum
1851 1649 263 73 magnanimum.

438 1709 175 63 Atqui
554 1709 272 63 magnanimus
768 1709 175 63 ipse,
885 1709 136 63 cum
963 1709 136 63 fit
1041 1709 214 63 maximis
1196 1709 214 63 dignus,
1352 1709 195 63 fuerit
1488 1709 214 63 optimus
1644 1709 175 63 sane.
1761 1709 195 63 Melior
1897 1709 156 63 enim
1975 1709 136 63 maio¬-

432 1769 122 63 ra
493 1769 203 63 semper
634 1769 243 63 meretur,
817 1769 101 63 &
857 1769 223 63 optimus
1020 1769 223 63 maxima.
1182 1769 142 63 Eum
1263 1769 162 63 ergo
1364 1769 142 63 qui
1445 1769 162 63 vere
1546 1769 182 63 magni
1668 1769 142 63 est
1749 1769 203 63 animi,
1891 1769 182 63 bonum
1992 1769 122 63 esse

435 1821 223 69 oportet.
602 1821 167 69 Atque
714 1821 241 69 magnanimi
899 1821 241 69 videbitur
1085 1821 111 69 id
1141 1821 148 69 esse
1234 1821 148 69 quod
1326 1821 130 69 est
1401 1821 111 69 in
1456 1821 241 69 vnaquaque
1642 1821 204 69 virtute
1790 1821 204 69 magnum:
1920 1821 186 69 nulloque

430 1873 177 79 pacto
548 1873 255 79 magnanimo
744 1873 235 79 competit
921 1873 235 79 aggresso
1098 1873 235 79 pericula
1274 1873 177 79 fugam
1392 1873 118 79 ob
1451 1873 216 79 timorem
1608 1873 255 79 arripere,
1804 1873 137 79 aut
1883 1873 235 79 iniuriam
2040 1873 78 79 fa

446 1926 161 62 cere.
554 1926 179 62 Gratia
679 1926 179 62 nanque
804 1926 161 62 cuius
912 1926 107 62 is
966 1926 143 62 aget
1055 1926 197 62 turpia,
1198 1926 125 62 cui
1270 1926 161 62 nihil
1378 1926 125 62 est
1449 1926 197 62 magnum?
1593 1926 197 62 Singula
1736 1926 143 62 vero
1825 1926 287 62 consideranti
2040 1926 72 62 ma

446 1983 228 77 gnanimus
617 1983 114 77 si
674 1983 133 77 non
749 1983 133 77 fit
825 1983 190 77 bonus,
958 1983 247 77 ridiculus
1148 1983 190 77 omnino
1281 1983 266 77 videbitur.
1489 1983 133 77 Nec
1565 1983 171 77 etiam
1679 1983 190 77 dignus
1812 1983 152 77 erit
1906 1983 209 77 honore,
2039 1983 76 77 si

443 2050 190 64 prauus
576 2050 152 64 fit.
671 2050 190 64 Quippe
804 2050 133 64 cum
880 2050 171 64 honor
994 2050 228 64 praemium
1165 2050 133 64 sit
1241 2050 247 64 virtutis,
1432 2050 114 64 ac
1489 2050 171 64 bonis
1603 2050 247 64 hominibus
1793 2050 266 64 tribuatur.
1983 2050 133 64 Vide¬-

443 2096 135 61 tur
520 2096 193 61 igitur
655 2096 154 61 ipsa
751 2096 251 61 magnitudo
944 2096 193 61 animi,
1079 2096 212 61 tanquam
1234 2096 270 61 ornamentum
1446 2096 212 61 quoddam
1600 2096 154 61 esse
1697 2096 251 61 virtutum:
1890 2096 135 61 nam
1947 2096 174 61 maiores

443 2150 198 74 efficit
587 2150 180 74 ipsas,
713 2150 90 74 &
749 2150 144 74 sine
839 2150 162 74 illis
948 2150 144 74 ipsa
1038 2150 126 74 non
1110 2150 144 74 fit.
1200 2150 234 74 Quamobrem
1380 2150 234 74 difficile
1560 2150 126 74 est
1632 2150 144 74 vere
1723 2150 252 74 magnanimum
1921 2150 162 74 esse,
2029 2150 126 74 non

437 2204 148 76 enim
530 2204 148 76 esse
623 2204 204 76 potest,
771 2204 111 76 si
826 2204 130 76 non
900 2204 167 76 omnis
1012 2204 222 76 probitas
1178 2204 185 76 assit.
1308 2204 241 76 Magnitudo
1493 2204 185 76 igitur
1623 2204 185 76 animi,
1752 2204 185 76 maxime
1882 2204 167 76 circa
1974 2204 130 76 hono¬-

434 2266 138 61 res
513 2266 99 61 &
553 2266 355 61 inhonorationes
848 2266 256 61 versatur.
1045 2266 177 61 Atque
1164 2266 276 61 magnanimus
1381 2266 138 61 pro
1459 2266 138 61 iis
1538 2266 197 61 quidem
1676 2266 256 61 honoribus
1873 2266 138 61 qui
1952 2266 99 61 &
1972 2266 138 61 magni

438 2321 145 71 sunt
529 2321 91 71 &
565 2321 91 71 a
601 2321 236 71 studiosis
783 2321 236 71 hominibus
965 2321 273 71 offeruntur,
1183 2321 218 71 moderate
1347 2321 273 71 laetabimur,
1565 2321 200 71 tanquam
1711 2321 291 71 accommodatos
1947 2321 145 71 sibi
2020 2321 91 71 vel

436 2374 208 63 minores
587 2374 170 63 etiam
701 2374 283 63 adipiscens.
927 2374 208 63 Virtute
1078 2374 151 63 enim
1173 2374 283 63 accumulata,
1399 2374 189 63 nullus
1532 2374 189 63 dignus
1664 2374 170 63 honor
1777 2374 170 63 fieri
1890 2374 208 63 potest.
2023 2374 94 63 Ac¬-

438 2431 235 64 ceptabit
615 2431 196 64 tamen,
752 2431 157 64 quia
850 2431 196 64 maiora
987 2431 235 64 nequeunt
1164 2431 255 64 exhiberi.
1360 2431 137 64 Sed
1438 2431 137 64 eos
1517 2431 216 64 honores
1674 2431 157 64 quos
1772 2431 196 64 quiuis
1909 2431 216 64 homines
2046 2431 59 64 &

441 2482 184 77 paruis
569 2482 221 77 tribuunt
735 2482 166 77 parui
845 2482 184 77 pendet
974 2482 202 77 omnino:
1121 2482 129 77 non
1195 2482 129 77 est
1268 2482 147 77 enim
1360 2482 129 77 his
1434 2482 202 77 dignus.
1581 2482 239 77 Similiter
1765 2482 92 77 &
1801 2482 110 77 id
1857 2482 147 77 quod
1949 2482 129 77 est
2022 2482 129 77 ho¬

446 2542 151 68 nori
540 2542 282 68 contrarium:
766 2542 132 68 non
841 2542 151 68 enim
935 2542 151 68 iure
1030 2542 188 68 fuerit
1161 2542 169 68 circa
1274 2542 188 68 ipsum.
1406 2542 113 68 Vt
1462 2542 188 68 igitur
1594 2542 188 68 dictum
1726 2542 151 68 est,
1820 2542 132 68 vir
1876 2542 245 68 magnanimus,

444 2594 193 66 maxime
579 2594 173 66 circa
694 2594 212 66 honores
848 2594 250 66 versatur.
1041 2594 116 66 Et
1098 2594 173 66 circa
1214 2594 173 66 tamen
1330 2594 250 66 diuitias,
1522 2594 96 66 &
1561 2594 270 66 potestatem
1772 2594 96 66 &
1811 2594 173 66 omnem
1907 2594 212 66 prosperi¬-

445 2643 177 70 tatem,
569 2643 337 70 aduersitatemque
853 2643 230 70 fortunae,
1030 2643 230 70 quocunque
1207 2643 213 70 euenerit
1366 2643 159 70 modo,
1473 2643 213 70 moderate
1632 2643 142 70 sese
1721 2643 213 70 habebit.
1880 2643 106 70 Et
1933 2643 177 70 naeque
2039 2643 89 70 ve¬-

446 2707 213 69 hementer
606 2707 107 69 in
659 2707 284 69 prosperitate
890 2707 266 69 laetabitur,
1103 2707 160 69 neque
1210 2707 178 69 nimiam
1334 2707 107 69 in
1388 2707 266 69 aduersitate
1601 2707 213 69 dolebit.
1761 2707 160 69 Neque
1867 2707 142 69 enim
1956 2707 160 69 circa
2045 2707 71 69 ho

441 2761 170 68 norem
555 2761 132 68 ita
630 2761 151 68 sese
725 2761 189 68 habet,
857 2761 132 68 qui
933 2761 189 68 quidem
1065 2761 208 68 maximum
1217 2761 170 68 bonum
1330 2761 151 68 est.
1425 2761 265 68 Potestates
1633 2761 151 68 enim
1728 2761 284 68 diuitiaeque
1936 2761 170 68 propter

433 2823 203 69 honorem
580 2823 277 69 expetuntur.
802 2823 185 69 ltaque
932 2823 129 69 qui
1006 2823 148 69 haec
1098 2823 203 69 habent,
1246 2823 129 69 per
1320 2823 148 69 ipsa
1412 2823 240 69 honoribus
1597 2823 185 69 affici
1727 2823 203 69 volunt.
1875 2823 129 69 Cui
1949 2823 185 69 igitur
2060 2823 55 69 &

433 2876 178 72 honor
552 2876 138 72 est
631 2876 217 72 paruum:
789 2876 158 72 huic
888 2876 99 72 &
927 2876 217 72 caetera
1085 2876 178 72 parua
1204 2876 178 72 sunt.
1323 2876 277 72 Quapropter
1540 2876 158 72 ipsi
1639 2876 277 72 magnanimi,
1836 2876 277 72 contemptores

443 2934 158 62 esse
542 2934 256 62 videntur.
739 2934 236 62 Videntur
916 2934 177 62 autem
1034 2934 98 62 &
1073 2934 335 62 prosperitates
1349 2934 256 62 fortunae,
1546 2934 118 62 ad
1605 2934 354 62 magnanimitatem
1881 2934 236 62 conducere.

435 2989 202 59 Nobiles
582 2989 147 59 enim
674 2989 92 59 &
711 2989 110 59 ii
766 2989 129 59 qui
840 2989 147 59 sunt
932 2989 110 59 in
987 2989 295 59 potestatibus
1226 2989 276 59 constituti,
1447 2989 129 59 vel
1521 2989 221 59 diuites,
1686 2989 166 59 digni
1797 2989 239 59 censentur
1962 2989 166 59 honore.

444 3037 110 73 In
499 3037 276 73 excellentia
720 3037 184 73 nanque
849 3037 276 73 consistunt,
1070 3037 166 73 atque
1180 3037 147 73 omne
1272 3037 166 73 bonum
1383 3037 147 73 quod
1475 3037 239 73 excellit,
1659 3037 184 73 dignum
1788 3037 129 73 est
1861 3037 166 73 magis
1953 3037 166 73 honore:

442 3096 284 80 quapropter
665 3096 101 80 &
705 3096 203 80 talia,
847 3096 182 80 magis
969 3096 284 80 magnanimos
1192 3096 243 80 faciunt.
1374 3096 284 80 Aquibusdam
1597 3096 162 80 enim
1698 3096 304 80 honorantur,
1942 3096 122 80 re
1982 3096 142 80 autem

439 3159 168 67 vera,
551 3159 168 67 solus
663 3159 168 67 bonus
775 3159 130 67 est
849 3159 298 67 honorabilis.
1091 3159 168 67 Atque
1203 3159 112 67 ii
1259 3159 186 67 quidem
1389 3159 186 67 quibus
1520 3159 186 67 insunt
1650 3159 168 67 ambo:
1762 3159 168 67 digni
1874 3159 168 67 magis
1967 3159 149 67 honore

434 3218 258 73 censentur.
636 3218 129 73 Qui
710 3218 147 73 vero
802 3218 147 73 sine
894 3218 202 73 virtute
1041 3218 166 73 talia
1151 3218 147 73 bona
1243 3218 202 73 habent,
1391 3218 110 73 ii
1446 3218 129 73 non
1520 3218 147 73 iure
1612 3218 202 73 seipsos
1759 3218 184 73 dignos
1888 3218 184 73 magnis
2017 3218 147 73 hono
