2358 3610
445 268 165 94 fert,
555 268 110 94 vt
610 268 165 94 turpe
720 268 147 94 enim
811 268 238 94 mendacium
995 268 202 94 fugiet,
1142 268 147 94 quod
1233 268 92 94 &
1270 268 128 94 per
1343 268 110 94 se
1398 268 238 94 fugiebat.
1582 268 165 94 Talis
1692 268 147 94 vero
1784 268 257 94 laudabilis
1967 268 110 94 est.

438 345 92 75 ⁋
474 345 166 75 Magis
585 345 166 75 autem
696 345 111 75 ad
751 345 277 75 defectionem
972 345 240 75 veritatis
1157 345 240 75 declinat,
1341 345 129 75 hoc
1415 345 148 75 enim
1507 345 277 75 aequabilius
1729 345 148 75 esse
1821 345 221 75 videtur,
1969 345 184 75 propter¬-

439 401 101 61 ea
490 401 135 61 quod
574 401 286 61 exuperationes
810 401 135 61 sunt
894 401 270 61 permolestae.
1113 401 118 61 Sed
1181 401 118 61 qui
1248 401 118 61 res
1315 401 135 61 sibi
1400 401 185 61 maiores
1534 401 135 61 quam
1619 401 169 61 insunt
1737 401 185 61 fingit,
1871 401 101 61 si
1922 401 185 61 nullius
2040 401 101 61 cau¬-

442 458 112 71 sa
498 458 131 71 rei
573 458 168 71 prauo
685 458 187 71 quidem
816 458 131 71 est
891 458 224 71 similis.
1059 458 131 71 Non
1134 458 150 71 enim
1227 458 224 71 mendacio
1395 458 243 71 gauderet.
1582 458 168 71 Vanus
1694 458 168 71 tamen
1807 458 187 71 magis,
1937 458 150 71 quam
2012 458 131 71 malus

445 509 143 73 esse
535 509 215 73 videtur.
696 509 125 73 Sin
767 509 215 73 alicuius
928 509 197 73 gratia,
1071 509 107 73 si
1125 509 197 73 gloriae
1268 509 89 73 &
1304 509 215 73 honoris,
1465 509 125 73 non
1537 509 179 73 nimium
1662 509 125 73 est
1733 509 304 73 vituperandus,
1984 509 107 73 vt
2020 509 125 73 arro¬-

445 580 166 67 gans,
555 580 129 67 sin
629 580 222 67 argenti,
796 580 92 67 &
833 580 166 67 eorum
944 580 148 67 quae
1036 580 111 67 ad
1091 580 222 67 argentum
1258 580 277 67 rediguntur,
1480 580 240 67 deformior
1664 580 148 67 est.
1757 580 222 67 Arrogans
1923 580 185 67 autem,
2053 580 129 67 non

450 625 100 71 in
500 625 216 71 potentia,
666 625 116 71 sed
733 625 100 71 in
782 625 216 71 electione
948 625 232 71 consistit.
1131 625 166 71 habitu
1247 625 183 71 nanque,
1380 625 133 71 quia
1463 625 149 71 talis
1562 625 133 71 est,
1645 625 199 71 arrogans
1795 625 133 71 est,
1877 625 149 71 sicut
1977 625 83 71 &
1994 625 149 71 mendax,

439 686 198 71 quidam
578 686 158 71 ipso
676 686 237 71 mendacio
854 686 237 71 gaudens,
1032 686 198 71 quidam
1171 686 217 71 gloriam
1329 686 138 71 aut
1408 686 198 71 lucrum
1546 686 277 71 affectans.
1763 686 138 71 Qui
1843 686 198 71 igitur
1961 686 178 71 gloriae

442 733 149 65 causa
542 733 133 65 sunt
625 733 249 65 arrogantes,
824 733 100 65 ea
874 733 199 65 simulant
1023 733 116 65 pro
1090 733 166 65 quibus
1206 733 183 65 homines
1338 733 216 65 laudantur
1504 733 116 65 aut
1571 733 149 65 beati
1670 733 133 65 esse
1753 733 216 65 dicuntur.
1919 733 116 65 Qui
1986 733 133 65 vero
2052 733 83 65 gra

452 796 126 58 tia
524 796 180 58 lucri,
650 796 108 58 ea
703 796 180 58 quorum
829 796 144 58 vsus
919 796 108 58 ad
973 796 215 58 proximos
1134 796 215 58 transit,
1296 796 90 58 &
1332 796 144 58 quae
1422 796 126 58 non
1494 796 180 58 inesse
1619 796 180 58 latere
1745 796 215 58 possunt.
1907 796 198 58 Fingunt
2032 796 108 58 enim

449 848 112 64 se
505 848 223 64 medicos,
673 848 130 64 vel
747 848 167 64 vates
859 848 242 64 egregios.
1045 848 260 64 Quapropter
1249 848 205 64 plurimi
1398 848 205 64 hominum
1547 848 167 64 talia
1658 848 242 64 simulant,
1844 848 93 64 &
1882 848 260 64 arroganter
2068 848 74 64 si

455 907 103 70 bi
506 907 223 70 assumunt.
678 907 137 70 Sunt
764 907 137 70 enim
850 907 103 70 in
901 907 154 70 ipsis
1004 907 103 70 ea
1056 907 137 70 quae
1141 907 154 70 dicta
1244 907 154 70 sunt.
1347 907 103 70 At
1399 907 326 70 dissimulatores,
1673 907 257 70 attenuantes
1879 907 137 70 sua,
1948 907 206 70 elegantio¬-

464 961 129 65 res
537 961 203 65 moribus
685 961 148 65 esse
777 961 240 65 videntur.
962 961 129 65 Non
1036 961 148 65 enim
1128 961 111 65 id
1184 961 166 65 lucri
1295 961 166 65 causa
1405 961 185 65 facere
1535 961 240 65 videntur,
1719 961 129 65 sed
1793 961 240 65 fugientes
1959 961 185 65 tumidita

450 1016 148 73 tem.
543 1016 185 73 Maxime
673 1016 167 73 autem
784 1016 111 73 hi
840 1016 185 73 negant
969 1016 111 73 ea
1025 1016 148 73 quae
1118 1016 148 73 sunt
1210 1016 259 73 praeclara,
1414 1016 111 73 vt
1470 1016 93 73 &
1507 1016 222 73 Socrates
1674 1016 241 73 faciebat.
1859 1016 130 73 Sed
1933 1016 130 73 qui
1989 1016 148 73 parua,

455 1070 272 75 manifestaque
676 1070 272 75 dissimulant,
897 1070 102 75 ii
948 1070 204 75 delicati
1101 1070 170 75 simul,
1220 1070 272 75 maliciosique
1441 1070 221 75 dicuntur,
1611 1070 85 75 &
1645 1070 170 75 facile
1764 1070 170 75 sperni
1883 1070 204 75 possunt.
2019 1070 119 75 Atque

452 1127 191 71 idipsum
590 1127 243 71 arrogantia
781 1127 191 71 videtur
920 1127 226 71 interdum,
1094 1127 174 71 qualis
1215 1127 121 71 est
1285 1127 312 71 Lacedemoniorum
1545 1127 226 71 vestitus.
1718 1127 121 71 Nam
1788 1127 87 71 &
1823 1127 260 71 exuperatio,
2031 1127 87 71 &
2048 1127 87 71 ni¬-

450 1182 129 73 mia
523 1182 240 73 defectio,
708 1182 111 73 ad
763 1182 277 73 arrogantiam
985 1182 240 73 pertinet.
1170 1182 129 73 Sed
1244 1182 129 73 qui
1317 1182 222 73 moderate
1484 1182 332 73 dissimulatione
1761 1182 222 73 vtuntur,
1927 1182 129 73 nec
2001 1182 111 73 ea
2038 1182 92 73 dis

448 1233 220 76 simulant
613 1233 147 76 quae
704 1233 165 76 minus
814 1233 147 76 ante
906 1233 183 76 oculos
1034 1233 147 76 sunt
1126 1233 92 76 &
1163 1233 202 76 extant,
1309 1233 220 76 gratiosi
1474 1233 147 76 esse
1566 1233 238 76 videntur.
1749 1233 238 76 Aduersari
1932 1233 165 76 autem
2024 1233 110 76 arro

445 1290 145 85 gans
535 1290 145 85 ipsi
626 1290 181 85 veraci
752 1290 217 85 videtur:
915 1290 126 85 est
987 1290 145 85 enim
1077 1290 307 85 dissimulatore
1312 1290 199 85 deterior.

538 1389 133 72 Irca
621 1389 149 72 eadem
721 1389 149 72 ferme
821 1389 116 72 est
887 1389 249 72 arrogantiae
1087 1389 133 72 siue
1170 1389 282 72 ostentationis
1402 1389 266 72 mediocritas,
1618 1389 133 72 quae
1701 1389 166 72 quidem
1817 1389 83 72 &
1851 1389 133 72 ipsa
1934 1389 116 72 est
1984 1389 149 72 innomi¬-

542 1448 130 52 nata
623 1448 146 52 sicut
720 1448 243 52 praecedens.
915 1448 97 52 De
963 1448 97 52 ea
1012 1448 227 52 transigere
1190 1448 195 52 expedit,
1336 1448 195 52 siquidem
1482 1448 97 52 si
1531 1448 97 52 de
1580 1448 195 52 singulis
1726 1448 243 52 transigamus
1920 1448 81 52 &
1936 1448 195 52 pertracte¬-

532 1490 121 65 mus
601 1490 156 65 magis
705 1490 104 65 ea
757 1490 139 65 quae
843 1490 156 65 circa
947 1490 156 65 morem
1051 1490 139 65 sunt
1138 1490 277 65 cognoscemus.
1363 1490 104 65 Et
1415 1490 156 65 simul
1519 1490 294 65 mediocritates
1761 1490 139 65 esse
1848 1490 208 65 virtutes
1986 1490 139 65 melius

459 1530 231 74 putabimus,
640 1530 115 74 cum
706 1530 99 74 in
755 1530 181 74 cunctis
887 1530 115 74 ita
953 1530 198 74 cernamus
1101 1530 148 74 esse.
1200 1530 99 74 Et
1249 1530 132 74 quia
1331 1530 99 74 de
1381 1530 115 74 iis
1447 1530 115 74 qui
1513 1530 99 74 in
1562 1530 198 74 conuictu
1710 1530 99 74 ad
1760 1530 231 74 voluptatem
1924 1530 198 74 doloremque

451 1588 305 50 congrediuntur,
705 1588 119 50 iam
773 1588 169 50 dictum
891 1588 135 50 est:
976 1588 135 50 nunc
1061 1588 271 50 consentaneum
1281 1588 119 50 est
1348 1588 102 50 de
1399 1588 220 50 veracibus
1568 1588 85 50 &
1602 1588 237 50 mendacibus
1788 1588 220 50 similiter
1958 1588 85 50 &
1992 1588 102 50 in
2025 1588 102 50 ver¬-

450 1633 112 49 bis
514 1633 80 49 &
546 1633 96 49 in
594 1633 192 49 operibus
738 1633 176 49 illorum
866 1633 80 49 &
897 1633 96 49 in
945 1633 192 49 fictione
1089 1633 192 49 dicamus.
1233 1633 160 49 Deinde
1345 1633 272 49 diffinitiones
1569 1633 160 49 ponens
1681 1633 160 49 dicit.
1792 1633 192 49 Arrogans
1936 1633 128 49 siue
2000 1633 128 49 osten¬-

449 1682 141 57 tator
543 1682 172 57 videtur
669 1682 204 57 effingere
825 1682 188 57 speciosa
966 1682 125 57 quae
1044 1682 110 57 non
1107 1682 172 57 insunt,
1232 1682 110 57 vel
1295 1682 157 57 maiora
1405 1682 125 57 quam
1483 1682 172 57 insunt.
1608 1682 251 57 Dissimulator
1812 1682 94 57 ea
1859 1682 125 57 quae
1937 1682 157 57 insunt
2031 1682 94 57 infi

465 1727 165 59 ciatur
580 1727 115 59 aut
646 1727 181 59 minuit.
777 1727 247 59 Dissimulare
975 1727 115 59 est
1041 1727 165 59 astute
1156 1727 181 59 tegere.
1288 1727 264 59 Dissimulamus
1502 1727 132 59 vera
1584 1727 82 59 &
1617 1727 99 59 ea
1667 1727 115 59 non
1733 1727 132 59 esse
1815 1727 132 59 quae
1897 1727 148 59 sunt.
1980 1727 148 59 Simula¬-

459 1777 115 51 mus
524 1777 147 51 autem
622 1777 164 51 falsa.
737 1777 164 51 Medius
851 1777 131 51 vero
933 1777 115 51 cum
999 1777 115 51 sit
1064 1777 147 51 talis
1162 1777 98 51 vt
1211 1777 245 51 vnumquodque
1408 1777 147 51 quale
1506 1777 115 51 est
1572 1777 147 51 ipsum
1670 1777 147 51 dicat
1768 1777 147 51 atque
1866 1777 213 51 ostendat,
2030 1777 82 51 &
2046 1777 82 51 vi¬-

459 1824 97 52 ta
507 1824 81 52 &
540 1824 179 52 sermone
670 1824 162 52 verax,
784 1824 114 52 ita
849 1824 146 52 viuit
946 1824 195 52 qualiter
1092 1824 211 52 loquitur,
1255 1824 81 52 &
1287 1824 179 52 fatetur
1417 1824 130 52 quae
1498 1824 130 52 sunt
1580 1824 146 52 circa
1677 1824 97 52 se
1726 1824 114 52 nec
1791 1824 162 52 maiora
1905 1824 114 52 aut
1970 1824 162 52 minora
2067 1824 65 52 fa

453 1868 134 57 cit.
537 1868 301 57 Philocratemque
788 1868 234 57 veriuerbio
972 1868 201 57 superat.
1122 1868 134 57 Vnum
1206 1868 184 57 quodque
1339 1868 184 57 istorum
1473 1868 150 57 trium
1573 1868 217 57 contingit
1741 1868 201 57 bifariam
1891 1868 184 57 facere.
2008 1868 117 57 Primo

456 1914 195 59 propter
598 1914 195 59 aliquid
740 1914 159 59 aliud
846 1914 106 59 vt
899 1914 195 59 timorem
1041 1914 142 59 quis
1129 1914 159 59 negat
1236 1914 106 59 se
1289 1914 159 59 talem
1395 1914 177 59 qualis
1519 1914 142 59 est.
1607 1914 195 59 Secundo
1749 1914 142 59 modo
1838 1914 230 59 contingit
1997 1914 124 59 vnum¬-

462 1965 169 55 quodque
585 1965 169 55 istorum
708 1965 154 55 facere
816 1965 77 55 &
846 1965 108 55 non
908 1965 169 55 propter
1031 1965 139 55 aliud
1123 1965 108 55 sed
1185 1965 169 55 propter
1308 1965 108 55 hoc
1370 1965 123 55 quod
1447 1965 92 55 in
1493 1965 123 55 tali
1570 1965 123 55 actu
1647 1965 231 55 delectetur,
1832 1965 77 55 &
1862 1965 108 55 hoc
1924 1965 108 55 est
1970 1965 154 55 speciali

457 2009 120 56 ter
526 2009 189 56 habitui
663 2009 224 56 addictum.
835 2009 138 56 Quia
921 2009 258 56 vnusquisque
1128 2009 206 56 secundum
1282 2009 241 56 qualitatem
1471 2009 120 56 sui
1540 2009 189 56 habitus
1678 2009 86 56 &
1712 2009 224 56 loquitur,
1884 2009 86 56 &
1919 2009 224 56 operatur,
2073 2009 52 56 &

465 2054 148 55 vitam
563 2054 131 55 suam
645 2054 164 55 ducit.
760 2054 98 55 Ex
809 2054 230 55 abundantia
990 2054 164 55 cordis
1104 2054 98 55 os
1154 2054 213 55 loquitur,
1318 2054 164 55 inquit
1433 2054 213 55 seruator.
1597 2054 131 55 Nisi
1679 2054 164 55 aliter
1793 2054 197 55 operetur
1941 2054 180 55 propter
2056 2054 82 55 ali

458 2101 147 59 quid
549 2101 220 59 emergens
715 2101 110 59 vt
770 2101 110 59 ob
825 2101 184 59 magnum
954 2101 276 59 emolumentum
1174 2101 312 59 consequendum,
1431 2101 129 59 aut
1505 2101 165 59 malum
1615 2101 257 59 euitandum,
1817 2101 165 59 cuius
1927 2101 165 59 eausa
2019 2101 110 59 est,

463 2157 104 51 quia
528 2157 117 51 omnis
606 2157 117 51 forma
684 2157 104 51 quae
749 2157 91 51 est
801 2157 182 51 principium
945 2157 156 51 operandi
1062 2157 117 51 prius
1140 2157 91 51 dat
1192 2157 104 51 esse
1257 2157 91 51 qui
1309 2157 156 51 operari.
1426 2157 78 51 Et
1465 2157 117 51 quale
1543 2157 104 51 esse
1608 2157 182 51 communicat
1752 2157 104 51 tale
1817 2157 143 51 operari
1921 2157 156 51 praebet,
2038 2157 104 51 quod
2090 2157 39 51 a

460 2198 210 55 posteriore
625 2198 225 55 dinoscitur,
806 2198 120 55 quia
881 2198 225 55 operationes
1061 2198 165 55 similes
1181 2198 180 55 generant
1317 2198 225 55 augmentant,
1497 2198 75 55 &
1527 2198 165 55 saluant
1647 2198 135 55 ipsum
1737 2198 180 55 habitum,
1873 2198 135 55 quare
1963 2198 150 55 qualis
2053 2198 75 55 est

475 2240 194 65 vnusquisque
630 2240 142 65 secundm
734 2240 155 65 habitum,
851 2240 142 65 taliter
954 2240 181 65 operabitur
1097 2240 78 65 si
1136 2240 130 65 secudm
1226 2240 142 65 habitum
1330 2240 117 65 illum
1408 2240 168 65 operetur,
1537 2240 104 65 etsi
1602 2240 130 65 aliter
1693 2240 130 65 aliqua
1783 2240 78 65 de
1822 2240 117 65 causa
1900 2240 168 65 operetur,
2016 2240 117 65 secundm

450 2274 133 71 illum
539 2274 162 71 habitum
657 2274 147 71 minime
760 2274 206 71 insudabit.
922 2274 133 71 Ponit
1010 2274 133 71 aliam
1099 2274 236 71 conclusionem
1290 2274 192 71 inquiens.
1438 2274 103 71 Per
1497 2274 88 71 se
1541 2274 192 71 mendacium
1689 2274 177 71 improbum
1821 2274 103 71 est
1880 2274 74 71 &
1895 2274 221 71 vituperabile.

464 2333 125 53 verum
547 2333 125 53 autem
630 2333 138 53 probum
727 2333 69 53 &
755 2333 194 53 laudabile:
907 2333 111 53 ergo
977 2333 111 53 omne
1046 2333 180 53 mendacium
1184 2333 97 53 est
1240 2333 180 53 peccatum.
1378 2333 125 53 Nempe
1461 2333 97 53 per
1517 2333 83 53 se
1558 2333 222 53 praesupponit
1738 2333 83 53 de
1780 2333 125 53 omni,
1863 2333 125 53 primo
1932 2333 194 53 posteriorum.

463 2378 146 58 veritas
569 2378 146 58 proprie
675 2378 79 58 ad
714 2378 199 58 intellectum
873 2378 172 58 pertinet,
1006 2378 93 58 sed
1059 2378 93 58 hic
1112 2378 93 58 sic
1165 2378 93 58 non
1218 2378 159 58 capitur:
1337 2378 172 58 propterea
1469 2378 199 58 Aristoteles
1628 2378 119 58 dicit
1708 2378 93 58 eam
1760 2378 212 58 innominatam.
1933 2378 93 58 Est
1986 2378 106 58 enim
2052 2378 93 58 ap¬

452 2428 140 59 petitus
554 2428 140 59 habitus
656 2428 89 59 quo
707 2428 102 59 quis
771 2428 76 59 se
809 2428 115 59 talem
885 2428 153 59 exterius
1000 2428 166 59 ostendit,
1127 2428 140 59 quamlis
1229 2428 89 59 est
1280 2428 140 59 secundm
1382 2428 127 59 rectam
1471 2428 166 59 rationem.
1598 2428 115 59 Sicut
1674 2428 115 59 autem
1751 2428 127 59 dicere
1840 2428 127 59 verum,
1929 2428 89 59 est
1967 2428 153 59 praeceptum

457 2474 214 55 affirmatiuum
631 2474 161 55 obligans
751 2474 107 55 puer
818 2474 107 55 loco
885 2474 67 55 &
912 2474 134 55 tpere,
1005 2474 94 55 sic
1059 2474 120 55 verus
1139 2474 80 55 in
1179 2474 161 55 appetitu
1300 2474 161 55 ostendit
1420 2474 80 55 se
1460 2474 161 55 exterius
1580 2474 120 55 talem
1661 2474 147 55 quamlis
1768 2474 94 55 est
1821 2474 214 55 intrinsecus,
1995 2474 94 55 dum
2035 2474 94 55 ratio

454 2519 208 50 esflagitat,
620 2519 97 50 non
676 2519 111 50 omne
745 2519 125 50 verum
828 2519 180 50 propalat,
966 2519 97 50 sua
1022 2519 111 50 enim
1091 2519 152 50 delicta
1202 2519 152 50 occulta
1312 2519 111 50 haud
1382 2519 138 50 pandit
1478 2519 111 50 nisi
1548 2519 97 50 vbi
1603 2519 125 50 ratio
1686 2519 152 50 exigit,
1797 2519 97 50 nec
1852 2519 97 50 sua
1908 2519 180 50 praeconia
2032 2519 97 50 laude

462 2566 142 50 digna
557 2566 206 50 diuulgat,
715 2566 95 50 ne
763 2566 190 50 turgidus
905 2566 79 50 &
937 2566 190 50 inflatus
1079 2566 111 50 sui
1142 2566 221 50 buccinator
1316 2566 206 50 videatur.
1474 2566 158 50 Medium
1585 2566 142 50 ipsum
1680 2566 142 50 aequa
1775 2566 142 50 lance
1870 2566 174 50 metitur
1981 2566 142 50 loquen¬-

453 2616 94 48 do
500 2616 235 48 tacendoque.
689 2616 78 48 ⁋
720 2616 125 48 Alia
798 2616 220 48 conclusio.
971 2616 188 48 Mendaces
1112 2616 188 48 arrogans
1253 2616 78 48 &
1284 2616 251 48 dissimulator
1488 2616 125 48 ambo
1567 2616 125 48 sunt
1645 2616 282 48 vituperabiles,
1880 2616 110 48 sed
1943 2616 141 48 magis
2021 2616 110 48 arro¬-

454 2661 131 61 gans.
542 2661 233 61 Dissimulator
732 2661 102 61 est
790 2661 146 61 mendax
892 2661 131 61 sicut
980 2661 73 61 &
1009 2661 117 61 ipse
1082 2661 190 61 arrogans,
1228 2661 73 61 &
1257 2661 146 61 semper
1359 2661 88 61 in
1403 2661 146 61 vitium
1505 2661 175 61 capitur.
1636 2661 102 61 Vnm
1695 2661 219 61 dissimulare
1870 2661 102 61 est
1928 2661 146 61 astute
2016 2661 102 61 tege¬-

449 2712 83 58 re
491 2712 111 58 quae
560 2712 152 58 insunt.
670 2712 124 58 Licet
753 2712 124 58 autem
836 2712 138 58 velare
933 2712 138 58 sepius
1030 2712 97 58 non
1085 2712 97 58 sit
1140 2712 138 58 culpa,
1237 2712 124 58 tamen
1320 2712 97 58 cum
1375 2712 193 58 vaframento
1527 2712 138 58 celare
1624 2712 97 58 est
1679 2712 138 58 malum.
1776 2712 180 58 Mendacium
1914 2712 97 58 est
1969 2712 124 58 falsa
2038 2712 97 58 signi

450 2753 190 57 exterioris
600 2753 163 57 ostensio
722 2753 109 57 siue
790 2753 95 57 per
844 2753 163 57 sermonem
966 2753 109 57 siue
1034 2753 95 57 per
1088 2753 122 57 aliqu
1169 2753 136 57 signum
1264 2753 176 57 exterius.
1400 2753 95 57 Nec
1454 2753 136 57 semper
1549 2753 190 57 requiritur
1698 2753 163 57 intentio
1821 2753 163 57 fallendi
1943 2753 81 57 ad
1970 2753 149 57 mendacem,

447 2805 132 56 licet
535 2805 161 56 saepius
652 2805 88 56 id
696 2805 88 56 in
740 2805 103 56 vsu
799 2805 161 56 fuerit,
916 2805 161 56 saepius
1033 2805 103 56 est
1092 2805 176 56 intentio
1224 2805 146 56 falsum
1326 2805 161 56 dicendi
1443 2805 103 56 qui
1502 2805 132 56 dicit
1590 2805 117 56 vnum
1663 2805 103 56 vel
1722 2805 132 56 sermo
1810 2805 146 56 aliquo
1912 2805 190 56 exteriore
2044 2805 88 56 vnum

460 2852 183 53 ostendit
597 2852 76 53 &
628 2852 199 53 oppositum
781 2852 138 53 habet
872 2852 92 53 in
918 2852 153 53 mente,
1025 2852 107 53 vel
1086 2852 168 53 dubitat
1209 2852 92 53 de
1255 2852 122 53 illo
1331 2852 122 53 quod
1408 2852 138 53 dicit
1499 2852 199 53 mentitur.
1652 2852 122 53 Vnde
1729 2852 168 53 mentiri
1851 2852 107 53 est
1912 2852 153 53 contra
2004 2852 122 53 mentem

442 2899 135 53 ire.
526 2899 169 53 dicens
645 2899 135 53 enim
729 2899 169 53 falsum
847 2899 84 53 &
881 2899 169 53 putans
999 2899 169 53 dicere
1117 2899 169 53 verum,
1235 2899 152 53 licet
1336 2899 219 53 mendacium
1505 2899 169 53 dicat,
1623 2899 118 53 non
1690 2899 152 53 tamen
1792 2899 219 53 mentitur.
1960 2899 135 53 Ambo
2028 2899 101 53 men¬-

451 2942 139 52 daces
543 2942 123 52 sunt
620 2942 93 52 in
667 2942 185 52 extremo,
805 2942 170 52 proinde
929 2942 278 52 vituperabiles,
1160 2942 108 52 sed
1222 2942 139 52 prius
1315 2942 93 52 de
1361 2942 154 52 verace
1469 2942 185 52 dicendum
1608 2942 123 52 est.
1685 2942 93 52 De
1731 2942 154 52 verace
1839 2942 93 52 in
1886 2942 108 52 hoc
1947 2942 123 52 loco
2009 2942 108 52 sermo

450 2993 114 58 nem
515 2993 114 58 non
580 2993 195 58 agitamus
726 2993 114 58 qui
791 2993 130 58 quae
873 2993 98 58 in
922 2993 309 58 stipulationibus
1182 2993 81 58 &
1215 2993 342 58 interrogationibus
1508 2993 81 58 &
1540 2993 293 58 confessionibus
1784 2993 163 58 fiunt,
1898 2993 81 58 &
1931 2993 98 58 in
1980 2993 114 58 his
2028 2993 98 58 quae

452 3039 83 54 ad
494 3039 181 54 iustitiam
633 3039 97 54 aut
689 3039 209 54 iniustitiam
856 3039 181 54 attinent,
995 3039 125 54 verum
1078 3039 139 54 dicit.
1176 3039 111 54 Haec
1245 3039 111 54 enim
1315 3039 83 54 ad
1357 3039 125 54 aliam
1440 3039 167 54 virtutem
1565 3039 250 54 accommodantur,
1774 3039 167 54 scilicet
1899 3039 195 54 iustitiam,
2052 3039 97 54 sed

441 3084 91 52 de
486 3084 151 52 verace
592 3084 106 52 hic
653 3084 181 52 loquimur
789 3084 106 52 qui
849 3084 91 52 in
894 3084 151 52 quibus
1000 3084 106 52 hoc
1061 3084 136 52 nihil
1151 3084 151 52 refert
1257 3084 106 52 cum
1318 3084 91 52 in
1363 3084 151 52 verbis
1469 3084 121 52 tumn
1545 3084 91 52 in
1590 3084 121 52 vita
1665 3084 91 52 ex
1711 3084 91 52 eo
1756 3084 121 52 vera
1832 3084 136 52 dicit
1922 3084 76 52 &
1953 3084 136 52 agit,
2028 3084 91 52 quia

445 3134 178 48 habitus
574 3134 129 48 ipse
655 3134 113 48 est
720 3134 162 48 talis,
833 3134 81 48 &
866 3134 129 48 ipse
947 3134 146 48 verax
1044 3134 81 48 &
1076 3134 146 48 talis
1173 3134 162 48 aequus
1286 3134 81 48 &
1319 3134 146 48 bonus
1416 3134 129 48 esse
1497 3134 194 48 videtur.
1642 3134 129 48 Sane
1723 3134 113 48 qui
1788 3134 146 48 verum
1885 3134 129 48 amat
1966 3134 81 48 &
1999 3134 97 48 in
2031 3134 97 48 qui¬-

444 3178 105 69 bus
504 3178 136 69 nihil
595 3178 151 69 refert
700 3178 121 69 vera
775 3178 151 69 dicit,
881 3178 136 69 tanto
971 3178 136 69 magis
1062 3178 90 69 is
1107 3178 121 69 vera
1182 3178 136 69 dicet
1272 3178 90 69 in
1318 3178 151 69 quibus
1423 3178 166 69 aliquid
1544 3178 166 69 refert,
1664 3178 90 69 vt
1709 3178 105 69 vir
1769 3178 136 69 bonus
1860 3178 121 69 ipse
1935 3178 151 69 facit,
2041 3178 75 69 &
2056 3178 75 69 vbi

443 3225 178 72 refert,
572 3225 97 72 vt
621 3225 178 72 turpere
750 3225 210 72 mendacium
911 3225 162 72 fugiet
1025 3225 129 72 quod
1105 3225 81 72 &
1138 3225 113 72 per
1202 3225 97 72 se
1251 3225 129 72 ipse
1332 3225 210 72 fugiebat.
1493 3225 113 72 Nam
1558 3225 129 72 tale
1639 3225 113 72 est
1687 3225 194 72 laudabile.
