2321 3604
468 268 98 83 do
517 268 228 83 volitionem
696 268 114 83 qua
761 268 131 83 volo
843 268 196 83 proferre
990 268 147 83 hanc:
1088 268 114 83 rex
1153 268 147 83 sedet
1251 268 131 83 quem
1333 268 163 83 iudico
1447 268 180 83 sedere,
1577 268 82 83 &
1610 268 114 83 hoc
1675 268 114 83 est
1741 268 114 83 vel
1806 268 163 83 potest
1920 268 131 83 esse
1985 268 180 83 mendacium

469 338 172 64 igitur.
594 338 140 64 Minor
688 338 156 64 patet,
797 338 125 64 ipso
875 338 187 64 surgente
1015 338 78 64 &
1047 338 94 64 me
1093 338 172 64 habente
1218 338 187 64 iudicium
1359 338 218 64 oppositum,
1530 338 125 64 tunc
1608 338 109 64 est
1671 338 218 64 mendacium.
1842 338 156 64 Igitur
1952 338 203 64 mendacium
2092 338 78 64 est

476 388 140 59 actus
570 388 218 59 voluntatis
741 388 140 59 sicut
835 388 125 59 alia
913 388 125 59 etia
991 388 171 59 peccata
1116 388 265 59 commissionis.
1334 388 109 59 Sed
1396 388 140 59 aliud
1490 388 187 59 connotat
1630 388 187 59 terminus
1770 388 218 59 mendacium,
1942 388 187 59 scilicet
2066 388 94 59 quod

467 432 178 55 imperet
596 432 161 55 signum
709 432 194 55 exterius
854 432 81 55 &
887 432 113 55 non
951 432 113 55 sit
1016 432 242 55 conformitas
1209 432 97 55 in
1258 432 145 55 mente
1355 432 129 55 illi
1436 432 161 55 signo:
1549 432 178 55 attamen
1678 432 242 55 impossibile
1871 432 113 55 est
1936 432 210 55 mendacium
2081 432 81 55 be¬-

465 476 97 55 ne
513 476 162 55 fieri.
626 476 194 55 Caeterum
772 476 194 55 interdum
917 476 113 55 est
982 476 242 55 difformitas
1176 476 129 55 fixa
1257 476 162 55 quando
1370 476 194 55 assentio
1515 476 194 55 opposito
1661 476 210 55 intrepide
1823 476 81 55 &
1855 476 129 55 sine
1920 476 242 55 fluctuatione:

481 526 185 54 interdum
619 526 108 54 est
681 526 231 54 ambiguitas,
865 526 108 54 nec
927 526 215 54 assentitur
1096 526 108 54 nec
1158 526 246 54 dissentitur:
1358 526 185 54 interdum
1496 526 185 54 mentiens
1635 526 185 54 intendit
1773 526 77 54 &
1804 526 169 54 fallere
1927 526 77 54 &
1958 526 154 54 falsum
2050 526 108 54 dice¬-

481 577 105 62 re,
541 577 180 62 interdum
676 577 120 62 vnum
751 577 135 62 solum
841 577 75 62 &
871 577 105 62 sic
931 577 120 62 vnum
1006 577 195 62 mendacium
1156 577 105 62 est
1216 577 120 62 alio
1291 577 180 62 grauius:
1425 577 135 62 etiam
1515 577 90 62 ex
1560 577 135 62 parte
1650 577 165 62 obiecti
1770 577 210 62 grauitatem
1935 577 150 62 capit,
2040 577 90 62 vt
2070 577 90 62 men¬-

478 619 179 54 dacium
603 619 107 54 in
657 619 232 54 religione
835 619 89 54 &
871 619 161 54 bonis
978 619 214 54 moribus,
1139 619 232 54 nonnunqui
1318 619 161 54 falso
1425 619 268 54 testimonio,
1639 619 107 54 in
1693 619 250 54 dispendium
1872 619 232 54 fortunarum.

481 664 76 53 ⁋
511 664 152 53 Contra
618 664 137 53 dicta
709 664 168 53 videtur
831 664 122 53 quod
908 664 198 53 mendacium
1060 664 152 53 potest
1167 664 137 53 fieri
1258 664 122 53 sine
1335 664 183 53 peccato,
1472 664 122 53 quia
1548 664 122 53 deus
1624 664 152 53 potest
1731 664 91 53 in
1777 664 198 53 homicidio
1929 664 168 53 tamquam
2051 664 91 53 in
2082 664 76 53 ma¬-

486 714 115 53 iore
558 714 216 53 dispensare,
730 714 115 53 ergo
802 714 72 53 &
831 714 86 53 in
874 714 187 53 mendacio,
1018 714 115 53 quod
1090 714 158 53 constat
1205 714 115 53 esse
1277 714 173 53 peccatum
1407 714 144 53 minus,
1507 714 144 53 saltem
1608 714 230 53 regulariter.
1795 714 173 53 Secundo,
1925 714 86 53 Ob
1968 714 144 53 grande
2054 714 101 53 bonum

467 764 202 58 mendacium
623 764 109 58 est
685 764 187 58 licitum,
825 764 187 58 secundum
966 764 233 58 Eustratium,
1152 764 109 58 cui
1215 764 202 58 consentit
1370 764 187 58 Robertus
1510 764 265 58 Lincolinensis
1728 764 78 58 &
1759 764 171 58 Ioannes
1884 764 202 58 Cassianus
2039 764 93 58 in
2071 764 93 58 col¬-

480 807 214 51 lationibus
648 807 137 51 suis.
739 807 168 51 Tertio,
861 807 183 51 plerique
999 807 122 51 viri
1075 807 137 51 etiam
1167 807 153 51 graues
1274 807 137 51 inter
1365 807 122 51 suos
1441 807 168 51 vtuntur
1564 807 168 51 salibus
1686 807 76 51 &
1716 807 137 51 iocis
1808 807 168 51 falsis:
1930 807 122 51 ergo
1991 807 168 51 mendacium

474 851 173 56 iocosum
600 851 110 56 non
663 851 110 56 est
726 851 205 56 peccatum,
884 851 79 56 &
916 851 142 56 tamen
1010 851 110 56 est
1073 851 221 56 mendacium.
1247 851 173 56 Quarto,
1373 851 205 56 Mendacium
1530 851 189 56 ironicum
1672 851 110 56 est
1735 851 221 56 mendacium,
1909 851 95 56 vt
1956 851 173 56 dicendo
2066 851 95 56 male

474 898 207 53 studentem
633 898 127 53 esse
713 898 175 53 optimum
840 898 80 53 &
872 898 175 53 literis
999 898 271 53 deditissimum:
1222 898 80 53 &
1254 898 175 53 homines
1381 898 143 53 illud
1477 898 111 53 non
1540 898 191 53 iudicant
1684 898 207 53 peccatum.
1843 898 175 53 Quinto,
1970 898 111 53 non
2018 898 143 53 implere

477 948 202 57 promissum
633 948 109 57 est
695 948 217 57 mendacium:
866 948 109 57 sed
928 948 171 57 saepius
1052 948 171 57 prudens
1176 948 109 57 non
1239 948 186 57 adimplet
1378 948 233 57 pollicitum,
1565 948 171 57 igitur.
1689 948 155 57 Sexto,
1798 948 249 57 commissarius
2000 948 78 57 a
2015 948 140 57 tyranno

481 997 175 46 inuasus
608 997 175 46 prodere
736 997 191 46 peccatum
879 997 191 46 occultum
1022 997 143 46 negat
1117 997 95 46 se
1165 997 127 46 tale
1245 997 191 46 peccatum
1388 997 207 46 audiuisse
1547 997 127 46 sine
1626 997 175 46 peccato
1753 997 80 46 &
1785 997 207 46 mentitur:
1944 997 127 46 quia
2024 997 127 46 tale
2087 997 80 46 au¬-

479 1041 149 57 diuit
579 1041 99 57 vt
628 1041 199 57 suppono.
777 1041 83 57 ⁋
810 1041 99 57 Ad
860 1041 165 57 primum
976 1041 132 57 nego
1059 1041 298 57 consequentiam,
1307 1041 132 57 vnum
1389 1041 149 57 habet
1489 1041 215 57 inuolutam
1654 1041 116 57 tam
1720 1041 215 57 malitiam,
1886 1041 116 57 non
1952 1041 149 57 autem
2035 1041 132 57 aliud¬-

486 1084 77 55 ⁋
516 1084 93 55 Ad
563 1084 201 55 secundum,
717 1084 123 55 nego
794 1084 231 55 antecedens,
979 1084 77 55 &
1010 1084 93 55 ad
1056 1084 247 55 authoritates
1257 1084 154 55 omnium
1365 1084 170 55 illorum
1488 1084 170 55 virorum
1612 1084 216 55 illustrium
1781 1084 185 55 dicitur:
1920 1084 77 55 &
1951 1084 201 55 quandoque
2090 1084 77 55 bo¬-

470 1138 122 54 nus
539 1138 209 54 dormitat
696 1138 209 54 Homerus.
853 1138 122 54 Nec
922 1138 139 54 Raab
1009 1138 279 54 Hiericuntina
1236 1138 105 54 de
1288 1138 209 54 mendacio
1445 1138 226 54 laudatur,
1619 1138 122 54 sed
1689 1138 105 54 de
1741 1138 192 54 pietate
1880 1138 105 54 in
1933 1138 244 54 lsraelitas
2107 1138 52 54 &

479 1179 96 64 de
527 1179 128 64 vera
607 1179 208 64 religione
766 1179 208 64 capienda:
926 1179 112 64 sic
990 1179 192 64 Agyptiae
1133 1179 239 64 obstetrices
1325 1179 96 64 ob
1373 1179 192 64 pietatem
1517 1179 192 64 praemium
1660 1179 80 64 a
1692 1179 128 64 dmio
1772 1179 287 64 consequebantur
2011 1179 96 64 de
2043 1179 128 64 salute

493 1228 224 58 paruulorum,
673 1228 105 58 non
732 1228 135 58 autem
822 1228 105 58 pro
882 1228 179 58 mendacio
1016 1228 179 58 praemium
1151 1228 135 58 vllum
1241 1228 239 58 susceperunt,
1435 1228 75 58 &
1465 1228 90 58 si
1510 1228 135 58 Dauid
1600 1228 135 58 coram
1689 1228 120 58 rege
1764 1228 150 58 Achis,
1869 1228 150 58 Regum.
1974 1228 90 58 a.
2003 1228 165 58 excusetu,

482 1282 155 53 dicere
591 1282 249 53 consequenter
793 1282 187 53 necessum
933 1282 109 53 est
996 1282 109 53 non
1058 1282 249 53 mentiebatur,
1260 1282 109 53 sed
1322 1282 140 53 fecit
1415 1282 187 53 nonnihil
1555 1282 280 53 amphibologicum
1788 1282 124 53 quod
1866 1282 187 53 prudenti
2006 1282 78 53 &
2022 1282 124 53 insano

476 1321 281 50 communeffingens
713 1321 104 50 sic
772 1321 163 50 stultum
891 1321 74 50 &
920 1321 237 50 epilenticum.
1113 1321 163 50 Prudens
1231 1321 207 50 nonnumquam
1394 1321 163 50 stultum
1512 1321 133 50 agit.
1601 1321 178 50 agebatur
1735 1321 104 50 ibi
1794 1321 118 50 loci
1868 1321 89 50 de
1912 1321 118 50 eius
1986 1321 133 50 morte
2075 1321 74 50 &
2090 1321 59 50 in

480 1366 127 56 tali
559 1366 190 56 angustia
702 1366 158 56 carmen
813 1366 142 56 vtrum
908 1366 142 56 habet
1003 1366 222 56 stultitiam
1177 1366 190 56 simulare
1319 1366 127 56 loco
1398 1366 206 56 prudentia
1557 1366 142 56 summa
1651 1366 127 56 est.
1731 1366 142 56 Facta
1826 1366 158 56 semper
1936 1366 127 56 sunt
2016 1366 142 56 magis
2095 1366 63 56 an

491 1416 168 50 cipitia
613 1416 122 50 quam
689 1416 137 50 verba
781 1416 92 50 in
826 1416 153 50 tantum
933 1416 92 50 vt
979 1416 244 50 Altisiodorus
1177 1416 229 50 theologicus
1360 1416 122 50 haud
1436 1416 198 50 ignobilis
1589 1416 244 50 suspicabatur
1787 1416 183 50 gestibus
1924 1416 76 50 &
1955 1416 153 50 factis
2046 1416 107 50 nullo

480 1456 128 55 modo
560 1456 207 55 mendacium
719 1456 239 55 consistere:
911 1456 112 55 cui
974 1456 96 55 si
1022 1456 96 55 in
1070 1456 112 55 hoc
1134 1456 223 55 refragamur
1309 1456 175 55 dicimus
1437 1456 112 55 hic
1500 1456 175 55 Dauidem
1628 1456 191 55 excusari
1771 1456 80 55 a
1803 1456 191 55 mendacio
1947 1456 143 55 posse
2026 1456 128 55 occul¬-

489 1503 141 68 tando
584 1503 141 68 verum
678 1503 126 68 quod
756 1503 110 68 iam
819 1503 189 68 retegere
961 1503 126 68 erat
1039 1503 126 68 illi
1118 1503 189 68 odiosum,
1259 1503 141 68 sicut
1354 1503 173 68 iniuste
1479 1503 251 68 incarceratus
1684 1503 94 68 in
1731 1503 157 68 habitu
1841 1503 220 68 minoritani
1998 1503 157 68 aufugit.

481 1550 77 69 ⁋
511 1550 92 69 Ad
557 1550 169 69 tertium
680 1550 184 69 dicitur,
818 1550 123 69 quod
895 1550 138 69 falsi
987 1550 169 69 homines
1110 1550 215 69 eutrapelia
1279 1550 169 69 vtentes
1402 1550 107 69 non
1463 1550 230 69 mentiuntur:
1647 1550 246 69 mendaciumque
1847 1550 107 69 sic
1908 1550 169 69 iocosum
2031 1550 107 69 non
2077 1550 77 69 est

478 1600 204 51 mendacium.
639 1600 73 51 ⁋
668 1600 87 51 Ad
712 1600 160 51 quartum
828 1600 190 51 similiter
974 1600 160 51 dicitur
1091 1600 117 51 quod
1164 1600 131 51 ipsum
1251 1600 102 51 non
1309 1600 102 51 est
1368 1600 190 51 mendacium
1514 1600 87 51 ex
1557 1600 204 51 prolatione
1718 1600 73 51 &
1747 1600 262 51 circumstantiis
1951 1600 204 51 repraesentat

474 1642 200 56 oppositum
627 1642 184 56 verborum
766 1642 200 56 absolute.
919 1642 77 56 ⁋
950 1642 92 56 Ad
996 1642 169 56 quintum
1119 1642 184 56 dicitur,
1258 1642 92 56 si
1304 1642 184 56 quispiam
1442 1642 184 56 intendat
1580 1642 169 56 implere
1703 1642 108 56 pro
1765 1642 169 56 tempore
1888 1642 246 56 promissionis
2072 1642 77 56 non

477 1686 210 60 mentitur,
638 1686 145 60 licet
735 1686 97 60 ob
783 1686 258 60 rationabilem
993 1686 161 60 causam
1105 1686 226 60 propositum
1283 1686 161 60 mutet.
1396 1686 193 60 Promitto
1541 1686 177 60 Socrati
1670 1686 129 60 suum
1750 1686 193 60 mueronem
1895 1686 193 60 reddere,
2024 1686 129 60 furere

480 1738 154 63 incipit
592 1738 168 63 crastina
718 1738 112 63 luce
788 1738 126 63 hodie
872 1738 112 63 post
942 1738 182 63 prandium,
1082 1738 168 63 quonidam
1208 1738 98 63 est
1264 1738 126 63 amens
1348 1738 98 63 non
1404 1738 140 63 tenebo
1502 1738 196 63 promissum.
1656 1738 98 63 vel
1712 1738 84 63 si
1754 1738 140 63 iniqua
1852 1738 98 63 pro
1908 1738 126 63 misi,
1978 1738 168 63 contractum

482 1784 217 63 rescindam
649 1784 133 63 sine
732 1784 200 63 peccato:
882 1784 133 63 immo
966 1784 200 63 peccarem
1116 1784 117 63 hoc
1182 1784 150 63 ipsum
1282 1784 233 63 adimplens.
1466 1784 217 63 Promittit
1632 1784 183 63 medicus
1766 1784 200 63 visitare
1916 1784 200 63 infirmum
2049 1784 100 63 cras

480 1832 106 55 sed
541 1832 197 55 obligatur
692 1832 167 55 aliunde
814 1832 212 55 promittens
981 1832 212 55 strictiori
1147 1832 167 55 vinculo
1269 1832 91 55 ad
1314 1832 212 55 oppositum,
1481 1832 121 55 tunc
1557 1832 106 55 non
1618 1832 212 55 adimplebit
1785 1832 212 55 promissum.
1952 1832 106 55 vel
1997 1832 152 55 patronus

480 1873 243 68 Edinburgum
670 1873 208 68 incolens
826 1873 243 68 pollicetur
1017 1873 191 68 clienti
1155 1873 295 68 Hadingtonensi
1398 1873 139 68 suam
1485 1873 139 68 opem
1571 1873 191 68 postero
1710 1873 121 68 die
1779 1873 104 68 in
1831 1873 225 68 praetorio
1987 1873 156 68 alioqui

478 1927 173 45 cliens
599 1927 242 45 dispendium
789 1927 225 45 incurret:
961 1927 121 45 sed
1030 1927 138 45 plus
1117 1927 207 45 iacturae
1272 1927 207 45 patronus
1428 1927 104 45 ob
1479 1927 311 45 superuenientem
1739 1927 86 45 &
1773 1927 207 45 vrgentem
1928 1927 173 45 causam
2032 1927 121 45 habe¬-

468 1968 110 60 bit
531 1968 126 60 quam
610 1968 142 60 lucri
705 1968 205 60 assecutus
863 1968 173 60 fuisset
989 1968 158 60 cliens
1099 1968 173 60 patrono
1225 1968 237 60 adueniente.
1415 1968 95 60 eo
1462 1968 126 60 casu
1541 1968 205 60 aduocatus
1698 1968 110 60 non
1761 1968 221 60 delinquit,
1935 1968 142 60 verum
2030 1968 95 60 si
2061 1968 79 60 si¬-

467 2018 100 58 ne
517 2018 249 58 rationabili
717 2018 150 58 causa
816 2018 199 58 defuerit
966 2018 199 58 plurimum
1116 2018 216 58 delinquit
1282 2018 316 58 pollicitationem
1548 2018 133 58 haud
1631 2018 183 58 seruans
1764 2018 83 58 &
1797 2018 216 58 resarcire
1963 2018 166 58 damnum
2063 2018 83 58 in¬-

478 2062 94 57 de
525 2062 219 57 proueniens
697 2062 109 57 est
760 2062 203 57 obnoxius:
916 2062 109 57 nam
979 2062 125 57 eius
1057 2062 141 57 culpa
1151 2062 125 57 illi
1229 2062 203 57 confidens
1386 2062 141 57 alter
1479 2062 282 57 circumvenitur.
1714 2062 78 57 ⁋
1745 2062 94 57 Ad
1792 2062 156 57 sextam
1886 2062 266 57 ratiocinationem

480 2112 250 50 respondetur,
683 2112 125 50 quod
761 2112 250 50 confessarius
964 2112 141 50 dicet
1058 2112 172 50 nescio,
1183 2112 250 50 intelligendo
1386 2112 141 50 inter
1480 2112 156 50 dentes
1589 2112 94 50 ad
1636 2112 125 50 tibi
1698 2112 250 50 significandum.

485 2140 83 78 ⁋
519 2140 166 78 Tertio
635 2140 233 78 dubitatur,
818 2140 183 78 quomodo
951 2140 183 78 veritas
1084 2140 199 78 declinet
1233 2140 100 78 in
1283 2140 166 78 vitium
1399 2140 166 78 minus.
1516 2140 83 78 ⁋
1549 2140 183 78 Quarto,
1682 2140 100 78 ad
1732 2140 133 78 quam
1815 2140 199 78 virtutem
1948 2140 199 78 cardinalem

490 2211 202 54 veracitas
646 2211 217 54 reducatur.
817 2211 78 54 ⁋
848 2211 93 54 Ad
894 2211 171 54 tertiam
1018 2211 248 54 dubitationem
1220 2211 248 54 respondetur,
1422 2211 124 54 quod
1500 2211 171 54 habitus
1624 2211 202 54 veracitas
1779 2211 202 54 immediate
1935 2211 93 54 in
1981 2211 124 54 suum
2043 2211 109 54 actum

484 2254 177 50 elicitum
617 2254 133 50 solum
706 2254 192 50 inclinat:
853 2254 103 50 sed
912 2254 162 50 prudens
1030 2254 207 50 praeelegit
1193 2254 207 50 descendere
1355 2254 89 50 in
1399 2254 177 50 extremum
1532 2254 148 50 minus,
1635 2254 118 50 quia
1709 2254 133 50 minus
1798 2254 148 50 foedum
1901 2254 103 50 est
1960 2254 118 50 quam
2019 2254 133 50 descen¬-

480 2300 121 59 dere
555 2300 90 59 in
601 2300 181 59 extremum
736 2300 151 59 maius.
842 2300 75 59 ⁋
872 2300 90 59 Ad
917 2300 166 59 quartam
1038 2300 241 59 dubitationem
1234 2300 226 59 respondetur
1414 2300 196 59 veracitas
1565 2300 106 59 est
1625 2300 90 59 in
1671 2300 151 59 ordine
1776 2300 90 59 ad
1821 2300 181 59 alterum.
1957 2300 90 59 ad
1987 2300 166 59 iustitiam

487 2350 188 60 reducitur,
634 2350 107 60 quia
701 2350 94 60 cum
755 2350 81 60 ea
795 2350 121 60 inter
876 2350 161 60 caeteras
996 2350 188 60 cardinales
1144 2350 148 60 maiorem
1251 2350 201 60 affinitatem
1412 2350 161 60 vsurpat:
1533 2350 94 60 sed
1587 2350 94 60 non
1641 2350 188 60 continetur
1788 2350 94 60 sub
1842 2350 161 60 iustitia
1963 2350 148 60 tamquam
2056 2350 81 60 pars

477 2394 218 55 subiectiua
649 2394 140 55 eius.
742 2394 125 55 Ecce
820 2394 234 55 perniciosum
1007 2394 187 55 mendacem
1148 2394 109 55 non
1210 2394 140 55 satis
1303 2394 125 55 sibi
1381 2394 234 55 constantem,
1568 2394 125 55 hunc
1646 2394 171 55 produnt
1771 2394 109 55 eum
1833 2394 140 55 esse,
1927 2394 171 55 memorem
2036 2394 109 55 opor¬-

480 2440 131 63 tere
562 2440 98 63 ne
611 2440 131 63 sibi
693 2440 246 63 contradicat
890 2440 148 63 cuius
988 2440 197 63 inuentor
1135 2440 148 63 erat.
1234 2440 213 63 tortuosus
1398 2440 180 63 coluber
1529 2440 197 63 Diabolus
1677 2440 131 63 enim
1758 2440 115 63 est
1824 2440 164 63 mendax
1939 2440 82 63 &
1972 2440 148 63 pater
2054 2440 98 63 eius

480 2490 104 51 ait
539 2490 207 51 scriptura.
702 2490 104 51 hoc
761 2490 133 51 autem
850 2490 148 51 mendax
954 2490 178 51 lucratur
1087 2490 118 51 quod
1161 2490 118 51 illi
1235 2490 118 51 vera
1309 2490 207 51 proferenti
1472 2490 118 51 haud
1546 2490 192 51 creditur.
1694 2490 133 51 Nihil
1783 2490 104 51 est
1842 2490 163 51 mendace
1961 2490 163 51 vanius.
2064 2490 89 51 Cre¬-

480 2537 179 52 tensibus
614 2537 119 52 haec
689 2537 119 52 mala
763 2537 119 52 nota
838 2537 104 52 est
898 2537 164 52 inusta,
1017 2537 179 52 veritati
1151 2537 134 52 omnia
1240 2537 209 52 consonant.
1405 2537 119 52 Deus
1479 2537 104 52 est
1539 2537 179 52 veritas.
1673 2537 164 52 Pulchra
1792 2537 119 52 sane
1867 2537 149 52 virtus
1971 2537 75 52 &
1986 2537 164 52 signanter

483 2581 85 57 in
525 2581 156 57 magnis.
639 2581 113 57 Hinc
710 2581 128 57 ortum
795 2581 99 57 est
851 2581 142 57 quaesi
951 2581 198 57 prouerbium
1106 2581 85 57 de
1149 2581 128 57 verbo
1234 2581 142 57 regio:
1333 2581 128 57 quasi
1418 2581 283 57 pestilentissimum
1659 2581 99 57 est
1716 2581 113 57 regi
1787 2581 170 57 mentiri,
1914 2581 85 57 si
1957 2581 128 57 fidem
2028 2581 113 57 falsi¬-

476 2631 117 63 tate
550 2631 205 63 violauerit
711 2631 161 63 omnibus
828 2631 103 63 est
887 2631 220 63 contemptui.
1063 2631 235 63 Assentatores
1254 2631 176 63 ablegat:
1386 2631 117 63 sane
1459 2631 117 63 illi
1533 2631 176 63 placendi
1665 2631 147 63 studio
1767 2631 117 63 male
1841 2631 117 63 acta
1914 2631 132 63 regis
1987 2631 147 63 laudant.

487 2675 161 62 eumque
600 2675 161 62 suapte
712 2675 161 62 natura
825 2675 145 62 forte
922 2675 241 62 meticulosum
1115 2675 193 62 Achillem
1260 2675 177 62 faciut,
1388 2675 80 62 &
1421 2675 97 62 de
1469 2675 161 62 stulto
1582 2675 177 62 insanum
1710 2675 193 62 reddunt.
1855 2675 129 62 Dion
1936 2675 209 62 Prusensis
2081 2675 64 62 ma

482 2718 144 79 litiam
582 2718 202 79 adulatorum
741 2718 159 79 malitia
856 2718 173 79 falsorum
986 2718 159 79 testium
1101 2718 245 79 perniciosorem
1303 2718 173 79 censuit:
1433 2718 101 79 nam
1490 2718 86 79 hi
1534 2718 130 79 solum
1620 2718 159 79 iudicem
1735 2718 173 79 fallunt,
1865 2718 144 79 minime
1952 2718 187 79 corrumpunt:

478 2769 123 76 illi
555 2769 123 76 vero
632 2769 185 76 laudatum
770 2769 231 76 corrumpunt.
955 2769 139 76 Reges
1047 2769 246 76 blandientium
1248 2769 185 76 deliciis
1386 2769 185 76 deliniti
1525 2769 154 76 vitium
1633 2769 139 76 ipsum
1725 2769 185 76 virtutem
1848 2769 139 76 putant.

924 2874 225 88 Tract.
1081 2874 202 88 IIII.
1216 2874 180 88 Cap.
1328 2874 180 88 III.
1441 2874 112 88 &
1485 2874 180 88 Lib.
1598 2874 202 88 IIII.
1733 2874 180 88 Cap.
1823 2874 157 88 VIII.

795 2919 106 108 vm
848 2919 159 108 autem
954 2919 123 108 sit
1024 2919 88 108 &
1060 2919 194 108 requies
1200 2919 106 108 in
1253 2919 159 108 vita,
1359 2919 159 108 atque
1465 2919 106 108 in
1518 2919 123 108 hac
1588 2919 159 108 ipsa,
1694 2919 141 108 ioco
1782 2919 141 108 sese
1870 2919 211 108 recreent
2011 2919 123 108 homi¬-

778 3003 151 78 nes:
873 3003 227 78 videntur
1043 3003 94 78 &
1080 3003 132 78 hic
1156 3003 151 78 esse
1250 3003 208 78 quaedam
1401 3003 264 78 aequabilis
1609 3003 264 78 congressio
1817 3003 94 78 &
1855 3003 227 78 dicendo,
2025 3003 94 78 &
2044 3003 94 78 au¬-

764 3043 224 84 lldiendo
932 3043 112 84 ea
988 3043 149 84 quae
1081 3043 224 84 oportet,
1249 3043 93 84 &
1286 3043 112 84 vt
1342 3043 224 84 oportet.
1510 3043 205 84 Differt
1659 3043 168 84 autem
1770 3043 93 84 &
1808 3043 205 84 dicendo
1957 3043 168 84 inter
2050 3043 93 84 ta¬-

675 3085 198 98 geles,
814 3085 99 98 &
853 3085 237 98 audiendo
1031 3085 198 98 tales.
1169 3085 178 98 Atque
1288 3085 178 98 patet
1406 3085 99 98 &
1446 3085 119 98 in
1505 3085 138 98 his
1584 3085 336 98 exuperationem
1860 3085 158 98 esse
1959 3085 198 98 medii,
2078 3085 59 98 &

668 3178 366 62 Euldefectionem.
976 3178 135 62 Qui
1053 3178 193 62 igitur
1188 3178 116 62 in
1246 3178 250 62 ridiculis
1438 3178 270 62 exuperant,
1650 3178 212 62 scurrae
1804 3178 231 62 videntur
1978 3178 154 62 esse
2055 3178 77 62 ac

465 3229 260 76 importuni,
670 3229 279 76 affectantes
893 3229 186 76 omnino
1023 3229 260 76 ridiculum,
1227 3229 93 76 &
1265 3229 167 76 magis
1376 3229 297 76 coniectantes
1618 3229 186 76 facere
1748 3229 186 76 risum,
1878 3229 149 76 quam
1952 3229 186 76 honestae
