2360 3603
178 232 154 99 melia
280 232 120 99 est
349 232 205 99 peccatum
503 232 273 99 vsquequaque,
725 232 171 99 quando
844 232 137 99 homo
930 232 239 99 dicacitate
1118 232 120 99 vel
1186 232 154 99 aliis
1289 232 171 99 signis
1409 232 188 99 proximi
1545 232 188 99 honorem
1682 232 188 99 tollit.
1802 232 68 99 Si

177 318 196 57 honorem
320 318 125 57 aut
391 318 160 57 famam
498 318 214 57 attenuet
658 318 125 57 iam
730 318 196 57 honorem
872 318 249 57 subtrahit,
1068 318 160 57 licet
1175 318 125 57 non
1246 318 178 57 tollat
1371 318 196 57 honorem
1514 318 214 57 proximi:
1674 318 89 57 &
1692 318 178 57 interdum

186 370 114 59 est
251 370 196 59 mortale.
398 370 212 59 Matthaei.
561 370 98 59 x.
610 370 114 59 Qui
675 370 179 59 dixerit
806 370 163 59 fratri
920 370 114 59 suo
985 370 163 59 racha,
1099 370 131 59 reus
1181 370 131 59 erit
1262 370 196 59 gehennae
1409 370 147 59 ignis
1507 370 82 59 ⁋
1540 370 98 59 Ad
1589 370 196 59 secundam
1719 370 147 59 dubita¬-

183 414 156 56 tionis
293 414 156 56 partem
402 414 250 56 respondetur,
605 414 125 56 quod
683 414 219 56 nonnumquam
855 414 219 56 contumelia
1027 414 94 56 ob
1074 414 250 56 conuiciantem
1277 414 219 56 reprimenda
1449 414 125 56 est,
1527 414 94 56 vt
1574 414 78 56 a
1605 414 109 56 sua
1652 414 219 56 linguacitate

195 452 203 74 arceatur,
352 452 94 74 ne
398 452 141 74 talia
492 452 219 74 imposterum
664 452 203 74 attentet,
820 452 141 74 iuxta
914 452 141 74 illud
1007 452 265 74 prouerbiorum.
1226 452 109 74 as.
1289 452 187 74 Responde
1429 452 156 74 stulto
1538 452 141 74 iuxta
1632 452 219 74 stultitiam
1788 452 94 74 suam

187 499 97 67 ne
235 499 130 67 sibi
317 499 179 67 sapiens
447 499 211 67 videatur.
609 499 195 67 Secundo,
755 499 179 67 arcendi
885 499 130 67 sunt
966 499 97 67 ob
1015 499 146 67 bonum
1113 499 162 67 illius
1226 499 114 67 qui
1291 499 227 67 irridetur,
1470 499 114 67 cui
1535 499 146 67 honor
1632 499 114 67 aut
1697 499 130 67 fama
1762 499 114 67 irri¬-

187 546 150 62 sione
287 546 249 62 detrahitur,
487 546 100 62 ne
536 546 133 62 eius
620 546 216 62 frugifera
786 546 199 62 doctrina
935 546 150 62 alias
1035 546 216 62 praestita
1201 546 249 62 diminuatur,
1401 546 183 62 alioqui
1534 546 233 62 patientiam
1716 546 166 62 indues
1816 546 50 62 &

189 593 121 68 non
258 593 173 68 facies
379 593 156 68 alium
483 593 260 68 deteriorem.
691 593 139 68 Vnde
778 593 173 68 Eccli.
899 593 104 68 &.
951 593 104 68 Ne
1003 593 191 68 litiges
1141 593 121 68 cum
1211 593 173 68 homine
1332 593 208 68 linguato
1488 593 87 68 &
1523 593 121 68 non
1592 593 173 68 struas
1713 593 104 68 in
1748 593 121 68 ignem

197 642 165 75 illius
313 642 165 75 ligna.
429 642 149 75 luxta
528 642 149 75 illud
627 642 248 75 Psalmistae.
825 642 116 75 Qui
891 642 248 75 inquirebant
1090 642 132 75 mala
1172 642 132 75 mihi
1255 642 182 75 loquuti
1387 642 132 75 sunt
1470 642 231 75 vanitates.
1651 642 83 75 &
1684 642 149 75 paulo
1767 642 99 75 post

191 684 229 73 sequitur.
368 684 123 73 Ego
438 684 159 73 autem
544 684 194 73 tanquam
685 684 176 73 surdus
809 684 123 73 non
879 684 229 73 audiebam,
1056 684 88 73 &
1091 684 159 73 sicut
1197 684 159 73 mutus
1303 684 123 73 non
1373 684 212 73 aperiens
1532 684 106 73 os
1585 684 159 73 suum.
1673 684 194 73 Praeterea

186 741 171 58 aduerte
311 741 125 58 quod
389 741 93 58 hi
436 741 171 58 scurrae
560 741 93 58 si
607 741 140 58 malum
700 741 125 58 illi
778 741 109 58 cui
840 741 234 58 contumeliam
1027 741 202 58 inferunt,
1183 741 202 58 intendant
1339 741 125 58 plus
1416 741 171 58 peccant
1541 741 78 58 &
1572 741 171 58 grauius
1697 741 125 58 quam
1759 741 109 58 furto

196 783 245 61 delinquant:
392 783 114 61 cum
457 783 180 61 honorem
587 783 82 61 &
620 783 147 61 famam
718 783 131 61 quae
800 783 163 61 opibus
914 783 229 61 praestant,
1093 783 180 61 quantum
1224 783 114 61 est
1289 783 98 61 in
1338 783 147 61 ipsis
1436 783 245 61 subtrahant:
1632 783 82 61 &
1665 783 147 61 licet
1763 783 98 61 id
1795 783 82 61 non

189 832 239 64 intendant,
377 832 188 64 possunt
514 832 171 64 tamenn
633 832 205 64 grauiter
787 832 256 64 delinquere,
992 832 103 64 vt
1044 832 239 64 percutiens
1232 832 85 64 &
1266 832 239 64 interimens
1454 832 205 64 perimere
1608 832 120 64 non
1659 832 205 64 proponens.

195 879 81 61 ⁋
227 879 97 61 Ad
276 879 178 61 quartum
405 879 259 61 respondetur,
615 879 129 61 quod
696 879 194 61 interdum
842 879 97 61 in
890 879 194 61 hasticis
1036 879 146 61 ludis
1133 879 307 61 seutorneamentis
1391 879 259 61 probabiliter
1601 879 210 61 periculum
1747 879 113 61 vitae

190 937 234 46 incurritur,
377 937 78 46 &
408 937 93 46 ad
455 937 140 46 illud
549 937 187 46 vitandum
689 937 125 46 lata
767 937 109 46 est
829 937 93 46 C.
876 937 93 46 de
922 937 280 46 gladiatoribus.
1156 937 78 46 I
1187 937 156 46 vnica,
1296 937 187 46 interdum
1436 937 171 46 obtusis
1561 937 187 46 hastarum
1686 937 171 46 capitibus

195 976 112 56 res
259 976 175 56 geritur
386 976 143 56 quasi
482 976 128 56 sine
562 976 207 56 periculo,
721 976 96 56 vt
769 976 96 56 in
817 976 128 56 tota
897 976 128 56 vita
976 976 175 56 hominis
1104 976 112 56 vix
1168 976 128 56 vnus
1247 976 175 56 talibus
1375 976 159 56 hastis
1486 976 112 56 seu
1550 976 175 56 lanceis
1662 976 207 56 trucidetur:

193 1018 77 63 &
223 1018 123 63 tale
300 1018 138 63 genus
392 1018 169 63 hastici
515 1018 123 63 ludi
591 1018 153 63 potest
699 1018 138 63 fieri
791 1018 92 63 in
837 1018 169 63 gratiam
959 1018 199 63 principis
1112 1018 123 63 post
1189 1018 184 63 vesperas
1327 1018 138 63 citra
1419 1018 153 63 culpam
1526 1018 107 63 aut
1588 1018 230 63 violationem
1756 1018 123 63 festi.

192 1065 76 66 ⁋
222 1065 91 66 Ad
268 1065 168 66 quintam
390 1065 244 66 dubitationem
588 1065 244 66 respondetur,
786 1065 122 66 quod
862 1065 259 66 considerandae
1075 1065 122 66 sunt
1151 1065 274 66 circumstantiae
1380 1065 152 66 tertio
1486 1065 137 66 libro
1578 1065 213 66 recitatae:
1730 1065 137 66 quisnam

190 1115 108 66 est
251 1115 123 66 ille
328 1115 108 66 qui
389 1115 154 66 ludit:
497 1115 169 66 puellus
620 1115 123 66 enim
696 1115 138 66 ludit
789 1115 246 66 crepitaculis
988 1115 77 66 &
1019 1115 184 66 arundine
1157 1115 123 66 loco
1234 1115 123 66 equi
1311 1115 200 66 phalerati
1464 1115 184 66 equitat:
1603 1115 138 66 talis
1695 1115 138 66 autem
1771 1115 108 66 ludus

187 1160 162 67 grauem
300 1160 146 67 annis
397 1160 194 67 dedecet.
543 1160 129 67 Pari
624 1160 146 67 modo,
721 1160 178 67 lituus,
850 1160 146 67 tuba,
947 1160 146 67 cornu
1045 1160 81 67 &
1077 1160 146 67 tibia
1174 1160 210 67 militibus
1336 1160 97 67 in
1384 1160 210 67 conflictu
1546 1160 178 67 bellico
1660 1160 210 67 conveniunt:

199 1208 257 60 sacerdotibus
408 1208 80 60 &
440 1208 145 60 viris
537 1208 225 60 religionem
713 1208 209 60 professis
874 1208 113 60 non
938 1208 241 60 conueniunt.
1131 1208 145 60 Facit
1228 1208 145 60 etiam
1324 1208 209 60 discrimen
1485 1208 273 60 circumstantia
1694 1208 177 60 temporis.

198 1251 119 61 Nam
266 1251 102 61 ea
317 1251 238 61 tempestate
504 1251 119 61 qua
572 1251 187 61 diuinis
707 1251 119 61 est
775 1251 238 61 operandum,
962 1251 119 61 non
1030 1251 153 61 licet
1132 1251 221 61 indulgere
1302 1251 221 61 ludicris.
1471 1251 119 61 Sic
1539 1251 85 61 &
1573 1251 153 61 loci.
1675 1251 119 61 Nam
1726 1251 153 61 templum

189 1302 169 58 diuino
307 1302 169 58 cultui
426 1302 237 58 dedicatum,
612 1302 203 58 indecens
764 1302 118 58 est
832 1302 271 58 receptaculum
1051 1302 169 58 populi
1170 1302 101 58 ad
1221 1302 152 58 ludum
1322 1302 237 58 theatralem
1508 1302 254 58 spectandum.
1694 1302 186 58 Propterea

197 1348 152 57 inter
298 1348 202 57 ludendum
450 1348 236 57 maximopere
635 1348 118 57 est
703 1348 202 57 curandum
854 1348 101 57 vt
905 1348 202 57 libidini
1056 1348 219 57 fenestrae
1225 1348 118 57 non
1292 1348 253 57 aperiantur,
1494 1348 84 57 &
1528 1348 101 57 vt
1579 1348 185 57 nullius
1714 1348 152 57 famae
1798 1348 84 57 de¬-

207 1389 216 60 trahatur:
373 1389 100 60 se
423 1389 133 60 enim
506 1389 116 60 aut
573 1389 149 60 alios
672 1389 216 60 probrosis
839 1389 216 60 dicteriis
1005 1389 249 60 proscindere
1204 1389 216 60 scurrarum
1370 1389 116 60 est
1437 1389 116 60 mos
1503 1389 83 60 a
1536 1389 166 60 probis
1636 1389 249 60 compescendus.

194 1446 103 52 Et
245 1446 103 52 vt
297 1446 206 52 summatim
451 1446 171 52 dicam,
571 1446 206 52 ludentes
725 1446 120 52 aut
794 1446 188 52 facetas
931 1446 188 52 fabulas
1068 1446 188 52 agentes
1205 1446 188 52 placere
1342 1446 171 52 populo
1462 1446 206 52 studeant
1616 1446 154 52 citra
1702 1446 171 52 alicuius

200 1484 191 58 osensam:
343 1484 80 58 &
375 1484 143 58 ludos
471 1484 111 58 seu
534 1484 191 58 facetias
678 1484 127 58 suas
757 1484 143 58 prius
853 1484 127 58 quam
932 1484 111 58 eas
996 1484 143 58 agunt
1091 1484 271 58 circumspectis
1314 1484 80 58 &
1346 1484 239 58 prudentibus
1537 1484 143 58 viris
1632 1484 223 58 ostendant:
1807 1484 80 58 &
1823 1484 64 58 ab

195 1535 156 55 illis
298 1535 225 55 repudiata
471 1535 121 55 aut
540 1535 225 55 improbata
713 1535 242 55 deleantur,
904 1535 190 55 admissa
1042 1535 190 55 modeste
1180 1535 190 55 agantur
1318 1535 86 55 &
1353 1535 277 55 publicentur.
1578 1535 259 55 Epilogantes
1768 1535 121 55 dici¬-

198 1585 117 58 mus
265 1585 150 58 ludos
365 1585 133 58 esse
449 1585 200 58 honestos
599 1585 117 58 his
665 1585 117 58 qui
732 1585 100 58 in
782 1585 167 58 seriis
899 1585 150 58 rebus
999 1585 234 58 versantur,
1182 1585 117 58 non
1249 1585 150 58 autem
1349 1585 167 58 aliis:
1466 1585 250 58 admittuntur
1666 1585 150 58 tamen
1766 1585 100 58 ne
1800 1585 83 58 de¬-

200 1632 198 56 teriora
344 1632 269 56 contingant.
559 1632 144 56 Sunt
649 1632 215 56 nonnulli
811 1632 215 56 nobilium
972 1632 126 56 qui
1044 1632 162 56 totos
1152 1632 144 56 dies
1242 1632 108 56 in
1295 1632 198 56 aucupio
1439 1632 126 56 aut
1511 1632 233 56 venatione
1673 1632 215 56 consumunt.

196 1674 121 67 nec
265 1674 104 67 id
317 1674 259 67 insimulamus
524 1674 138 67 modo
611 1674 138 67 illa
697 1674 104 67 ad
749 1674 138 67 quae
835 1674 190 67 alioqui
974 1674 277 67 astringuntur
1198 1674 121 67 non
1268 1674 225 67 omittant:
1440 1674 190 67 alioqui
1579 1674 242 67 remittendo
1752 1674 138 67 animos

201 1717 258 60 delinquunt,
407 1717 103 60 vt
459 1717 155 60 fecit
562 1717 241 60 Domitianus
751 1717 224 60 imperator
923 1717 120 60 qui
992 1717 155 60 stilo
1095 1717 172 60 ferreo
1215 1717 172 60 muscas
1336 1717 206 60 quotidie
1490 1717 103 60 in
1542 1717 206 60 cubiculo
1697 1717 155 60 certo
1783 1717 103 60 tem¬-

196 1763 144 70 pore
286 1763 108 70 ab
340 1763 162 70 aliis
448 1763 216 70 secretus
611 1763 216 70 occidit.
773 1763 144 70 Vnde
863 1763 90 70 &
899 1763 216 70 scommate
1062 1763 289 70 cubicularius
1296 1763 126 70 eum
1368 1763 216 70 taxauit:
1530 1763 126 70 Dum
1602 1763 144 70 enim
1693 1763 180 70 quidam
1801 1763 90 70 in¬-

206 1815 257 64 terrogaret,
411 1815 154 64 esset
514 1815 103 64 ne
566 1815 206 64 quispiam
720 1815 154 64 intus
823 1815 120 64 cum
891 1815 240 64 Domitiano,
1080 1815 223 64 respondit
1251 1815 291 64 cubicularius,
1491 1815 103 64 ne
1542 1815 154 64 musca
1645 1815 188 64 quidem:
1765 1815 120 64 insi¬-

206 1858 155 71 nuans
309 1858 207 71 inertem,
465 1858 121 71 aut
534 1858 207 71 crudelem
689 1858 225 71 oblectari
862 1858 276 71 transfixione
1087 1858 225 71 muscarum.
1259 1858 86 71 &
1294 1858 190 71 hominem
1432 1858 173 71 tempus
1553 1858 173 71 terere
1674 1858 207 71 incassum
1812 1858 69 71 in

206 1909 223 61 capiendis
377 1909 189 61 muscis.
515 1909 189 61 Dedecet
652 1909 206 61 ingenuos
806 1909 189 61 scurras
943 1909 223 61 admittere
1115 1909 120 61 qui
1184 1909 154 61 nihil
1287 1909 172 61 norunt
1407 1909 137 61 nisi
1492 1909 206 61 excitare
1647 1909 223 61 cachinnos
1818 1909 103 61 in

197 1959 222 55 aliquorum
368 1959 308 55 displicentiam.
625 1959 188 55 Placidi
762 1959 86 55 &
796 1959 274 55 assentatores
1018 1959 274 55 reiiciantur.
1241 1959 240 55 Grauitatem
1429 1959 188 55 Catonis
1566 1959 188 55 posteri
1686 1959 205 55 extollunt.

195 2003 115 75 Nam
260 2003 98 75 in
309 2003 262 75 theatralibus
522 2003 148 75 ludis
621 2003 180 75 lasciua
752 2003 98 75 eo
801 2003 213 75 praesente
965 2003 197 75 recitare
1113 2003 246 75 haudquaquam
1309 2003 213 75 audebant:
1473 2003 131 75 eius
1555 2003 131 75 enim
1637 2003 197 75 grauitas
1768 2003 115 75 atque

202 2055 195 76 tetricus
348 2055 163 76 gestus
462 2055 228 76 indecentes
641 2055 195 76 ludiones
771 2055 211 76 terrefecit.

614 2122 251 115 Tract.
790 2122 151 115 V.
865 2122 201 115 Cap,
990 2122 276 115 vnicum.
1191 2122 125 115 &
1241 2122 201 115 Lib.
1367 2122 226 115 IIII.
1517 2122 201 115 Cap.
1618 2122 125 115 IX.

494 2236 119 76 FE
554 2236 278 76 verecundia
772 2236 178 76 autem
891 2236 119 76 vt
950 2236 119 76 de
1010 2236 198 76 aliqua
1148 2236 218 76 virtute
1307 2236 198 76 dicere
1446 2236 139 76 non
1525 2236 238 76 oportet.
1704 2236 139 76 Est
1763 2236 119 76 enim

531 2310 217 87 laffectui
698 2310 150 87 magis
799 2310 134 87 quam
882 2310 184 87 habitui
1016 2310 200 87 similis.
1166 2310 167 87 ltaque
1283 2310 234 87 diffinitur
1467 2310 184 87 timore,
1600 2310 200 87 timorque
1734 2310 150 87 dicitur

539 2360 256 80 ldedecoris
740 2360 201 80 quidam,
886 2360 91 80 &
922 2360 128 80 fit
996 2360 201 80 perinde
1142 2360 164 80 atque
1251 2360 164 80 circa
1361 2360 128 80 res
1434 2360 292 80 formidolosas
1672 2360 164 80 timor
1763 2360 128 80 fieri

532 2424 204 72 lsclet:
681 2424 130 72 nam
755 2424 130 72 qui
830 2424 316 72 verecundantur
1090 2424 279 72 erubescunt,
1313 2424 130 72 qui
1387 2424 186 72 timent
1517 2424 204 72 mortem,
1647 2424 242 72 pallescunt.

479 2477 244 56 Vtrumque
661 2477 203 56 igitur
803 2477 122 56 ad
864 2477 203 56 corpus
1006 2477 284 56 quodammodo
1230 2477 325 56 accommodatum
1493 2477 162 56 esse
1595 2477 244 56 videtur,
1757 2477 122 56 quod

442 2515 196 101 Aquidem
585 2515 161 101 magis
692 2515 107 101 ad
746 2515 214 101 affectum
906 2515 214 101 videtur,
1067 2515 143 101 quam
1156 2515 107 101 ad
1210 2515 196 101 habitum
1353 2515 250 101 pertinere.
1549 2515 125 101 Non
1620 2515 161 101 autem
1727 2515 107 101 ad
1763 2515 125 101 quan¬-

205 2586 128 75 uis
278 2586 201 75 aetatem
424 2586 128 75 hic
497 2586 237 75 affectus,
679 2586 128 75 sed
752 2586 110 75 ad
807 2586 237 75 iuuenilem
990 2586 310 75 accommodatur.
1245 2586 219 75 Censemus
1409 2586 146 75 enim
1501 2586 146 75 eos,
1592 2586 128 75 qui
1665 2586 164 75 huius
1756 2586 128 75 aeta¬-

203 2641 118 82 tis
271 2641 152 82 sunt,
372 2641 237 82 verecundos
558 2641 135 82 esse
642 2641 220 82 oportere,
811 2641 101 82 vt
862 2641 118 82 cum
930 2641 118 82 non
997 2641 135 82 sine
1082 2641 287 82 perturbatione
1318 2641 186 82 viuant,
1454 2641 220 82 multumque
1623 2641 101 82 ob
1673 2641 118 82 hoc
1724 2641 152 82 peccent

199 2692 92 77 a
235 2692 256 77 verecundia
437 2692 293 77 prohibeantur
675 2692 275 77 delinquere.
895 2692 165 77 Atque
1005 2692 220 77 laudamus
1170 2692 183 77 quidem
1298 2692 202 77 iuuenum
1444 2692 128 77 eos
1518 2692 128 77 qui
1591 2692 147 77 sunt
1664 2692 220 77 verecundi:

197 2761 128 77 sed
270 2761 146 77 nemo
361 2761 110 77 ex
416 2761 110 77 eo
471 2761 219 77 seniorem
636 2761 201 77 hominem
782 2761 238 77 laudabit,
965 2761 146 77 quia
1056 2761 128 77 est
1129 2761 274 77 verecundus.
1349 2761 165 77 Nihil
1458 2761 146 77 enim
1550 2761 165 77 eorum
1660 2761 165 77 ipsum
1751 2761 128 77 opor¬-

202 2811 150 75 tere
296 2811 226 75 censemus
465 2811 188 75 agere,
597 2811 132 75 pro
672 2811 188 75 quibus
804 2811 226 75 emergere
973 2811 263 75 verecundia
1180 2811 188 75 solet.
1311 2811 169 75 Neque
1424 2811 150 75 enim
1518 2811 188 75 homini
1649 2811 169 75 probo
1743 2811 132 75 vere¬-

206 2858 165 83 cundia
322 2858 215 83 competit:
487 2858 165 83 quippe
603 2858 116 83 cum
669 2858 116 83 pro
735 2858 149 83 rebus
834 2858 198 83 improbis
983 2858 149 83 fiat.
1082 2858 116 83 Non
1148 2858 132 83 enim
1231 2858 132 83 sunt
1314 2858 116 83 res
1380 2858 149 83 tales
1479 2858 198 83 agendae:
1628 2858 132 83 quod
1710 2858 99 83 si
1743 2858 149 83 quaedam

201 2923 185 77 reuera,
336 2923 185 77 quaedam
471 2923 236 77 operatione
656 2923 135 77 sunt
741 2923 185 77 turpes.
875 2923 101 77 Si
926 2923 152 77 nihil
1027 2923 185 77 refert,
1162 2923 185 77 neutrae
1297 2923 169 77 namque
1415 2923 135 77 sunt
1499 2923 202 77 agendae:
1651 2923 152 77 quare
1752 2923 118 77 non
1803 2923 84 77 est

203 2978 302 68 verecundandum.
455 2978 118 68 Sed
522 2978 185 68 improbi
656 2978 118 68 est
724 2978 84 68 &
757 2978 151 68 talem
858 2978 151 68 esse,
959 2978 101 68 vt
1009 2978 185 68 aliquid
1143 2978 151 68 turpe
1244 2978 151 68 agat:
1345 2978 168 68 probum
1462 2978 151 68 autem
1563 2978 134 68 ideo
1647 2978 201 68 quempiam
1781 2978 101 68 esse

199 3025 196 95 putare,
341 3025 142 95 quia
430 3025 124 95 ita
501 3025 107 95 se
555 3025 178 95 habet,
679 3025 107 95 vt
733 3025 107 95 si
786 3025 160 95 turpe
893 3025 142 95 quid
981 3025 178 95 egerit
1106 3025 302 95 verecundetur:
1355 3025 213 95 absurdum
1515 3025 124 95 est
1586 3025 160 95 sane.
1675 3025 213 95 Verecundia

213 3091 164 71 namque
327 3091 115 71 fit
393 3091 115 71 pro
459 3091 115 71 iis
524 3091 131 71 quae
606 3091 115 71 sua
672 3091 164 71 sponte
786 3091 197 71 quispiam
934 3091 164 71 facit:
1049 3091 115 71 sed
1114 3091 180 71 numquam
1246 3091 115 71 sua
1311 3091 164 71 sponte
1426 3091 115 71 vir
1491 3091 148 71 bonus
1590 3091 115 71 res
1655 3091 131 71 aget
1721 3091 164 71 turpens.

198 3139 193 83 Euerit
333 3139 174 83 autem
449 3139 271 83 verecundia
661 3139 193 83 probum
797 3139 116 83 ex
855 3139 328 83 suppositione:
1125 3139 135 83 nam
1202 3139 116 83 si
1260 3139 193 83 egerit
1396 3139 367 83 verecundabitur.
1705 3139 135 83 Hoc
1763 3139 135 83 autem

208 3197 115 93 in
265 3197 172 93 ipsis
380 3197 267 93 virtutibus
590 3197 134 93 non
666 3197 153 93 est.
762 3197 134 93 Qua
838 3197 115 93 si
896 3197 287 93 impudentia,
1125 3197 96 93 &
1163 3197 229 93 quempiam
1335 3197 134 93 non
1411 3197 134 93 res
1488 3197 191 93 pudere
1621 3197 191 93 turpes
1736 3197 172 93 agentem
