2365 3609
197 270 127 90 male
276 270 111 90 vti
340 270 127 90 ideo
419 270 159 90 semper
530 270 79 90 &
562 270 175 90 omnibus
689 270 127 90 sunt
768 270 159 90 bonae.
880 270 175 90 Homines
1006 270 143 90 autem
1102 270 127 90 illa
1181 270 127 90 sibi
1260 270 159 90 optant
1371 270 190 90 scilicet
1514 270 127 90 bona
1594 270 190 90 fortunae
1736 270 143 90 atque
1816 270 95 90 per¬-

187 353 221 53 sequuntur,
361 353 95 53 at
409 353 111 53 non
472 353 190 53 oportet:
614 353 111 53 sed
677 353 174 53 oportet
804 353 158 53 optare
915 353 95 53 ea
962 353 127 53 quae
1041 353 127 53 sunt
1120 353 237 53 simpliciter
1310 353 142 53 bona,
1405 353 79 53 &
1437 353 142 53 etiam
1531 353 127 53 quae
1611 353 127 53 sibi
1690 353 127 53 sunt
1769 353 142 53 bona.
1848 353 63 53 Ac

195 394 95 59 si
243 394 159 59 dicere
354 394 159 59 vellet
465 394 79 59 a
496 394 111 59 deo
560 394 174 59 debemus
687 394 222 59 categorice
861 394 79 59 &
893 394 127 59 sine
972 394 222 59 conditione
1146 394 159 59 petere
1257 394 95 59 ea
1305 394 127 59 quae
1384 394 127 59 sunt
1463 394 238 59 simpliciter
1653 394 127 59 bona
1733 394 79 59 &
1764 394 127 59 bona
1828 394 79 59 no¬-

202 450 113 51 bis
267 450 113 51 hoc
331 450 113 51 est
396 450 211 51 virtutes:
558 450 113 51 non
623 450 146 51 autem
720 450 130 51 alia
801 450 130 51 nisi
882 450 308 51 conditionaliter
1142 450 130 51 puta
1223 450 97 51 si
1271 450 146 51 nobis
1368 450 130 51 sunt
1449 450 146 51 bona.
1547 450 97 51 Et
1595 450 146 51 eodem
1692 450 130 51 modo
1773 450 97 51 de
1806 450 97 51 cor¬-

200 498 147 51 poris
298 498 262 51 incolumitate
511 498 115 51 aut
576 498 197 51 fratris.
724 498 131 51 Alia
806 498 229 51 conclusio.
986 498 197 51 Iniustus
1133 498 115 51 non
1199 498 164 51 semper
1313 498 131 51 plus
1395 498 115 51 sed
1461 498 197 51 interdum
1608 498 147 51 minus
1706 498 197 51 expetit,
1837 498 66 51 vt

192 532 94 62 in
239 532 235 62 simpliciter
427 532 157 62 malis,
537 532 94 62 in
584 532 188 62 expensis
725 532 78 62 &
756 532 204 62 laboribus
913 532 141 62 minus
1007 532 188 62 appetit.
1148 532 110 62 Est
1211 532 204 62 dubitatio
1367 532 188 62 incidens
1508 532 125 62 quod
1587 532 188 62 iniustus
1728 532 110 62 non
1775 532 125 62 semper

203 581 160 72 petit
310 581 160 72 plus:
417 581 232 72 Respondet
595 581 267 72 philosophus
809 581 160 72 minus
916 581 107 72 de
969 581 142 72 malo
1058 581 249 72 comparatum
1254 581 178 72 maiori
1379 581 142 72 malo
1468 581 196 72 videtur
1610 581 178 72 bonum:
1735 581 125 72 sic
1788 581 125 72 dici¬-

201 637 114 58 mus
266 637 163 58 melius
380 637 114 58 est
446 637 180 58 perdere
576 637 180 58 digitum
707 637 131 58 quam
789 637 212 58 brachium:
952 637 82 58 &
985 637 163 58 quanto
1099 637 147 58 minus
1197 637 98 58 de
1246 637 131 58 malo
1328 637 196 58 appetit,
1475 637 147 58 tanto
1573 637 131 58 plus
1655 637 180 58 appetit
1786 637 98 58 de
1818 637 82 58 bo¬-

192 680 105 58 no:
252 680 75 58 &
282 680 105 58 sic
341 680 105 58 est
401 680 179 58 iniustus
536 680 120 58 quia
610 680 149 58 semper
715 680 149 58 pluris
819 680 164 58 auidus.
939 680 194 58 Dubitatur
1088 680 134 58 circa
1178 680 134 58 dicta
1268 680 149 58 primo.
1372 680 179 58 Iniustum
1507 680 164 58 dicitur
1626 680 239 58 tripliciter,
1820 680 75 58 &
1835 680 60 58 iu

203 727 134 55 stum
287 727 151 55 solum
388 727 252 55 dupliciter:
589 727 134 55 ergo
673 727 201 55 pluribus
824 727 151 55 modis
924 727 184 55 dicitur
1059 727 134 55 vnum
1142 727 252 55 oppositorum
1344 727 134 55 quam
1427 727 218 55 reliquum.
1595 727 184 55 Secundo
1729 727 117 55 quo
1796 727 134 55 modo

204 773 94 62 se
251 773 173 62 habeant
377 773 126 62 illa
456 773 142 62 tria,
550 773 189 62 illegale
692 773 157 62 auarum
802 773 79 62 &
833 773 189 62 iniquum.
975 773 94 62 Ad
1022 773 173 62 priorem
1148 773 267 62 haesitationem
1368 773 236 62 respondetur
1557 773 126 62 quod
1636 773 126 62 illa
1714 773 157 62 regula
1809 773 94 62 pri¬-

192 817 110 62 mi
247 817 238 62 topicorum
430 817 293 62 intelligitur
667 817 183 62 quando
795 817 146 62 vnum
887 817 274 62 oppositorum
1106 817 183 62 alteri
1234 817 201 62 extremo
1381 817 110 62 in
1436 817 146 62 omni
1527 817 256 62 acceptione
1710 817 183 62 aduersa¬-

194 866 133 66 tur.
278 866 183 66 Secundo
411 866 183 66 dicitur
544 866 133 66 quod
627 866 183 66 iustum,
760 866 117 66 cum
827 866 117 66 suo
894 866 216 66 contrario
1060 866 150 66 etiam
1160 866 200 66 bifariam
1310 866 200 66 dicitur.
1460 866 117 66 Vno
1526 866 133 66 modo
1609 866 166 66 iustus
1726 866 117 66 est
1776 866 133 66 animus

210 918 113 52 aut
274 918 129 52 homo
355 918 113 52 qui
419 918 177 52 legibus
548 918 161 52 paret.
661 918 177 52 Secundo
789 918 129 52 modo
870 918 113 52 qui
934 918 113 52 est
999 918 161 52 aequus
1111 918 113 52 tam
1176 918 97 52 in
1224 918 225 52 accipiendo
1401 918 129 52 quam
1482 918 97 52 in
1530 918 225 52 diuidendo.
1707 918 161 52 Itidem
1803 918 97 52 iniu

206 962 129 59 stus
287 962 194 59 bifariam
432 962 210 59 deducitur
593 962 194 59 scilicet
738 962 97 59 in
786 962 194 59 iniustum
932 962 210 59 illegalem
1093 962 97 59 ac
1141 962 97 59 in
1190 962 194 59 iniustum
1335 962 242 59 inaequalem.
1528 962 194 59 Iniustus
1673 962 210 59 illegalis
1818 962 81 59 est

206 1012 218 60 sanctionis
377 1012 186 60 spretor.
517 1012 202 60 Illegalis
673 1012 186 60 vlterius
812 1012 233 60 distrahitur
999 1012 93 60 in
1045 1012 171 60 habendo
1170 1012 124 60 plus
1247 1012 93 60 de
1294 1012 140 60 bonis
1387 1012 140 60 minus
1481 1012 93 60 de
1527 1012 155 60 malis.
1636 1012 155 60 lustus
1745 1012 109 60 est
1791 1012 109 60 aequi

210 1057 335 60 obseruantissimus,
497 1057 255 60 aequalitatem
704 1057 112 60 tam
768 1057 96 60 in
816 1057 143 60 bonis
912 1057 128 60 quam
991 1057 96 60 in
1039 1057 143 60 malis
1135 1057 191 60 quaerit.
1278 1057 175 60 Quoties
1406 1057 128 60 ergo
1485 1057 175 60 dicitur
1613 1057 128 60 vnum
1677 1057 223 60 oppositorum,

209 1105 163 58 toties
323 1105 196 58 reliquum
470 1105 196 58 dicitur:
616 1105 196 58 loquendo
763 1105 98 58 de
812 1105 245 58 oppositione
1007 1105 196 58 primaria
1154 1105 98 58 ac
1203 1105 228 58 immediata.
1382 1105 261 58 Subdiuisione
1594 1105 212 58 neglecta.
1757 1105 147 58 Etiam
1839 1105 65 58 di

206 1152 151 55 citur
307 1152 201 55 iniustum
457 1152 117 55 non
524 1152 234 55 trifatiam,
708 1152 117 55 sed
775 1152 151 55 solum
876 1152 201 55 bifariam
1027 1152 201 55 capitur.
1177 1152 151 55 Illud
1278 1152 134 55 quod
1361 1152 184 55 tertium
1495 1152 184 55 membrum
1629 1152 201 55 videtur,
1763 1152 134 55 secun¬-

204 1203 123 57 dum
275 1203 193 57 membrum
415 1203 228 57 speciatim
590 1203 158 57 solum
695 1203 228 57 enucleat.
871 1203 105 57 Ad
923 1203 210 57 secundam
1081 1203 281 57 dubitationem
1309 1203 263 57 respondetur
1519 1203 140 57 quod
1607 1203 158 57 omnis
1712 1203 175 57 auarus
1817 1203 88 57 est

202 1245 233 61 inaequalis
385 1245 83 61 &
419 1245 117 61 non
485 1245 183 61 contra.
618 1245 166 61 Auarus
735 1245 166 61 semper
851 1245 183 61 appetit
985 1245 133 61 plus
1068 1245 166 61 debito
1184 1245 100 61 in
1234 1245 166 61 bonis,
1351 1245 83 61 &
1384 1245 150 61 minus
1484 1245 100 61 in
1534 1245 166 61 malis,
1650 1245 166 61 vtpote
1750 1245 150 61 labori¬-

212 1293 118 60 bus
280 1293 85 60 &
314 1293 203 60 impensis
466 1293 135 60 quas
550 1293 135 60 mala
635 1293 203 60 reputat:
787 1293 118 60 sed
855 1293 152 60 iudex
956 1293 237 60 innocentem
1142 1293 237 60 condemnans
1328 1293 118 60 sui
1396 1293 135 60 odio
1480 1293 118 60 aut
1548 1293 203 60 alterius
1700 1293 169 60 partis
1802 1293 101 60 amo¬-

210 1344 107 71 re,
271 1344 107 71 non
332 1344 107 71 est
394 1344 169 71 auarus:
517 1344 107 71 est
578 1344 138 71 tamen
655 1344 153 71 iniquus.

252 1434 130 67 Cum
327 1434 167 67 autem
438 1434 167 67 legum
550 1434 297 67 transgressor
792 1434 130 67 sit
866 1434 242 67 iniustus,
1052 1434 130 67 qui
1126 1434 149 67 vero
1219 1434 223 67 legitime
1386 1434 167 67 facit
1498 1434 205 67 iustus:
1647 1434 205 67 constat
1777 1434 130 67 omnia

211 1486 226 91 legitima
380 1486 150 91 esse
475 1486 188 91 quodam
606 1486 150 91 modo
700 1486 188 91 iusta.
832 1486 113 91 Ea
888 1486 188 91 nanque
1020 1486 150 91 quae
1114 1486 94 91 a
1152 1486 245 91 facultate
1340 1486 263 91 ferendarum
1547 1486 169 91 legum
1659 1486 150 91 sunt
1754 1486 113 91 de
1791 1486 113 91 fini

204 1560 135 66 ta:
281 1560 231 66 legitima
454 1560 173 66 sunt.
569 1560 115 66 Et
627 1560 173 66 horum
742 1560 288 66 vnumquodque
973 1560 192 66 iustum
1107 1560 211 66 dicimus
1261 1560 173 66 esse.
1376 1560 173 66 Ipsae
1491 1560 173 66 autem
1607 1560 173 66 leges
1722 1560 115 66 de
1760 1560 135 66 omni¬-

204 1607 135 74 bus
281 1607 231 74 dictant,
454 1607 309 74 coniectantes
705 1607 135 74 aut
782 1607 231 74 communem
956 1607 193 74 omnium
1091 1607 289 74 vtilitatem,
1322 1607 135 74 aut
1399 1607 270 74 optimorum,
1611 1607 135 74 aut
1669 1607 251 74 principumn,

216 1677 130 55 vel
291 1677 222 55 virtute,
457 1677 130 55 vel
532 1677 185 55 aliquo
661 1677 148 55 alio
754 1677 148 55 tali
847 1677 167 55 modo.
958 1677 167 55 Quare
1069 1677 130 55 vno
1143 1677 148 55 modo
1236 1677 204 55 dicimus
1384 1677 167 55 iusta
1495 1677 111 55 ea
1551 1677 148 55 quae
1625 1677 278 55 foelicitatem.

215 1718 194 78 eiusque
356 1718 176 78 partes
479 1718 229 78 societati
655 1718 176 78 ciuili
779 1718 229 78 efficiunt
955 1718 88 78 &
990 1718 264 78 conseruant.
1201 1718 229 78 Praecipit
1377 1718 158 78 autem
1483 1718 123 78 lex
1553 1718 88 78 &
1588 1718 106 78 ea
1641 1718 176 78 agere,
1764 1718 141 78 quae
1835 1718 70 78 ad

210 1776 172 72 virum
325 1776 248 72 pertinent
516 1776 210 72 fortem:
668 1776 115 72 vt
726 1776 134 72 non
802 1776 229 72 deserere
974 1776 172 72 locum
1089 1776 115 72 in
1146 1776 172 72 acie,
1261 1776 134 72 non
1337 1776 210 72 fugere,
1490 1776 134 72 non
1566 1776 229 72 abiicere
1738 1776 172 72 arma.
1834 1776 76 72 Et

212 1842 154 65 item
308 1842 116 65 ea
366 1842 154 65 quae
463 1842 154 65 sunt
559 1842 309 65 temperantis:
810 1842 116 65 vt
868 1842 135 65 non
945 1842 270 65 committere
1157 1842 289 65 adulterium,
1389 1842 135 65 non
1466 1842 232 65 libidine
1640 1842 154 65 vti.
1736 1842 116 65 Et
1775 1842 135 65 etiam

215 1887 108 69 ea
269 1887 144 69 quae
359 1887 144 69 sunt
449 1887 234 69 mansueti:
629 1887 108 69 vt
683 1887 126 69 non
755 1887 216 69 pulsare:
917 1887 126 69 non
989 1887 216 69 conuicia
1152 1887 198 69 dicere.
1296 1887 108 69 Et
1350 1887 108 69 in
1404 1887 216 69 caeteris
1566 1887 234 69 identidem
1728 1887 180 69 virtuti¬-

222 1952 121 62 bus
291 1952 156 62 atque
395 1952 191 62 vitiis:
534 1952 139 62 alia
620 1952 173 62 iubens
742 1952 139 62 alia
828 1952 191 62 vetans:
967 1952 156 62 recte
1071 1952 173 62 quidem
1192 1952 104 62 ea
1244 1952 139 62 quae
1331 1952 156 62 recte
1435 1952 173 62 posita
1556 1952 139 62 est.
1643 1952 208 62 deterius
1782 1952 121 62 autem

208 2012 105 51 ea
261 2012 140 51 quae
349 2012 246 51 inconsulte
542 2012 123 51 est
612 2012 211 51 exarata.
770 2012 140 51 Haec
858 2012 176 51 igitur
981 2012 211 51 iustitia
1139 2012 211 51 perfecta
1297 2012 176 51 quidem
1420 2012 123 51 est
1490 2012 193 51 virtus:
1631 2012 105 51 at
1683 2012 123 51 non
1736 2012 158 51 absolu¬-

209 2055 126 87 te,
281 2055 126 87 sed
353 2055 108 87 ad
406 2055 179 87 alium:
532 2055 161 87 Atque
640 2055 108 87 ob
693 2055 197 87 idipsum
837 2055 215 87 iustitia
998 2055 323 87 praeclarissima
1267 2055 215 87 persaepe
1429 2055 215 87 virtutum
1590 2055 143 87 esse
1680 2055 215 87 videtur.
1823 2055 72 87 Et

211 2109 160 87 neque
318 2109 125 87 est
389 2109 214 87 hesperus
550 2109 143 87 ita,
639 2109 160 87 neque
746 2109 196 87 lucifer
889 2109 285 87 admirabilis.
1121 2109 107 87 Et
1174 2109 232 87 prouerbio
1352 2109 178 87 dicere
1459 2109 250 87 consueuimus.

210 2175 223 67 lustitia
378 2175 112 67 in
433 2175 149 67 sese
526 2175 223 67 virtutes
694 2175 223 67 continet
842 2175 149 67 omnes.

263 2193 156 95 Atque
366 2193 208 95 perfecta
522 2193 173 95 maxime
643 2193 173 95 virtus
764 2193 138 95 est:
851 2193 138 95 quia
937 2193 225 95 perfectae
1110 2193 208 95 virtutis
1266 2193 121 95 est
1335 2193 156 95 vsus:
1439 2193 156 95 idque
1543 2193 104 95 ex
1595 2193 104 95 eo
1647 2193 138 95 quia
1733 2193 121 95 non
1802 2193 104 95 ad
1837 2193 69 95 se

220 2280 181 69 solum,
347 2280 127 69 sed
419 2280 109 69 ad
473 2280 163 69 alium
582 2280 163 69 etiam
690 2280 109 69 is
744 2280 127 69 qui
817 2280 163 69 ipsam
925 2280 181 69 habet,
1052 2280 127 69 vti
1124 2280 199 69 virtute
1269 2280 199 69 potest.
1414 2280 235 69 Complures
1595 2280 145 69 enim
1685 2280 109 69 in
1721 2280 181 69 propriis

215 2339 185 65 quidem
345 2339 130 65 vti
419 2339 222 65 possunt:
586 2339 130 65 sed
660 2339 111 65 in
715 2339 130 65 iis
789 2339 148 65 quae
882 2339 148 65 sunt
974 2339 111 65 ad
1030 2339 167 65 alium
1141 2339 241 65 nequeunt.
1326 2339 111 65 Et
1382 2339 241 65 propterea
1567 2339 241 65 sententia
1733 2339 167 65 Biantis

214 2391 146 76 illa
305 2391 146 76 bene
396 2391 146 76 sese
487 2391 182 76 habere
615 2391 219 76 videtur:
779 2391 274 76 magistratus
998 2391 164 76 virum
1108 2391 237 76 ostendit.
1290 2391 109 76 Ad
1345 2391 164 76 alium
1454 2391 146 76 enim
1545 2391 146 76 est:
1637 2391 91 76 &
1673 2391 109 76 in
1710 2391 182 76 societa¬-

220 2448 114 79 te
277 2448 134 79 iam
353 2448 153 79 ipse
449 2448 286 79 magistratus
678 2448 267 79 consistit.
888 2448 114 79 Ob
945 2448 114 79 id
1002 2448 172 79 autem
1117 2448 172 79 ipsum
1231 2448 95 79 &
1269 2448 210 79 alienum
1422 2448 172 79 bonum
1536 2448 153 79 ipsa
1632 2448 229 79 iustitia
1785 2448 114 79 sola

221 2504 212 75 virtutum
380 2504 141 75 esse
469 2504 124 75 vid
540 2504 159 75 etur:
646 2504 141 75 quia
734 2504 106 75 ad
787 2504 159 75 alium
893 2504 141 75 est.
982 2504 141 75 Agit
1070 2504 141 75 enim
1159 2504 106 75 ea
1212 2504 141 75 quae
1300 2504 141 75 alii
1388 2504 124 75 vel
1459 2504 230 75 principi,
1636 2504 124 75 vel
1689 2504 230 75 reipublicae

222 2562 269 64 conferunt.
433 2562 230 64 Pessimus
606 2562 192 64 igitur
740 2562 134 64 est
817 2562 134 64 qui
894 2562 115 64 ad
951 2562 211 64 seipsum
1105 2562 96 64 &
1143 2562 115 64 ad
1201 2562 192 64 amicos
1335 2562 192 64 vtitur
1470 2562 269 64 prauitate.
1681 2562 211 64 Optimus
1815 2562 96 64 au¬-

221 2614 131 76 tem
296 2614 131 76 non
371 2614 131 76 qui
445 2614 112 76 ad
501 2614 224 76 seipsum,
669 2614 131 76 sed
743 2614 131 76 qui
818 2614 112 76 ad
874 2614 168 76 alium
986 2614 186 76 vtitur
1116 2614 149 76 ipsa
1210 2614 224 76 virtute.
1377 2614 131 76 Hoc
1452 2614 149 76 enim
1545 2614 131 76 est
1620 2614 149 76 opus
1694 2614 224 76 difficile.

216 2675 142 74 Haec
305 2675 177 74 igitur
429 2675 212 74 iustitia
588 2675 124 74 non
659 2675 142 74 pars
747 2675 230 74 virtutis:
924 2675 124 74 sed
995 2675 142 74 tota
1083 2675 124 74 est
1154 2675 195 74 virtus.
1296 2675 230 74 Similiter
1473 2675 88 74 &
1508 2675 248 74 iniustitia
1703 2675 142 74 huic
1773 2675 142 74 contra

222 2732 131 72 ria
297 2732 131 72 non
372 2732 168 72 vitii
484 2732 150 72 pars
578 2732 131 72 sed
652 2732 168 72 totum
765 2732 187 72 vitium
895 2732 150 72 est.
989 2732 150 72 Quid
1082 2732 168 72 autem
1195 2732 224 72 interest
1363 2732 168 72 inter
1475 2732 150 72 hanc
1568 2732 243 72 iustitiam
1755 2732 93 72 &
1774 2732 131 72 virtu

229 2785 128 75 tem
302 2785 110 75 ex
357 2785 128 75 iis
430 2785 147 75 quae
522 2785 220 75 diximus,
687 2785 275 75 innotescit:
906 2785 147 75 sunt
998 2785 147 75 enim
1090 2785 165 75 idem:
1199 2785 147 75 esse
1291 2785 165 75 autem
1401 2785 128 75 non
1474 2785 128 75 est
1547 2785 165 75 idem,
1657 2785 128 75 sed
1731 2785 128 75 quo
1785 2785 147 75 quidem

226 2846 123 57 est
297 2846 105 57 ad
349 2846 175 57 alium,
472 2846 123 57 est
542 2846 228 57 iustitia:
717 2846 123 57 quo
788 2846 140 57 vero
875 2846 158 57 talis
980 2846 123 57 est
1051 2846 210 57 habitus,
1208 2846 263 57 simpliciter
1401 2846 158 57 virtus.

276 2943 125 73 Alia
354 2943 219 73 conclusio.
526 2943 109 73 Cum
589 2943 141 73 autem
682 2943 141 73 legis
776 2943 250 73 transgressor
979 2943 109 73 sit
1042 2943 203 73 iniustus,
1198 2943 109 73 qui
1260 2943 187 73 legitime
1401 2943 141 73 facit
1494 2943 109 73 est
1557 2943 172 73 iustus:
1682 2943 141 73 omnia
1760 2943 156 73 legitima

218 2999 138 58 sunt
304 2999 173 58 quodam
425 2999 138 58 modo
512 2999 173 58 iusta.
633 2999 156 58 Dicit
737 2999 242 58 quodammodo
927 2999 138 58 quia
1014 2999 156 58 omnis
1118 2999 121 58 lex
1187 2999 208 58 positiua
1343 2999 156 58 datur
1447 2999 104 58 in
1499 2999 173 58 ordine
1620 2999 104 58 ad
1672 2999 190 58 aliquam
1793 2999 121 58 poli¬-

231 3054 140 63 tiam:
325 3054 109 63 sed
387 3054 124 63 quod
465 3054 109 63 est
527 3054 155 63 iustum
636 3054 93 63 in
682 3054 171 63 politia
807 3054 264 63 aristocratica
1024 3054 109 63 non
1087 3054 109 63 est
1149 3054 155 63 iustum
1258 3054 93 63 in
1304 3054 249 63 timocratica.
1506 3054 93 63 In
1553 3054 155 63 priore
1662 3054 109 63 est
1724 3054 202 63 respectus
1864 3054 62 63 ad

226 3105 206 57 optimates
385 3105 79 57 &
417 3105 222 57 patricios:
591 3105 95 57 in
639 3105 222 57 posteriore
814 3105 127 57 vero
893 3105 95 57 ad
941 3105 159 57 omnes.
1052 3105 143 57 Patet
1147 3105 159 57 tertio
1258 3105 254 57 politicorum.
1465 3105 95 57 Ea
1512 3105 127 57 quae
1592 3105 143 57 fiunt
1687 3105 79 57 a
1719 3105 222 57 facultate,
1877 3105 48 57 &

217 3151 263 46 authoritate
428 3151 245 46 ferendarum
621 3151 158 46 legum
726 3151 140 46 sunt
814 3151 210 46 definita
971 3151 88 46 &
1006 3151 210 46 decreta,
1164 3151 210 46 legitima
1322 3151 158 46 sunt:
1427 3151 88 46 &
1462 3151 263 46 vnumquodque
1673 3151 158 46 horum
1760 3151 158 46 dicimus

224 3197 183 65 iustum.
357 3197 150 65 Ipsae
457 3197 133 65 enim
540 3197 150 65 leges
640 3197 100 65 de
690 3197 183 65 omnibus
823 3197 216 65 decernunt
989 3197 266 65 coniectantes
1205 3197 100 65 ad
1255 3197 166 65 omnium
1371 3197 233 65 vtilitatem
1554 3197 116 65 aut
1621 3197 216 65 optimorum
1787 3197 100 65 in
1820 3197 100 65 poli

224 3242 109 50 tia
287 3242 280 50 aristocratica,
520 3242 109 50 aut
582 3242 202 50 principum
738 3242 93 50 in
785 3242 218 50 monarchia,
956 3242 109 50 vel
1018 3242 233 50 tyrannorum:
1205 3242 109 50 vel
1267 3242 187 50 virtute.
1407 3242 109 50 hoc
1470 3242 109 50 est
1532 3242 187 50 respicit
1672 3242 218 50 vtilitatem
1828 3242 93 50 stu¬
