2320 3603
394 239 112 109 si
450 239 187 109 quidam
581 239 224 109 lucrandi
749 239 168 109 causa
861 239 168 109 facit
973 239 280 109 adulterium,
1197 239 168 109 atque
1309 239 224 109 pecunias
1477 239 224 109 accipit:
1645 239 187 109 quidam
1776 239 205 109 erogat,
1907 239 205 109 damnumque

398 335 208 76 patitur
549 335 114 76 ob
606 335 303 76 cupiditatem:
852 335 132 76 hic
928 335 189 76 quidem
1060 335 284 76 intemperans
1287 335 189 76 potius
1420 335 151 76 quam
1514 335 189 76 pluris
1647 335 208 76 auidus,
1798 335 151 76 ille
1893 335 170 76 autem
1988 335 132 76 iniu¬-

416 392 146 69 stus
507 392 128 69 sed
580 392 128 69 non
653 392 274 69 intemperans
872 392 146 69 esse
964 392 256 69 videbitur.
1164 392 164 69 Patet
1274 392 146 69 ergo
1365 392 164 69 talem
1475 392 164 69 illum
1584 392 201 69 videri,
1731 392 146 69 quia
1822 392 237 69 lucratur.
1986 392 128 69 Insu¬-

417 443 130 82 per
492 443 167 82 aliae
603 443 186 82 quidem
734 443 167 82 omnes
845 443 223 82 iniuriae
1013 443 112 82 ad
1069 443 205 82 aliquod
1217 443 186 82 semper
1348 443 186 82 vitium
1478 443 279 82 rediguntur:
1701 443 112 82 vt
1757 443 112 82 si
1813 443 260 82 commiserit
1999 443 130 82 quis¬-

419 512 148 66 piam
512 512 278 66 adulterium,
734 512 111 66 ad
790 512 352 66 intemperantiam,
1086 512 111 66 si
1142 512 259 66 deseruerit
1345 512 111 66 in
1401 512 148 66 acie
1493 512 204 66 socium,
1642 512 111 66 ad
1697 512 296 66 timiditatem:
1938 512 111 66 si
1975 512 148 66 pulsa¬-

417 557 162 78 uerit
525 557 235 78 quempiam,
706 557 108 78 ad
760 557 271 78 iracundiam:
976 557 126 78 sed
1048 557 108 78 si
1103 557 162 78 auare
1211 557 217 78 lucratus
1373 557 198 78 fuerit,
1518 557 108 78 ad
1572 557 180 78 nullam
1698 557 162 78 aliam
1806 557 271 78 prauitatem,
2005 557 108 78 quam

411 615 114 72 ad
468 615 284 72 iniustitiam
695 615 170 72 ipsam
808 615 246 72 refertur.
998 615 170 72 Quare
1111 615 265 72 perspicuum
1319 615 132 72 est
1395 615 208 72 praeter
1546 615 189 72 totam,
1679 615 170 72 aliam
1792 615 151 72 esse
1887 615 208 72 quandam
2019 615 95 72 in¬-

409 669 244 76 iustitiam
597 669 113 76 vt
653 669 188 76 partem
784 669 225 76 vniuocam
953 669 150 76 quia
1047 669 263 76 diffinitio
1253 669 188 76 genere
1385 669 131 76 est
1460 669 113 76 in
1516 669 188 76 eodem:
1647 669 169 76 ambae
1760 669 188 76 namque
1891 669 113 76 id
1928 669 188 76 possunt,

411 738 114 59 vt
468 738 152 59 sint
563 738 114 59 ad
620 738 190 59 alium.
753 738 171 59 Verum
866 738 152 59 haec
961 738 190 59 quidem
1094 738 171 59 circa
1208 738 209 59 honorem
1360 738 247 59 versatur,
1550 738 133 59 vel
1626 738 247 59 pecunias:
1815 738 133 59 vel
1891 738 228 59 salutem:
2043 738 76 59 si

411 786 131 65 quo
486 786 131 65 vno
561 786 187 65 nomine
692 786 244 65 complecti
880 786 150 65 haec
973 786 225 65 vniuersa
1142 786 244 65 possumus,
1329 786 94 65 &
1367 786 112 65 ob
1423 786 262 65 voluptatem
1629 786 150 65 quae
1723 786 131 65 fit
1798 786 94 65 a
1835 786 187 65 lucro.
1966 786 150 65 Illa
2041 786 75 65 ve

412 849 108 61 ro
466 849 162 61 circa
574 849 162 61 omnia
682 849 126 61 ea,
755 849 108 61 in
809 849 180 61 quibus
935 849 234 61 studiosus
1115 849 234 61 versatur.
1296 849 234 61 lustitias
1476 849 180 61 igitur
1602 849 144 61 esse
1692 849 198 61 plures,
1836 849 90 61 &
1873 849 162 61 aliam
1963 849 162 61 quandam

408 896 149 74 esse
501 896 204 74 praeter
650 896 167 74 ipsam
761 896 167 74 totam
873 896 223 74 virtutem
1040 896 260 74 perspicuum
1244 896 130 74 iam
1318 896 204 74 euasit.
1467 896 130 74 Sed
1541 896 204 74 quaenam
1690 896 149 74 sit,
1783 896 93 74 &
1820 896 186 74 qualis
1931 896 186 74 finiamus

421 948 230 76 deinceps
594 948 230 76 oportet.
767 948 307 76 Determinatum
1016 948 134 76 est
1093 948 192 76 itaque
1227 948 230 76 iniustum
1400 948 192 76 quidem
1535 948 154 76 esse
1631 948 154 76 quod
1727 948 134 76 est
1804 948 192 76 contra
1938 948 192 76 leges,
2053 948 58 76 &

416 1013 154 66 quod
512 1013 135 66 est
589 1013 231 66 iniquum.
762 1013 192 66 lustum
896 1013 173 66 autem
1012 1013 154 66 quod
1108 1013 135 66 est
1185 1013 269 66 legitimum,
1396 1013 96 66 &
1434 1013 154 66 quod
1530 1013 135 66 est
1607 1013 211 66 aequum.
1761 1013 269 66 Iniustitia
1953 1013 154 66 igitur

416 1065 163 65 antea
524 1065 163 65 dicta
633 1065 145 65 est:
723 1065 90 65 a
760 1065 127 65 qua
832 1065 307 65 proficiscitur
1085 1065 109 65 id
1139 1065 235 65 iniustum,
1320 1065 145 65 quod
1411 1065 181 65 contra
1537 1065 163 65 leges
1646 1065 199 65 dicimus
1790 1065 163 65 esse.
1899 1065 109 65 At
1953 1065 127 65 cum
2007 1065 109 65 ini¬-

416 1131 153 55 quum
511 1131 95 55 &
549 1131 248 55 iniustum,
740 1131 153 55 quod
835 1131 191 55 contra
969 1131 172 55 leges
1083 1131 153 55 est,
1179 1131 133 55 non
1255 1131 153 55 idem
1350 1131 153 55 sit,
1446 1131 133 55 sed
1522 1131 210 55 alterum
1674 1131 114 55 ad
1732 1131 210 55 alterum
1884 1131 153 55 sese
1960 1131 153 55 habeat

422 1177 119 76 vt
482 1177 159 76 pars
581 1177 119 76 ad
641 1177 199 76 totum,
780 1177 139 76 nam
860 1177 219 76 iniquum
1019 1177 179 76 omne,
1138 1177 239 76 iniustum
1317 1177 159 76 quod
1417 1177 199 76 contra
1556 1177 199 76 leges:
1695 1177 239 76 iniustum
1874 1177 179 76 autem
1994 1177 159 76 quod

414 1228 209 80 contra
560 1228 188 80 leges
686 1228 146 80 non
769 1228 167 80 omne
874 1228 251 80 iniquum:
1062 1228 167 80 plus
1166 1228 209 80 nanque
1312 1228 167 80 omne
1417 1228 251 80 iniquum,
1605 1228 230 80 iniquum
1772 1228 188 80 autem
1897 1228 146 80 non
1960 1228 146 80 omne.

416 1285 162 73 plus:
524 1285 216 73 iniustum
686 1285 162 73 etiam
793 1285 90 73 &
829 1285 270 73 iniustitia,
1045 1285 126 73 non
1117 1285 162 73 eadem
1225 1285 162 73 sunt,
1332 1285 126 73 sed
1404 1285 198 73 diuersa
1548 1285 108 73 ab
1602 1285 180 73 illis,
1728 1285 90 73 &
1764 1285 144 73 haec
1853 1285 144 73 sunt
1943 1285 108 73 vt
1979 1285 144 73 partes

420 1344 135 73 illa
504 1344 101 73 vt
555 1344 151 73 tota.
656 1344 135 73 Haec
740 1344 135 73 enim
824 1344 252 73 iniustitia,
1026 1344 168 73 totius
1143 1344 118 73 est
1211 1344 252 73 iniustitiae
1413 1344 151 73 pars:
1513 1344 84 73 &
1547 1344 219 73 iustitia,
1715 1344 219 73 iustitiae
1884 1344 168 73 simili
2001 1344 151 73 modo.

430 1397 167 72 Quare
542 1397 111 72 de
598 1397 223 72 iustitia
765 1397 149 72 quae
857 1397 186 72 quidem
987 1397 130 72 est
1062 1397 167 72 pars,
1173 1397 93 72 &
1210 1397 111 72 de
1266 1397 260 72 iniustitia
1470 1397 241 72 similiter
1656 1397 130 72 est
1730 1397 241 72 dicendum,
1916 1397 93 72 &
1953 1397 111 72 de
1990 1397 130 72 iusto

421 1456 157 72 etiam
525 1456 87 72 &
560 1456 209 72 iniusto.
717 1456 105 72 Ea
769 1456 174 72 igitur
891 1456 209 72 iustitia
1048 1456 139 72 quae
1135 1456 192 72 perinde
1274 1456 157 72 atque
1379 1456 139 72 tota
1466 1456 174 72 virtus
1587 1456 122 72 est
1657 1456 226 72 ordinata:
1831 1456 87 72 &
1866 1456 105 72 ea
1901 1456 209 72 iniustitia

418 1511 141 68 quae
506 1511 246 68 aduersatur
700 1511 158 68 illi,
805 1511 176 68 quarum
929 1511 176 68 altera
1052 1511 229 68 virtutis:
1228 1511 176 68 altera
1351 1511 158 68 vitii
1456 1511 176 68 totius
1579 1511 106 68 ad
1632 1511 158 68 alium
1738 1511 141 68 vsus
1826 1511 141 68 est,
1896 1511 211 68 omittatur.

418 1564 120 75 Et
478 1564 200 75 iustum
618 1564 120 75 id
678 1564 100 75 &
718 1564 240 75 iniustum
898 1564 160 75 quod
998 1564 120 75 ad
1058 1564 140 75 has
1138 1564 240 75 attinet,
1318 1564 180 75 patet
1438 1564 200 75 quonam
1578 1564 140 75 sit
1658 1564 160 75 modo
1758 1564 340 75 diffiniendum.
2018 1564 100 75 Et¬-

422 1622 148 68 enim
514 1622 221 68 pleraque
680 1622 277 68 legitimorum
901 1622 111 68 ea
956 1622 148 68 fere
1049 1622 166 68 sunt,
1159 1622 148 68 quae
1251 1622 92 68 a
1288 1622 148 68 tota
1380 1622 203 68 virtute
1528 1622 221 68 aguntur.
1694 1622 129 68 Lex
1768 1622 148 68 enim
1860 1622 166 68 iubet
1952 1622 166 68 vniuscu

408 1689 181 61 iusque
535 1689 217 61 virtutis
698 1689 181 61 viuere
824 1689 199 61 ratione
969 1689 91 61 &
1005 1689 163 61 vetat
1114 1689 163 61 vitii
1223 1689 217 61 cuiusuis
1386 1689 181 61 viuere
1512 1689 163 61 modo.
1621 1689 163 61 Atque
1730 1689 272 61 legitimorum
1947 1689 109 61 ea
2001 1689 145 61 quae

425 1741 109 69 ad
479 1741 218 69 publicam
643 1741 236 69 pertinent
824 1741 290 69 disciplinam,
1060 1741 109 69 ea
1115 1741 145 69 sunt
1205 1741 145 69 quae
1296 1741 218 69 virtutem
1460 1741 163 69 totam
1568 1741 218 69 efficere
1732 1741 218 69 possunt.
1895 1741 127 69 Sed
1968 1741 109 69 de
2022 1741 127 69 sin

419 1789 200 70 gulorum
565 1789 273 70 disciplina,
783 1789 128 70 qua
856 1789 182 70 quidem
984 1789 128 70 vir
1056 1789 164 70 bonus
1166 1789 128 70 est
1239 1789 237 70 absolute,
1421 1789 164 70 vtrum
1530 1789 128 70 sit
1603 1789 219 70 ciuilis,
1767 1789 109 70 an
1822 1789 109 70 ad
1876 1789 164 70 aliam
1967 1789 146 70 facul¬-

426 1851 172 73 tatem
540 1851 267 73 pertineat,
750 1851 324 73 determinandum
1017 1851 248 73 posterius
1208 1851 153 73 est.
1303 1851 133 73 Non
1379 1851 133 73 est
1456 1851 153 73 enim
1551 1851 153 73 idem
1646 1851 229 73 fortasse
1818 1851 172 73 virum
1932 1851 153 73 esse
2009 1851 95 73 bo¬-

427 1901 147 74 num,
519 1901 92 74 &
556 1901 166 74 ciuem
666 1901 184 74 bonum.
795 1901 221 74 lustitia
961 1901 166 74 autem
1072 1901 147 74 eius
1164 1901 147 74 quae
1256 1901 129 74 est
1330 1901 166 74 pars,
1440 1901 92 74 &
1477 1901 147 74 eius
1569 1901 147 74 quod
1662 1901 111 74 ad
1717 1901 166 74 ipsam
1828 1901 203 74 attinet
1957 1901 147 74 iusti.

426 1969 125 64 vna
498 1969 179 64 quidem
623 1969 197 64 species
766 1969 143 64 est,
856 1969 107 64 ea
909 1969 143 64 quae
999 1969 107 64 in
1053 1969 304 64 distributione
1303 1969 251 64 consistit,
1500 1969 125 64 aut
1572 1969 215 64 honoris,
1733 1969 125 64 aut
1805 1969 269 64 pecuniarum,
2019 1969 125 64 aut

431 2020 242 75 caeterarum
621 2020 173 75 rerum:
741 2020 138 75 quae
828 2020 155 75 inter
931 2020 121 75 eos
1000 2020 173 75 diuidi
1121 2020 207 75 possunt,
1277 2020 121 75 qui
1346 2020 104 75 in
1397 2020 155 75 eadem
1501 2020 173 75 ciuili
1622 2020 224 75 societate
1794 2020 242 75 versantur.
1984 2020 104 75 In
2019 2020 86 75 his

431 2073 149 73 enim
525 2073 149 73 fit,
618 2073 112 73 vt
674 2073 224 73 quispiam
842 2073 93 73 &
880 2073 131 73 non
955 2073 187 73 aequum
1085 2073 187 73 habeat
1216 2073 112 73 ad
1272 2073 168 73 alium
1384 2073 93 73 &
1422 2073 168 73 etiam
1534 2073 206 73 aequum.
1683 2073 149 73 Alia
1777 2073 168 73 autem
1889 2073 131 73 ea,
1964 2073 149 73 quae
2038 2073 75 73 in

425 2124 279 85 commerciis
644 2124 139 85 est
724 2124 219 85 hominum
883 2124 299 85 emendandis,
1122 2124 179 85 cuius
1241 2124 159 85 sunt
1341 2124 159 85 duae
1440 2124 219 85 partes.
1599 2124 318 85 Commerciorum
1858 2124 199 85 nanque
1978 2124 139 85 quae¬-

420 2181 130 80 dam
495 2181 130 80 sua
569 2181 186 80 sponte
700 2181 205 80 faciunt
849 2181 223 80 homines,
1016 2181 205 80 quaedam
1165 2181 205 80 inuitis
1314 2181 168 80 ipsis
1426 2181 298 80 efficiuntur.
1668 2181 112 80 Et
1724 2181 112 80 ea
1780 2181 186 80 quidem
1910 2181 149 80 quae
1985 2181 130 80 spon¬-

430 2242 109 65 re
484 2242 219 65 faciunt,
649 2242 164 65 talia
758 2242 164 65 sunt,
867 2242 237 65 venditio,
1050 2242 201 65 emptio,
1195 2242 237 65 mutuatio,
1378 2242 273 65 vadimonium,
1597 2242 219 65 locatio,
1761 2242 255 65 depositio,
1943 2242 164 65 mercede

426 2301 257 57 conductio.
628 2301 165 57 atque
738 2301 239 57 propterea
922 2301 184 57 sponte
1050 2301 147 57 haec
1142 2301 165 57 fieri
1252 2301 220 57 dicuntur
1418 2301 147 57 quod
1510 2301 257 57 principium
1712 2301 202 57 ipsorum
1859 2301 184 57 sponte
1969 2301 147 57 proce¬-

429 2358 124 69 dit
500 2358 106 69 ac
553 2358 194 69 agitur.
694 2358 159 69 Eorum
800 2358 159 69 autem
906 2358 141 69 quae
994 2358 194 69 inuitis
1135 2358 159 69 fiunt
1241 2358 194 69 quaedam
1382 2358 265 69 clandestina
1594 2358 159 69 sunt,
1700 2358 106 69 vt
1753 2358 194 69 furtum,
1877 2358 229 69 adulterium.

425 2408 288 82 veneficium,
655 2408 288 82 lenocinium,
885 2408 230 82 seruorum
1058 2408 250 82 seductio,
1250 2408 192 82 caedes
1385 2408 134 82 cum
1461 2408 173 82 dolo,
1577 2408 192 82 falsum
1711 2408 307 82 testimonium.
1941 2408 173 82 Quaedam

417 2460 238 99 violenta:
600 2460 110 99 vt
655 2460 275 99 verberatio,
874 2460 220 99 vincula,
1039 2460 165 99 mors,
1149 2460 220 99 rapinae,
1314 2460 238 99 membrorum
1497 2460 201 99 captio,
1643 2460 256 99 conuicium,
1826 2460 238 99 contumelia.

575 2538 173 76 vaerimus
704 2538 129 76 autem
790 2538 101 76 &c.
848 2538 101 76 Hic
906 2538 216 76 philosophus
1078 2538 86 76 de
1121 2538 173 76 iustitia
1251 2538 216 76 particulari
1423 2538 216 76 determinat,
1596 2538 173 76 primoque
1726 2538 173 76 ostendit
1855 2538 158 76 praeter
1956 2538 158 76 iustitiam

563 2603 147 57 legalem
669 2603 160 57 ponendam
789 2603 107 57 esse
856 2603 173 57 iustitiam
989 2603 227 57 particularem.
1176 2603 120 57 Prima
1256 2603 173 57 conclusio
1389 2603 120 57 huius
1469 2603 160 57 capitis.
1589 2603 80 57 De
1629 2603 160 57 iustitia
1749 2603 107 57 quae
1815 2603 107 57 pars
1882 2603 93 57 est
1935 2603 173 57 virtutis,
2055 2603 67 57 si¬-

467 2634 176 72 ⁋Omiliter
603 2634 68 72 &
630 2634 81 72 de
671 2634 190 72 iniustitia
820 2634 108 72 quae
888 2634 95 72 est
942 2634 108 72 pars
1010 2634 122 72 vitii
1091 2634 190 72 indagandum
1240 2634 108 72 est,
1308 2634 163 72 siquidem
1430 2634 122 72 talem
1511 2634 108 72 esse
1579 2634 176 72 iustitiam
1714 2634 244 72 iniustitiamque
1918 2634 95 72 hoc
1972 2634 149 72 indicat
2067 2634 54 72 si

429 2686 109 72 gnum
498 2686 109 72 quod
566 2686 96 72 qui
621 2686 164 72 caeteris
743 2686 137 72 vitiis
839 2686 164 72 operatur
962 2686 164 72 iniuriam
1085 2686 137 72 quidem
1181 2686 137 72 facit,
1276 2686 96 72 sed
1331 2686 96 72 non
1385 2686 109 72 plus
1454 2686 96 72 hoc
1508 2686 96 72 est
1563 2686 96 72 non
1618 2686 123 72 magis
1700 2686 123 72 auide
1782 2686 109 72 quam
1850 2686 137 72 dignum
1945 2686 96 72 est
1986 2686 137 72 accipit:

435 2746 100 55 hoc
492 2746 100 55 est
549 2746 158 55 peccans
664 2746 172 55 secundum
793 2746 129 55 alias
879 2746 172 55 malitias
1008 2746 129 55 facit
1094 2746 158 55 iniuste
1209 2746 172 55 secundum
1338 2746 215 55 iniustitiam
1510 2746 143 55 contra
1611 2746 129 55 legem
1697 2746 115 55 quia
1768 2746 129 55 facit
1855 2746 115 55 quod
1926 2746 100 55 lex
1969 2746 158 55 prohibet:

433 2788 75 57 &
463 2788 136 57 tamen
554 2788 106 57 non
614 2788 136 57 facit
704 2788 151 57 auare,
810 2788 121 57 quia
885 2788 106 57 non
946 2788 136 57 capit
1036 2788 166 57 alienum
1157 2788 151 57 inuito
1262 2788 166 57 domino.
1383 2788 256 57 Exemplificat.
1594 2788 106 57 Per
1654 2788 166 57 caetera
1775 2788 136 57 vitia
1866 2788 90 57 ea
1911 2788 211 57 intelligas
2062 2788 60 57 de

434 2841 144 61 quibus
534 2841 172 61 superius
663 2841 144 61 mentio
764 2841 86 61 in
807 2841 115 61 fine
879 2841 144 61 tertii
979 2841 72 61 &
1008 2841 144 61 quarti
1109 2841 144 61 habita
1209 2841 115 61 est,
1281 2841 101 61 ceu
1338 2841 101 61 qui
1396 2841 158 61 clypeum
1511 2841 86 61 ob
1554 2841 201 61 formidinem
1712 2841 172 61 abiicit:
1841 2841 101 61 qui
1898 2841 172 61 conuicia
2027 2841 86 61 ob
2056 2841 72 61 ira

436 2887 147 63 cundiam
542 2887 133 63 dicit,
636 2887 93 63 aut
689 2887 93 63 qui
743 2887 80 63 ob
783 2887 174 63 auaritiam
916 2887 93 63 per
970 2887 160 63 pecuniam
1090 2887 160 63 auxilium
1210 2887 93 63 non
1263 2887 174 63 praestat:
1397 2887 93 63 non
1450 2887 107 63 plus
1517 2887 107 63 quam
1584 2887 133 63 dignum
1677 2887 93 63 sit
1731 2887 133 63 capit.
1824 2887 120 63 Verum
1904 2887 147 63 saepius
2011 2887 93 63 cum
2051 2887 80 63 ali¬-

434 2932 114 66 quis
505 2932 128 66 auare
591 2932 128 66 capit
676 2932 128 66 nullo
762 2932 157 66 aliorum
876 2932 171 66 vitiorum
1005 2932 171 66 operatur
1133 2932 128 66 neque
1219 2932 186 66 vniuersis
1361 2932 143 66 simul.
1461 2932 128 66 Dicit
1547 2932 128 66 saepe
1633 2932 114 66 plus
1704 2932 143 66 capit:
1804 2932 200 66 infrequens
1961 2932 114 66 enim
2018 2932 114 66 captio

431 2981 144 64 pluris
532 2981 101 64 eum
589 2981 173 64 iniustum
719 2981 115 64 apud
791 2981 130 64 alios
878 2981 101 64 non
935 2981 202 64 patefacit:
1094 2981 101 64 sed
1152 2981 144 64 aliqua
1252 2981 159 64 malitia
1368 2981 187 64 operatur.
1512 2981 115 64 Sane
1584 2981 115 64 hunc
1656 2981 231 64 vituperamus,
1844 2981 115 64 haec
1916 2981 130 64 autem
1988 2981 144 64 iniusti¬-

428 3024 95 59 tia
483 3024 108 59 est.
550 3024 95 59 Est
605 3024 135 59 igitur
699 3024 108 59 alia
767 3024 149 59 quaedam
875 3024 190 59 iniustitia
1024 3024 108 59 quae
1092 3024 135 59 totius
1187 3024 149 59 legalis
1295 3024 176 59 iustitiae
1431 3024 108 59 pars
1498 3024 149 59 quaedam
1607 3024 108 59 est.
1675 3024 122 59 Etiam
1756 3024 68 59 &
1783 3024 149 59 aliquod
1891 3024 163 59 iniustum
2013 3024 108 59 quod
2067 3024 68 59 to¬-

423 3074 108 62 tius
490 3074 216 62 iniusti(quod
665 3074 135 62 quidem
760 3074 148 62 praeter
868 3074 135 62 legemn
962 3074 108 62 est)
1029 3074 108 62 pars
1097 3074 148 62 quaedam
1205 3074 162 62 existit.
1326 3074 121 62 Etiam
1407 3074 162 62 ediuerso
1529 3074 148 62 aliquis
1636 3074 135 62 potest
1731 3074 148 62 peccare
1839 3074 162 62 tollendo
1960 3074 148 62 alienum
2055 3074 67 62 per

434 3121 216 59 auaritiam,
603 3121 77 59 &
634 3121 139 59 tamen
727 3121 108 59 non
788 3121 154 59 peccat
897 3121 185 59 secundum
1035 3121 170 59 aliquam
1159 3121 170 59 aliarum
1282 3121 231 59 malitiarum,
1467 3121 139 59 neque
1560 3121 139 59 omnes
1653 3121 154 59 simul:
1761 3121 77 59 &
1792 3121 139 59 tamen
1884 3121 154 59 peccat
1977 3121 154 59 secundum

434 3165 146 67 aliquam
540 3165 172 67 malitiam:
672 3165 146 67 quoniam
778 3165 199 67 vituperatur
937 3165 146 67 tanquam
1043 3165 172 67 iniustus.
1175 3165 79 67 Et
1215 3165 93 67 sic
1268 3165 146 67 habetur
1374 3165 185 67 conclusio,
1520 3165 106 67 quod
1586 3165 93 67 est
1639 3165 146 67 quaedam
1745 3165 106 67 alia
1811 3165 159 67 iustitia
1930 3165 106 67 quae
1997 3165 93 67 est
2036 3165 93 67 sicut

442 3217 111 61 pars
512 3217 139 61 totius
609 3217 181 61 virtutis,
749 3217 70 61 &
776 3217 98 61 est
832 3217 139 61 virtus
930 3217 195 61 specialis.
1083 3217 181 61 Similiter
1222 3217 98 61 est
1278 3217 153 61 quoddam
1390 3217 167 61 iniustum
1515 3217 111 61 quod
1585 3217 98 61 est
1640 3217 111 61 pars
1710 3217 153 61 iniusti
1821 3217 153 61 legalis
1933 3217 111 61 quod
2003 3217 98 61 est
2044 3217 84 61 omne

433 3261 175 89 iniustum.
567 3261 108 89 Nunc
635 3261 162 89 enucleat
756 3261 175 89 iustitiam
891 3261 108 89 esse
958 3261 216 89 particularem
1133 3261 108 89 quae
1201 3261 94 89 est
1255 3261 108 89 pars
1322 3261 175 89 iustitiae
1457 3261 189 89 legitimae:
1605 3261 67 89 &
1632 3261 94 89 hoc
1686 3261 94 89 per
1740 3261 202 89 iniustitiam
1902 3261 148 89 tanquam
1996 3261 135 89 notiorem
