<?xml version="1.0" encoding="UTF-8"?>
<alto xmlns:xsi="http://www.w3.org/2001/XMLSchema-instance"
      xmlns="http://www.loc.gov/standards/alto/ns-v4#"
      xmlns:page="http://schema.primaresearch.org/PAGE/gts/pagecontent/2013-07-15"
      xsi:schemaLocation="http://www.loc.gov/standards/alto/ns-v4# https://www.loc.gov/standards/alto/v4/alto.xsd">
   <Description>
      <MeasurementUnit>pixel</MeasurementUnit>
      <OCRProcessing ID="IdOcr">
         <ocrProcessingStep>
            <processingDateTime>2021-02-27T08:21:51.429-05:00</processingDateTime>
            <processingSoftware>
               <softwareCreator>READ COOP</softwareCreator>
               <softwareName>Transkribus</softwareName>
            </processingSoftware>
         </ocrProcessingStep>
      </OCRProcessing>
   </Description>
   <Tags/>
   <Layout>
      <Page ID="Page1" PHYSICAL_IMG_NR="1" HEIGHT="3605" WIDTH="2358">
         <TopMargin HEIGHT="0" WIDTH="2358" VPOS="0" HPOS="0"/>
         <LeftMargin HEIGHT="3605" WIDTH="0" VPOS="0" HPOS="0"/>
         <RightMargin HEIGHT="3605" WIDTH="0" VPOS="0" HPOS="2358"/>
         <BottomMargin HEIGHT="0" WIDTH="2358" VPOS="3605" HPOS="0"/>
         <PrintSpace HEIGHT="3605" WIDTH="2358" VPOS="0" HPOS="0">
            <TextBlock ID="r1" HEIGHT="3261" WIDTH="1731" VPOS="125" HPOS="195">
               <Shape>
                  <Polygon POINTS="195,125 195,3386 1926,3386 1926,125"/>
               </Shape>
               <TextLine ID="r1l7"
                         BASELINE="201,363 289,360 377,357 466,356 554,354 642,351 731,351 819,350 907,348 996,348 1084,347 1173,347 1261,345 1349,345 1438,345 1526,345 1614,344 1703,344 1791,344 1880,342"
                         HEIGHT="99"
                         WIDTH="1699"
                         VPOS="276"
                         HPOS="191">
                  <String HEIGHT="99"
                          WIDTH="160"
                          VPOS="276"
                          HPOS="175"
                          CONTENT="probat"/>
                  <SP HEIGHT="99" WIDTH="16" VPOS="276" HPOS="335"/>
                  <String HEIGHT="99"
                          WIDTH="128"
                          VPOS="276"
                          HPOS="287"
                          CONTENT="sic."/>
                  <SP HEIGHT="99" WIDTH="16" VPOS="276" HPOS="415"/>
                  <String HEIGHT="99"
                          WIDTH="176"
                          VPOS="276"
                          HPOS="367"
                          CONTENT="Habitus"/>
                  <SP HEIGHT="99" WIDTH="16" VPOS="276" HPOS="544"/>
                  <String HEIGHT="99" WIDTH="96" VPOS="276" HPOS="496" CONTENT="ex"/>
                  <SP HEIGHT="99" WIDTH="16" VPOS="276" HPOS="592"/>
                  <String HEIGHT="99"
                          WIDTH="208"
                          VPOS="276"
                          HPOS="544"
                          CONTENT="habitibus"/>
                  <SP HEIGHT="99" WIDTH="16" VPOS="276" HPOS="752"/>
                  <String HEIGHT="99"
                          WIDTH="224"
                          VPOS="276"
                          HPOS="704"
                          CONTENT="contrariis"/>
                  <SP HEIGHT="99" WIDTH="16" VPOS="276" HPOS="928"/>
                  <String HEIGHT="99"
                          WIDTH="256"
                          VPOS="276"
                          HPOS="880"
                          CONTENT="cognoscuntur"/>
                  <SP HEIGHT="99" WIDTH="16" VPOS="276" HPOS="1137"/>
                  <String HEIGHT="99" WIDTH="96" VPOS="276" HPOS="1089" CONTENT="vt"/>
                  <SP HEIGHT="99" WIDTH="16" VPOS="276" HPOS="1185"/>
                  <String HEIGHT="99"
                          WIDTH="208"
                          VPOS="276"
                          HPOS="1137"
                          CONTENT="superiore"/>
                  <SP HEIGHT="99" WIDTH="16" VPOS="276" HPOS="1345"/>
                  <String HEIGHT="99"
                          WIDTH="160"
                          VPOS="276"
                          HPOS="1297"
                          CONTENT="capite"/>
                  <SP HEIGHT="99" WIDTH="16" VPOS="276" HPOS="1457"/>
                  <String HEIGHT="99"
                          WIDTH="224"
                          VPOS="276"
                          HPOS="1409"
                          CONTENT="meminimus:"/>
                  <SP HEIGHT="99" WIDTH="16" VPOS="276" HPOS="1634"/>
                  <String HEIGHT="99"
                          WIDTH="176"
                          VPOS="276"
                          HPOS="1585"
                          CONTENT="tametsi"/>
                  <SP HEIGHT="99" WIDTH="16" VPOS="276" HPOS="1762"/>
                  <String HEIGHT="99" WIDTH="96" VPOS="276" HPOS="1714" CONTENT="in"/>
                  <SP HEIGHT="99" WIDTH="16" VPOS="276" HPOS="1810"/>
                  <String HEIGHT="99"
                          WIDTH="144"
                          VPOS="276"
                          HPOS="1746"
                          CONTENT="logica¬"
                          SUBS_TYPE="HypPart1"
                          SUBS_CONTENT="logicalibus"/>
                  <HYP CONTENT="-"/>
               </TextLine>
               <TextLine ID="r1l8"
                         BASELINE="195,408 279,407 363,405 447,404 532,402 616,401 700,399 784,399 869,398 953,396 1037,395 1121,395 1206,393 1290,393 1374,393 1458,392 1543,392 1627,392 1711,390 1795,390 1880,390"
                         HEIGHT="75"
                         WIDTH="1707"
                         VPOS="351"
                         HPOS="183">
                  <String HEIGHT="75"
                          WIDTH="148"
                          VPOS="351"
                          HPOS="167"
                          CONTENT="libus"
                          SUBS_TYPE="HypPart2"
                          SUBS_CONTENT="logicalibus"/>
                  <SP HEIGHT="75" WIDTH="16" VPOS="351" HPOS="314"/>
                  <String HEIGHT="75"
                          WIDTH="181"
                          VPOS="351"
                          HPOS="265"
                          CONTENT="technis"/>
                  <SP HEIGHT="75" WIDTH="16" VPOS="351" HPOS="446"/>
                  <String HEIGHT="75"
                          WIDTH="230"
                          VPOS="351"
                          HPOS="396"
                          CONTENT="negationem"/>
                  <SP HEIGHT="75" WIDTH="16" VPOS="351" HPOS="626"/>
                  <String HEIGHT="75" WIDTH="115" VPOS="351" HPOS="577" CONTENT="per"/>
                  <SP HEIGHT="75" WIDTH="16" VPOS="351" HPOS="692"/>
                  <String HEIGHT="75"
                          WIDTH="279"
                          VPOS="351"
                          HPOS="643"
                          CONTENT="affirmationem"/>
                  <SP HEIGHT="75" WIDTH="16" VPOS="351" HPOS="922"/>
                  <String HEIGHT="75"
                          WIDTH="148"
                          VPOS="351"
                          HPOS="872"
                          CONTENT="vulgo"/>
                  <SP HEIGHT="75" WIDTH="16" VPOS="351" HPOS="1020"/>
                  <String HEIGHT="75"
                          WIDTH="295"
                          VPOS="351"
                          HPOS="971"
                          CONTENT="deprehendimus,"/>
                  <SP HEIGHT="75" WIDTH="16" VPOS="351" HPOS="1266"/>
                  <String HEIGHT="75" WIDTH="98" VPOS="351" HPOS="1217" CONTENT="in"/>
                  <SP HEIGHT="75" WIDTH="16" VPOS="351" HPOS="1316"/>
                  <String HEIGHT="75"
                          WIDTH="164"
                          VPOS="351"
                          HPOS="1266"
                          CONTENT="morali"/>
                  <SP HEIGHT="75" WIDTH="16" VPOS="351" HPOS="1430"/>
                  <String HEIGHT="75"
                          WIDTH="148"
                          VPOS="351"
                          HPOS="1381"
                          CONTENT="tamen"/>
                  <SP HEIGHT="75" WIDTH="16" VPOS="351" HPOS="1529"/>
                  <String HEIGHT="75"
                          WIDTH="246"
                          VPOS="351"
                          HPOS="1480"
                          CONTENT="philosophia"/>
                  <SP HEIGHT="75" WIDTH="16" VPOS="351" HPOS="1726"/>
                  <String HEIGHT="75"
                          WIDTH="181"
                          VPOS="351"
                          HPOS="1677"
                          CONTENT="extrema"/>
                  <SP HEIGHT="75" WIDTH="16" VPOS="351" HPOS="1857"/>
                  <String HEIGHT="75"
                          WIDTH="98"
                          VPOS="351"
                          HPOS="1792"
                          CONTENT="sunt"/>
               </TextLine>
               <TextLine ID="r1l9"
                         BASELINE="203,455 287,453 371,452 455,450 539,449 624,447 708,447 792,446 876,444 960,443 1045,443 1129,441 1213,441 1297,440 1381,440 1466,440 1550,438 1634,438 1718,438 1802,438 1887,438"
                         HEIGHT="62"
                         WIDTH="1705"
                         VPOS="404"
                         HPOS="192">
                  <String HEIGHT="62"
                          WIDTH="131"
                          VPOS="404"
                          HPOS="177"
                          CONTENT="medio"/>
                  <SP HEIGHT="62" WIDTH="15" VPOS="404" HPOS="309"/>
                  <String HEIGHT="62"
                          WIDTH="189"
                          VPOS="404"
                          HPOS="265"
                          CONTENT="certiora:"/>
                  <SP HEIGHT="62" WIDTH="15" VPOS="404" HPOS="454"/>
                  <String HEIGHT="62"
                          WIDTH="146"
                          VPOS="404"
                          HPOS="411"
                          CONTENT="latius"/>
                  <SP HEIGHT="62" WIDTH="15" VPOS="404" HPOS="556"/>
                  <String HEIGHT="62"
                          WIDTH="117"
                          VPOS="404"
                          HPOS="513"
                          CONTENT="enim"/>
                  <SP HEIGHT="62" WIDTH="15" VPOS="404" HPOS="629"/>
                  <String HEIGHT="62"
                          WIDTH="233"
                          VPOS="404"
                          HPOS="585"
                          CONTENT="extenduntur."/>
                  <SP HEIGHT="62" WIDTH="15" VPOS="404" HPOS="819"/>
                  <String HEIGHT="62"
                          WIDTH="189"
                          VPOS="404"
                          HPOS="775"
                          CONTENT="Assumptum"/>
                  <SP HEIGHT="62" WIDTH="15" VPOS="404" HPOS="964"/>
                  <String HEIGHT="62"
                          WIDTH="146"
                          VPOS="404"
                          HPOS="921"
                          CONTENT="itaque"/>
                  <SP HEIGHT="62" WIDTH="15" VPOS="404" HPOS="1066"/>
                  <String HEIGHT="62"
                          WIDTH="204"
                          VPOS="404"
                          HPOS="1023"
                          CONTENT="enucleatur"/>
                  <SP HEIGHT="62" WIDTH="15" VPOS="404" HPOS="1227"/>
                  <String HEIGHT="62"
                          WIDTH="117"
                          VPOS="404"
                          HPOS="1183"
                          CONTENT="sic."/>
                  <SP HEIGHT="62" WIDTH="15" VPOS="404" HPOS="1300"/>
                  <String HEIGHT="62" WIDTH="87" VPOS="404" HPOS="1256" CONTENT="Si"/>
                  <SP HEIGHT="62" WIDTH="15" VPOS="404" HPOS="1343"/>
                  <String HEIGHT="62"
                          WIDTH="102"
                          VPOS="404"
                          HPOS="1300"
                          CONTENT="est"/>
                  <SP HEIGHT="62" WIDTH="15" VPOS="404" HPOS="1402"/>
                  <String HEIGHT="62"
                          WIDTH="146"
                          VPOS="404"
                          HPOS="1358"
                          CONTENT="aliqua"/>
                  <SP HEIGHT="62" WIDTH="15" VPOS="404" HPOS="1504"/>
                  <String HEIGHT="62"
                          WIDTH="204"
                          VPOS="404"
                          HPOS="1460"
                          CONTENT="iniustitia"/>
                  <SP HEIGHT="62" WIDTH="15" VPOS="404" HPOS="1664"/>
                  <String HEIGHT="62" WIDTH="87" VPOS="404" HPOS="1620" CONTENT="vt"/>
                  <SP HEIGHT="62" WIDTH="15" VPOS="404" HPOS="1708"/>
                  <String HEIGHT="62"
                          WIDTH="117"
                          VPOS="404"
                          HPOS="1664"
                          CONTENT="pars"/>
                  <SP HEIGHT="62" WIDTH="15" VPOS="404" HPOS="1780"/>
                  <String HEIGHT="62"
                          WIDTH="146"
                          VPOS="404"
                          HPOS="1737"
                          CONTENT="totius"/>
                  <SP HEIGHT="62" WIDTH="15" VPOS="404" HPOS="1882"/>
                  <String HEIGHT="62"
                          WIDTH="73"
                          VPOS="404"
                          HPOS="1824"
                          CONTENT="in¬"
                          SUBS_TYPE="HypPart1"
                          SUBS_CONTENT="iniustitiae,"/>
                  <HYP CONTENT="-"/>
               </TextLine>
               <TextLine ID="r1l10"
                         BASELINE="201,501 285,500 369,498 453,497 537,495 621,495 705,494 789,492 873,492 957,491 1041,489 1125,489 1209,488 1293,488 1377,488 1461,486 1545,486 1629,486 1713,486 1797,486 1881,486"
                         HEIGHT="71"
                         WIDTH="1701"
                         VPOS="441"
                         HPOS="190">
                  <String HEIGHT="71"
                          WIDTH="194"
                          VPOS="441"
                          HPOS="176"
                          CONTENT="iustitiae,"
                          SUBS_TYPE="HypPart2"
                          SUBS_CONTENT="iniustitiae,"/>
                  <SP HEIGHT="71" WIDTH="14" VPOS="441" HPOS="370"/>
                  <String HEIGHT="71"
                          WIDTH="111"
                          VPOS="441"
                          HPOS="328"
                          CONTENT="erit"/>
                  <SP HEIGHT="71" WIDTH="14" VPOS="441" HPOS="439"/>
                  <String HEIGHT="71"
                          WIDTH="138"
                          VPOS="441"
                          HPOS="397"
                          CONTENT="aliqua"/>
                  <SP HEIGHT="71" WIDTH="14" VPOS="441" HPOS="536"/>
                  <String HEIGHT="71"
                          WIDTH="166"
                          VPOS="441"
                          HPOS="494"
                          CONTENT="iustitia"/>
                  <SP HEIGHT="71" WIDTH="14" VPOS="441" HPOS="660"/>
                  <String HEIGHT="71"
                          WIDTH="111"
                          VPOS="441"
                          HPOS="619"
                          CONTENT="quae"/>
                  <SP HEIGHT="71" WIDTH="14" VPOS="441" HPOS="729"/>
                  <String HEIGHT="71"
                          WIDTH="111"
                          VPOS="441"
                          HPOS="688"
                          CONTENT="erit"/>
                  <SP HEIGHT="71" WIDTH="14" VPOS="441" HPOS="798"/>
                  <String HEIGHT="71"
                          WIDTH="111"
                          VPOS="441"
                          HPOS="757"
                          CONTENT="pars"/>
                  <SP HEIGHT="71" WIDTH="14" VPOS="441" HPOS="868"/>
                  <String HEIGHT="71"
                          WIDTH="138"
                          VPOS="441"
                          HPOS="826"
                          CONTENT="totius"/>
                  <SP HEIGHT="71" WIDTH="14" VPOS="441" HPOS="964"/>
                  <String HEIGHT="71"
                          WIDTH="180"
                          VPOS="441"
                          HPOS="923"
                          CONTENT="iustitiae"/>
                  <SP HEIGHT="71" WIDTH="14" VPOS="441" HPOS="1103"/>
                  <String HEIGHT="71"
                          WIDTH="166"
                          VPOS="441"
                          HPOS="1061"
                          CONTENT="legalis:"/>
                  <SP HEIGHT="71" WIDTH="14" VPOS="441" HPOS="1227"/>
                  <String HEIGHT="71" WIDTH="83" VPOS="441" HPOS="1186" CONTENT="at"/>
                  <SP HEIGHT="71" WIDTH="14" VPOS="441" HPOS="1269"/>
                  <String HEIGHT="71" WIDTH="97" VPOS="441" HPOS="1227" CONTENT="est"/>
                  <SP HEIGHT="71" WIDTH="14" VPOS="441" HPOS="1324"/>
                  <String HEIGHT="71"
                          WIDTH="138"
                          VPOS="441"
                          HPOS="1283"
                          CONTENT="aliqua"/>
                  <SP HEIGHT="71" WIDTH="14" VPOS="441" HPOS="1421"/>
                  <String HEIGHT="71"
                          WIDTH="194"
                          VPOS="441"
                          HPOS="1379"
                          CONTENT="iniustitia"/>
                  <SP HEIGHT="71" WIDTH="14" VPOS="441" HPOS="1573"/>
                  <String HEIGHT="71"
                          WIDTH="235"
                          VPOS="441"
                          HPOS="1531"
                          CONTENT="particularis,"/>
                  <SP HEIGHT="71" WIDTH="14" VPOS="441" HPOS="1767"/>
                  <String HEIGHT="71"
                          WIDTH="152"
                          VPOS="441"
                          HPOS="1725"
                          CONTENT="proinde"/>
                  <SP HEIGHT="71" WIDTH="14" VPOS="441" HPOS="1877"/>
                  <String HEIGHT="71" WIDTH="69" VPOS="441" HPOS="1822" CONTENT="est"/>
               </TextLine>
               <TextLine ID="r1l11"
                         BASELINE="204,549 288,548 372,546 456,545 540,543 624,542 708,540 792,540 876,539 960,539 1044,537 1128,537 1212,536 1296,536 1380,536 1464,534 1548,534 1632,534 1716,533 1800,533 1884,533"
                         HEIGHT="72"
                         WIDTH="1704"
                         VPOS="493"
                         HPOS="192">
                  <String HEIGHT="72"
                          WIDTH="178"
                          VPOS="493"
                          HPOS="177"
                          CONTENT="iustitia"/>
                  <SP HEIGHT="72" WIDTH="15" VPOS="493" HPOS="355"/>
                  <String HEIGHT="72"
                          WIDTH="252"
                          VPOS="493"
                          HPOS="311"
                          CONTENT="particularis."/>
                  <SP HEIGHT="72" WIDTH="15" VPOS="493" HPOS="562"/>
                  <String HEIGHT="72"
                          WIDTH="222"
                          VPOS="493"
                          HPOS="518"
                          CONTENT="Iniustitiam"/>
                  <SP HEIGHT="72" WIDTH="15" VPOS="493" HPOS="740"/>
                  <String HEIGHT="72"
                          WIDTH="237"
                          VPOS="493"
                          HPOS="696"
                          CONTENT="particularem"/>
                  <SP HEIGHT="72" WIDTH="15" VPOS="493" HPOS="933"/>
                  <String HEIGHT="72"
                          WIDTH="178"
                          VPOS="493"
                          HPOS="888"
                          CONTENT="monstrat"/>
                  <SP HEIGHT="72" WIDTH="15" VPOS="493" HPOS="1066"/>
                  <String HEIGHT="72"
                          WIDTH="104"
                          VPOS="493"
                          HPOS="1022"
                          CONTENT="per"/>
                  <SP HEIGHT="72" WIDTH="15" VPOS="493" HPOS="1125"/>
                  <String HEIGHT="72"
                          WIDTH="133"
                          VPOS="493"
                          HPOS="1081"
                          CONTENT="illud"/>
                  <SP HEIGHT="72" WIDTH="15" VPOS="493" HPOS="1214"/>
                  <String HEIGHT="72"
                          WIDTH="119"
                          VPOS="493"
                          HPOS="1170"
                          CONTENT="quod"/>
                  <SP HEIGHT="72" WIDTH="15" VPOS="493" HPOS="1288"/>
                  <String HEIGHT="72"
                          WIDTH="178"
                          VPOS="493"
                          HPOS="1244"
                          CONTENT="quispiam"/>
                  <SP HEIGHT="72" WIDTH="15" VPOS="493" HPOS="1422"/>
                  <String HEIGHT="72"
                          WIDTH="119"
                          VPOS="493"
                          HPOS="1377"
                          CONTENT="plus"/>
                  <SP HEIGHT="72" WIDTH="15" VPOS="493" HPOS="1496"/>
                  <String HEIGHT="72"
                          WIDTH="163"
                          VPOS="493"
                          HPOS="1451"
                          CONTENT="appetit"/>
                  <SP HEIGHT="72" WIDTH="15" VPOS="493" HPOS="1614"/>
                  <String HEIGHT="72" WIDTH="89" VPOS="493" HPOS="1570" CONTENT="vt"/>
                  <SP HEIGHT="72" WIDTH="15" VPOS="493" HPOS="1659"/>
                  <String HEIGHT="72"
                          WIDTH="193"
                          VPOS="493"
                          HPOS="1614"
                          CONTENT="nuperrime"/>
                  <SP HEIGHT="72" WIDTH="15" VPOS="493" HPOS="1807"/>
                  <String HEIGHT="72"
                          WIDTH="148"
                          VPOS="493"
                          HPOS="1748"
                          CONTENT="enuclea¬"
                          SUBS_TYPE="HypPart1"
                          SUBS_CONTENT="enucleauimus."/>
                  <HYP CONTENT="-"/>
               </TextLine>
               <TextLine ID="r1l12"
                         BASELINE="207,596 290,594 374,593 458,593 542,591 626,590 710,590 793,588 877,587 961,587 1045,585 1129,585 1213,584 1297,584 1380,582 1464,582 1548,581 1632,581 1716,581 1800,579 1884,579"
                         HEIGHT="69"
                         WIDTH="1699"
                         VPOS="544"
                         HPOS="195">
                  <String HEIGHT="69"
                          WIDTH="150"
                          VPOS="544"
                          HPOS="180"
                          CONTENT="uimus."
                          SUBS_TYPE="HypPart2"
                          SUBS_CONTENT="enucleauimus."/>
                  <SP HEIGHT="69" WIDTH="15" VPOS="544" HPOS="330"/>
                  <String HEIGHT="69"
                          WIDTH="165"
                          VPOS="544"
                          HPOS="285"
                          CONTENT="Secundo"/>
                  <SP HEIGHT="69" WIDTH="15" VPOS="544" HPOS="451"/>
                  <String HEIGHT="69"
                          WIDTH="120"
                          VPOS="544"
                          HPOS="405"
                          CONTENT="idem"/>
                  <SP HEIGHT="69" WIDTH="15" VPOS="544" HPOS="526"/>
                  <String HEIGHT="69"
                          WIDTH="150"
                          VPOS="544"
                          HPOS="481"
                          CONTENT="probat"/>
                  <SP HEIGHT="69" WIDTH="15" VPOS="544" HPOS="631"/>
                  <String HEIGHT="69"
                          WIDTH="165"
                          VPOS="544"
                          HPOS="586"
                          CONTENT="sumendo"/>
                  <SP HEIGHT="69" WIDTH="15" VPOS="544" HPOS="751"/>
                  <String HEIGHT="69"
                          WIDTH="150"
                          VPOS="544"
                          HPOS="706"
                          CONTENT="eundem"/>
                  <SP HEIGHT="69" WIDTH="15" VPOS="544" HPOS="857"/>
                  <String HEIGHT="69"
                          WIDTH="135"
                          VPOS="544"
                          HPOS="811"
                          CONTENT="actum"/>
                  <SP HEIGHT="69" WIDTH="15" VPOS="544" HPOS="947"/>
                  <String HEIGHT="69" WIDTH="105" VPOS="544" HPOS="902" CONTENT="cum"/>
                  <SP HEIGHT="69" WIDTH="15" VPOS="544" HPOS="1007"/>
                  <String HEIGHT="69"
                          WIDTH="165"
                          VPOS="544"
                          HPOS="962"
                          CONTENT="diuerso"/>
                  <SP HEIGHT="69" WIDTH="15" VPOS="544" HPOS="1127"/>
                  <String HEIGHT="69"
                          WIDTH="150"
                          VPOS="544"
                          HPOS="1082"
                          CONTENT="scopo,"/>
                  <SP HEIGHT="69" WIDTH="15" VPOS="544" HPOS="1232"/>
                  <String HEIGHT="69" WIDTH="75" VPOS="544" HPOS="1187" CONTENT="&amp;"/>
                  <SP HEIGHT="69" WIDTH="15" VPOS="544" HPOS="1263"/>
                  <String HEIGHT="69" WIDTH="90" VPOS="544" HPOS="1217" CONTENT="vt"/>
                  <SP HEIGHT="69" WIDTH="15" VPOS="544" HPOS="1308"/>
                  <String HEIGHT="69"
                          WIDTH="180"
                          VPOS="544"
                          HPOS="1263"
                          CONTENT="lectorem"/>
                  <SP HEIGHT="69" WIDTH="15" VPOS="544" HPOS="1443"/>
                  <String HEIGHT="69"
                          WIDTH="105"
                          VPOS="544"
                          HPOS="1398"
                          CONTENT="non"/>
                  <SP HEIGHT="69" WIDTH="15" VPOS="544" HPOS="1503"/>
                  <String HEIGHT="69"
                          WIDTH="195"
                          VPOS="544"
                          HPOS="1458"
                          CONTENT="remorarer"/>
                  <SP HEIGHT="69" WIDTH="15" VPOS="544" HPOS="1653"/>
                  <String HEIGHT="69"
                          WIDTH="135"
                          VPOS="544"
                          HPOS="1608"
                          CONTENT="breui"/>
                  <SP HEIGHT="69" WIDTH="15" VPOS="544" HPOS="1744"/>
                  <String HEIGHT="69"
                          WIDTH="105"
                          VPOS="544"
                          HPOS="1699"
                          CONTENT="sic"/>
                  <SP HEIGHT="69" WIDTH="15" VPOS="544" HPOS="1804"/>
                  <String HEIGHT="69" WIDTH="90" VPOS="544" HPOS="1759" CONTENT="in"/>
                  <SP HEIGHT="69" WIDTH="15" VPOS="544" HPOS="1849"/>
                  <String HEIGHT="69"
                          WIDTH="105"
                          VPOS="544"
                          HPOS="1789"
                          CONTENT="valo¬"
                          SUBS_TYPE="HypPart1"
                          SUBS_CONTENT="valore"/>
                  <HYP CONTENT="-"/>
               </TextLine>
               <TextLine ID="r1l13"
                         BASELINE="207,645 291,642 375,641 459,639 543,638 627,636 711,635 796,635 880,633 964,633 1048,632 1132,632 1216,632 1300,630 1385,630 1469,630 1553,629 1637,629 1721,627 1805,627 1890,626"
                         HEIGHT="74"
                         WIDTH="1706"
                         VPOS="584"
                         HPOS="195">
                  <String HEIGHT="74"
                          WIDTH="84"
                          VPOS="584"
                          HPOS="181"
                          CONTENT="re"
                          SUBS_TYPE="HypPart2"
                          SUBS_CONTENT="valore"/>
                  <SP HEIGHT="74" WIDTH="14" VPOS="584" HPOS="265"/>
                  <String HEIGHT="74"
                          WIDTH="210"
                          VPOS="584"
                          HPOS="223"
                          CONTENT="rationatur."/>
                  <SP HEIGHT="74" WIDTH="14" VPOS="584" HPOS="433"/>
                  <String HEIGHT="74"
                          WIDTH="126"
                          VPOS="584"
                          HPOS="391"
                          CONTENT="Illae"/>
                  <SP HEIGHT="74" WIDTH="14" VPOS="584" HPOS="517"/>
                  <String HEIGHT="74"
                          WIDTH="168"
                          VPOS="584"
                          HPOS="475"
                          CONTENT="malitiae"/>
                  <SP HEIGHT="74" WIDTH="14" VPOS="584" HPOS="642"/>
                  <String HEIGHT="74"
                          WIDTH="112"
                          VPOS="584"
                          HPOS="601"
                          CONTENT="sunt"/>
                  <SP HEIGHT="74" WIDTH="14" VPOS="584" HPOS="712"/>
                  <String HEIGHT="74"
                          WIDTH="196"
                          VPOS="584"
                          HPOS="670"
                          CONTENT="distinctae"/>
                  <SP HEIGHT="74" WIDTH="14" VPOS="584" HPOS="866"/>
                  <String HEIGHT="74"
                          WIDTH="112"
                          VPOS="584"
                          HPOS="824"
                          CONTENT="quae"/>
                  <SP HEIGHT="74" WIDTH="14" VPOS="584" HPOS="936"/>
                  <String HEIGHT="74"
                          WIDTH="196"
                          VPOS="584"
                          HPOS="894"
                          CONTENT="ordinantur"/>
                  <SP HEIGHT="74" WIDTH="14" VPOS="584" HPOS="1090"/>
                  <String HEIGHT="74" WIDTH="84" VPOS="584" HPOS="1048" CONTENT="ad"/>
                  <SP HEIGHT="74" WIDTH="14" VPOS="584" HPOS="1132"/>
                  <String HEIGHT="74"
                          WIDTH="196"
                          VPOS="584"
                          HPOS="1090"
                          CONTENT="distinctos"/>
                  <SP HEIGHT="74" WIDTH="14" VPOS="584" HPOS="1286"/>
                  <String HEIGHT="74"
                          WIDTH="140"
                          VPOS="584"
                          HPOS="1244"
                          CONTENT="fines:"/>
                  <SP HEIGHT="74" WIDTH="14" VPOS="584" HPOS="1384"/>
                  <String HEIGHT="74" WIDTH="84" VPOS="584" HPOS="1342" CONTENT="at"/>
                  <SP HEIGHT="74" WIDTH="14" VPOS="584" HPOS="1426"/>
                  <String HEIGHT="74"
                          WIDTH="168"
                          VPOS="584"
                          HPOS="1384"
                          CONTENT="auaritia"/>
                  <SP HEIGHT="74" WIDTH="14" VPOS="584" HPOS="1551"/>
                  <String HEIGHT="74"
                          WIDTH="112"
                          VPOS="584"
                          HPOS="1509"
                          CONTENT="quae"/>
                  <SP HEIGHT="74" WIDTH="14" VPOS="584" HPOS="1621"/>
                  <String HEIGHT="74" WIDTH="98" VPOS="584" HPOS="1579" CONTENT="est"/>
                  <SP HEIGHT="74" WIDTH="14" VPOS="584" HPOS="1677"/>
                  <String HEIGHT="74"
                          WIDTH="224"
                          VPOS="584"
                          HPOS="1635"
                          CONTENT="particularis"/>
                  <SP HEIGHT="74" WIDTH="14" VPOS="584" HPOS="1859"/>
                  <String HEIGHT="74"
                          WIDTH="98"
                          VPOS="584"
                          HPOS="1803"
                          CONTENT="iniu¬"
                          SUBS_TYPE="HypPart1"
                          SUBS_CONTENT="iniustitia,"/>
                  <HYP CONTENT="-"/>
               </TextLine>
               <TextLine ID="r1l14"
                         BASELINE="216,690 299,689 383,687 467,686 550,685 634,684 718,683 801,683 885,681 969,680 1053,680 1136,678 1220,678 1304,678 1387,677 1471,677 1555,675 1638,675 1722,674 1806,674 1890,672"
                         HEIGHT="63"
                         WIDTH="1696"
                         VPOS="635"
                         HPOS="205">
                  <String HEIGHT="63"
                          WIDTH="154"
                          VPOS="635"
                          HPOS="191"
                          CONTENT="stitia,"
                          SUBS_TYPE="HypPart2"
                          SUBS_CONTENT="iniustitia,"/>
                  <SP HEIGHT="63" WIDTH="14" VPOS="635" HPOS="345"/>
                  <String HEIGHT="63"
                          WIDTH="182"
                          VPOS="635"
                          HPOS="303"
                          CONTENT="ordinatur"/>
                  <SP HEIGHT="63" WIDTH="14" VPOS="635" HPOS="485"/>
                  <String HEIGHT="63" WIDTH="84" VPOS="635" HPOS="443" CONTENT="ad"/>
                  <SP HEIGHT="63" WIDTH="14" VPOS="635" HPOS="527"/>
                  <String HEIGHT="63"
                          WIDTH="126"
                          VPOS="635"
                          HPOS="485"
                          CONTENT="alium"/>
                  <SP HEIGHT="63" WIDTH="14" VPOS="635" HPOS="611"/>
                  <String HEIGHT="63"
                          WIDTH="126"
                          VPOS="635"
                          HPOS="569"
                          CONTENT="finem"/>
                  <SP HEIGHT="63" WIDTH="14" VPOS="635" HPOS="696"/>
                  <String HEIGHT="63"
                          WIDTH="112"
                          VPOS="635"
                          HPOS="654"
                          CONTENT="quam"/>
                  <SP HEIGHT="63" WIDTH="14" VPOS="635" HPOS="766"/>
                  <String HEIGHT="63"
                          WIDTH="196"
                          VPOS="635"
                          HPOS="724"
                          CONTENT="iniustitia"/>
                  <SP HEIGHT="63" WIDTH="14" VPOS="635" HPOS="920"/>
                  <String HEIGHT="63"
                          WIDTH="196"
                          VPOS="635"
                          HPOS="878"
                          CONTENT="illegalis:"/>
                  <SP HEIGHT="63" WIDTH="14" VPOS="635" HPOS="1074"/>
                  <String HEIGHT="63"
                          WIDTH="140"
                          VPOS="635"
                          HPOS="1032"
                          CONTENT="igitur"/>
                  <SP HEIGHT="63" WIDTH="14" VPOS="635" HPOS="1172"/>
                  <String HEIGHT="63"
                          WIDTH="112"
                          VPOS="635"
                          HPOS="1130"
                          CONTENT="sunt"/>
                  <SP HEIGHT="63" WIDTH="14" VPOS="635" HPOS="1242"/>
                  <String HEIGHT="63"
                          WIDTH="168"
                          VPOS="635"
                          HPOS="1200"
                          CONTENT="malitiae"/>
                  <SP HEIGHT="63" WIDTH="14" VPOS="635" HPOS="1368"/>
                  <String HEIGHT="63"
                          WIDTH="210"
                          VPOS="635"
                          HPOS="1326"
                          CONTENT="distinctae."/>
                  <SP HEIGHT="63" WIDTH="14" VPOS="635" HPOS="1537"/>
                  <String HEIGHT="63"
                          WIDTH="126"
                          VPOS="635"
                          HPOS="1495"
                          CONTENT="Maior"/>
                  <SP HEIGHT="63" WIDTH="14" VPOS="635" HPOS="1621"/>
                  <String HEIGHT="63" WIDTH="98" VPOS="635" HPOS="1579" CONTENT="est"/>
                  <SP HEIGHT="63" WIDTH="14" VPOS="635" HPOS="1677"/>
                  <String HEIGHT="63"
                          WIDTH="126"
                          VPOS="635"
                          HPOS="1635"
                          CONTENT="nota."/>
                  <SP HEIGHT="63" WIDTH="14" VPOS="635" HPOS="1761"/>
                  <String HEIGHT="63"
                          WIDTH="154"
                          VPOS="635"
                          HPOS="1719"
                          CONTENT="Habitus"/>
                  <SP HEIGHT="63" WIDTH="14" VPOS="635" HPOS="1873"/>
                  <String HEIGHT="63"
                          WIDTH="84"
                          VPOS="635"
                          HPOS="1817"
                          CONTENT="enim"/>
               </TextLine>
               <TextLine ID="r1l15"
                         BASELINE="210,738 293,737 377,735 460,734 544,732 628,731 711,731 795,729 879,728 962,728 1046,726 1130,726 1213,725 1297,725 1381,725 1464,723 1548,723 1632,723 1715,723 1799,722 1883,722"
                         HEIGHT="71"
                         WIDTH="1695"
                         VPOS="682"
                         HPOS="198">
                  <String HEIGHT="71"
                          WIDTH="253"
                          VPOS="682"
                          HPOS="183"
                          CONTENT="distinguuntur"/>
                  <SP HEIGHT="71" WIDTH="15" VPOS="682" HPOS="436"/>
                  <String HEIGHT="71" WIDTH="74" VPOS="682" HPOS="391" CONTENT="&amp;"/>
                  <SP HEIGHT="71" WIDTH="15" VPOS="682" HPOS="466"/>
                  <String HEIGHT="71" WIDTH="89" VPOS="682" HPOS="421" CONTENT="ex"/>
                  <SP HEIGHT="71" WIDTH="15" VPOS="682" HPOS="510"/>
                  <String HEIGHT="71"
                          WIDTH="134"
                          VPOS="682"
                          HPOS="466"
                          CONTENT="parte"/>
                  <SP HEIGHT="71" WIDTH="15" VPOS="682" HPOS="599"/>
                  <String HEIGHT="71"
                          WIDTH="208"
                          VPOS="682"
                          HPOS="555"
                          CONTENT="obiectorum"/>
                  <SP HEIGHT="71" WIDTH="15" VPOS="682" HPOS="763"/>
                  <String HEIGHT="71" WIDTH="74" VPOS="682" HPOS="718" CONTENT="&amp;"/>
                  <SP HEIGHT="71" WIDTH="15" VPOS="682" HPOS="793"/>
                  <String HEIGHT="71"
                          WIDTH="149"
                          VPOS="682"
                          HPOS="748"
                          CONTENT="finium"/>
                  <SP HEIGHT="71" WIDTH="15" VPOS="682" HPOS="897"/>
                  <String HEIGHT="71"
                          WIDTH="268"
                          VPOS="682"
                          HPOS="852"
                          CONTENT="intrinsecorum,"/>
                  <SP HEIGHT="71" WIDTH="15" VPOS="682" HPOS="1120"/>
                  <String HEIGHT="71"
                          WIDTH="119"
                          VPOS="682"
                          HPOS="1075"
                          CONTENT="quia"/>
                  <SP HEIGHT="71" WIDTH="15" VPOS="682" HPOS="1194"/>
                  <String HEIGHT="71"
                          WIDTH="119"
                          VPOS="682"
                          HPOS="1150"
                          CONTENT="illi"/>
                  <SP HEIGHT="71" WIDTH="15" VPOS="682" HPOS="1269"/>
                  <String HEIGHT="71"
                          WIDTH="119"
                          VPOS="682"
                          HPOS="1224"
                          CONTENT="sunt"/>
                  <SP HEIGHT="71" WIDTH="15" VPOS="682" HPOS="1343"/>
                  <String HEIGHT="71"
                          WIDTH="164"
                          VPOS="682"
                          HPOS="1298"
                          CONTENT="obiecta"/>
                  <SP HEIGHT="71" WIDTH="15" VPOS="682" HPOS="1462"/>
                  <String HEIGHT="71"
                          WIDTH="193"
                          VPOS="682"
                          HPOS="1417"
                          CONTENT="partialia"/>
                  <SP HEIGHT="71" WIDTH="15" VPOS="682" HPOS="1611"/>
                  <String HEIGHT="71" WIDTH="74" VPOS="682" HPOS="1566" CONTENT="&amp;"/>
                  <SP HEIGHT="71" WIDTH="15" VPOS="682" HPOS="1640"/>
                  <String HEIGHT="71"
                          WIDTH="134"
                          VPOS="682"
                          HPOS="1596"
                          CONTENT="etiam"/>
                  <SP HEIGHT="71" WIDTH="15" VPOS="682" HPOS="1729"/>
                  <String HEIGHT="71"
                          WIDTH="149"
                          VPOS="682"
                          HPOS="1685"
                          CONTENT="finium"/>
                  <SP HEIGHT="71" WIDTH="15" VPOS="682" HPOS="1834"/>
                  <String HEIGHT="71"
                          WIDTH="119"
                          VPOS="682"
                          HPOS="1774"
                          CONTENT="extrin"/>
               </TextLine>
               <TextLine ID="r1l16"
                         BASELINE="215,783 298,782 382,782 466,780 549,779 633,779 717,777 800,777 884,776 968,776 1052,776 1135,774 1219,774 1303,773 1386,773 1470,771 1554,771 1637,770 1721,770 1805,768 1889,768"
                         HEIGHT="75"
                         WIDTH="1694"
                         VPOS="730"
                         HPOS="205">
                  <String HEIGHT="75"
                          WIDTH="180"
                          VPOS="730"
                          HPOS="190"
                          CONTENT="secorum."/>
                  <SP HEIGHT="75" WIDTH="15" VPOS="730" HPOS="370"/>
                  <String HEIGHT="75"
                          WIDTH="165"
                          VPOS="730"
                          HPOS="325"
                          CONTENT="Minorem"/>
                  <SP HEIGHT="75" WIDTH="15" VPOS="730" HPOS="490"/>
                  <String HEIGHT="75"
                          WIDTH="135"
                          VPOS="730"
                          HPOS="445"
                          CONTENT="ponit"/>
                  <SP HEIGHT="75" WIDTH="15" VPOS="730" HPOS="580"/>
                  <String HEIGHT="75" WIDTH="90" VPOS="730" HPOS="535" CONTENT="in"/>
                  <SP HEIGHT="75" WIDTH="15" VPOS="730" HPOS="625"/>
                  <String HEIGHT="75"
                          WIDTH="150"
                          VPOS="730"
                          HPOS="580"
                          CONTENT="litera"/>
                  <SP HEIGHT="75" WIDTH="15" VPOS="730" HPOS="730"/>
                  <String HEIGHT="75"
                          WIDTH="195"
                          VPOS="730"
                          HPOS="685"
                          CONTENT="inquiens."/>
                  <SP HEIGHT="75" WIDTH="15" VPOS="730" HPOS="880"/>
                  <String HEIGHT="75"
                          WIDTH="195"
                          VPOS="730"
                          HPOS="835"
                          CONTENT="Praeterea"/>
                  <SP HEIGHT="75" WIDTH="15" VPOS="730" HPOS="1030"/>
                  <String HEIGHT="75" WIDTH="90" VPOS="730" HPOS="985" CONTENT="si"/>
                  <SP HEIGHT="75" WIDTH="15" VPOS="730" HPOS="1074"/>
                  <String HEIGHT="75"
                          WIDTH="180"
                          VPOS="730"
                          HPOS="1030"
                          CONTENT="quispiam"/>
                  <SP HEIGHT="75" WIDTH="15" VPOS="730" HPOS="1209"/>
                  <String HEIGHT="75"
                          WIDTH="180"
                          VPOS="730"
                          HPOS="1164"
                          CONTENT="lucrandi"/>
                  <SP HEIGHT="75" WIDTH="15" VPOS="730" HPOS="1344"/>
                  <String HEIGHT="75"
                          WIDTH="135"
                          VPOS="730"
                          HPOS="1299"
                          CONTENT="causa"/>
                  <SP HEIGHT="75" WIDTH="15" VPOS="730" HPOS="1434"/>
                  <String HEIGHT="75"
                          WIDTH="105"
                          VPOS="730"
                          HPOS="1389"
                          CONTENT="cum"/>
                  <SP HEIGHT="75" WIDTH="15" VPOS="730" HPOS="1494"/>
                  <String HEIGHT="75"
                          WIDTH="150"
                          VPOS="730"
                          HPOS="1449"
                          CONTENT="vetula"/>
                  <SP HEIGHT="75" WIDTH="15" VPOS="730" HPOS="1599"/>
                  <String HEIGHT="75"
                          WIDTH="180"
                          VPOS="730"
                          HPOS="1554"
                          CONTENT="caperata"/>
                  <SP HEIGHT="75" WIDTH="15" VPOS="730" HPOS="1734"/>
                  <String HEIGHT="75"
                          WIDTH="150"
                          VPOS="730"
                          HPOS="1689"
                          CONTENT="fronte"/>
                  <SP HEIGHT="75" WIDTH="15" VPOS="730" HPOS="1839"/>
                  <String HEIGHT="75"
                          WIDTH="120"
                          VPOS="730"
                          HPOS="1779"
                          CONTENT="adulte"/>
               </TextLine>
               <TextLine ID="r1l17"
                         BASELINE="209,833 292,831 376,830 460,828 544,827 628,827 712,825 795,825 879,824 963,824 1047,822 1131,822 1215,821 1299,821 1382,819 1466,819 1550,819 1634,818 1718,816 1802,816 1886,815"
                         HEIGHT="72"
                         WIDTH="1699"
                         VPOS="778"
                         HPOS="197">
                  <String HEIGHT="72"
                          WIDTH="127"
                          VPOS="778"
                          HPOS="181"
                          CONTENT="rium"/>
                  <SP HEIGHT="72" WIDTH="16" VPOS="778" HPOS="308"/>
                  <String HEIGHT="72"
                          WIDTH="175"
                          VPOS="778"
                          HPOS="261"
                          CONTENT="patrat,"/>
                  <SP HEIGHT="72" WIDTH="16" VPOS="778" HPOS="435"/>
                  <String HEIGHT="72" WIDTH="95" VPOS="778" HPOS="388" CONTENT="vt"/>
                  <SP HEIGHT="72" WIDTH="16" VPOS="778" HPOS="483"/>
                  <String HEIGHT="72"
                          WIDTH="191"
                          VPOS="778"
                          HPOS="435"
                          CONTENT="pecunias"/>
                  <SP HEIGHT="72" WIDTH="16" VPOS="778" HPOS="626"/>
                  <String HEIGHT="72"
                          WIDTH="206"
                          VPOS="778"
                          HPOS="578"
                          CONTENT="accipiat,"/>
                  <SP HEIGHT="72" WIDTH="16" VPOS="778" HPOS="785"/>
                  <String HEIGHT="72"
                          WIDTH="159"
                          VPOS="778"
                          HPOS="737"
                          CONTENT="quidam"/>
                  <SP HEIGHT="72" WIDTH="16" VPOS="778" HPOS="896"/>
                  <String HEIGHT="72"
                          WIDTH="159"
                          VPOS="778"
                          HPOS="848"
                          CONTENT="contra"/>
                  <SP HEIGHT="72" WIDTH="16" VPOS="778" HPOS="1007"/>
                  <String HEIGHT="72"
                          WIDTH="127"
                          VPOS="778"
                          HPOS="959"
                          CONTENT="bona"/>
                  <SP HEIGHT="72" WIDTH="16" VPOS="778" HPOS="1086"/>
                  <String HEIGHT="72"
                          WIDTH="111"
                          VPOS="778"
                          HPOS="1039"
                          CONTENT="sua"/>
                  <SP HEIGHT="72" WIDTH="16" VPOS="778" HPOS="1150"/>
                  <String HEIGHT="72"
                          WIDTH="175"
                          VPOS="778"
                          HPOS="1102"
                          CONTENT="erogans"/>
                  <SP HEIGHT="72" WIDTH="16" VPOS="778" HPOS="1277"/>
                  <String HEIGHT="72"
                          WIDTH="206"
                          VPOS="778"
                          HPOS="1229"
                          CONTENT="formosae,"/>
                  <SP HEIGHT="72" WIDTH="16" VPOS="778" HPOS="1436"/>
                  <String HEIGHT="72"
                          WIDTH="159"
                          VPOS="778"
                          HPOS="1388"
                          CONTENT="damnum"/>
                  <SP HEIGHT="72" WIDTH="16" VPOS="778" HPOS="1547"/>
                  <String HEIGHT="72" WIDTH="95" VPOS="778" HPOS="1499" CONTENT="ob"/>
                  <SP HEIGHT="72" WIDTH="16" VPOS="778" HPOS="1594"/>
                  <String HEIGHT="72"
                          WIDTH="302"
                          VPOS="778"
                          HPOS="1547"
                          CONTENT="concupiscentiam"/>
                  <SP HEIGHT="72" WIDTH="16" VPOS="778" HPOS="1848"/>
                  <String HEIGHT="72"
                          WIDTH="111"
                          VPOS="778"
                          HPOS="1785"
                          CONTENT="pati¬"
                          SUBS_TYPE="HypPart1"
                          SUBS_CONTENT="patitur:"/>
                  <HYP CONTENT="-"/>
               </TextLine>
               <TextLine ID="r1l18"
                         BASELINE="216,879 299,878 383,876 466,875 550,875 634,873 717,873 801,872 885,872 968,870 1052,870 1136,869 1219,869 1303,867 1387,867 1470,867 1554,866 1638,866 1721,864 1805,864 1889,863"
                         HEIGHT="61"
                         WIDTH="1694"
                         VPOS="833"
                         HPOS="206">
                  <String HEIGHT="61"
                          WIDTH="119"
                          VPOS="833"
                          HPOS="191"
                          CONTENT="tur:"
                          SUBS_TYPE="HypPart2"
                          SUBS_CONTENT="patitur:"/>
                  <SP HEIGHT="61" WIDTH="15" VPOS="833" HPOS="310"/>
                  <String HEIGHT="61" WIDTH="104" VPOS="833" HPOS="265" CONTENT="hic"/>
                  <SP HEIGHT="61" WIDTH="15" VPOS="833" HPOS="369"/>
                  <String HEIGHT="61"
                          WIDTH="149"
                          VPOS="833"
                          HPOS="325"
                          CONTENT="quidem"/>
                  <SP HEIGHT="61" WIDTH="15" VPOS="833" HPOS="473"/>
                  <String HEIGHT="61"
                          WIDTH="223"
                          VPOS="833"
                          HPOS="429"
                          CONTENT="intemperans"/>
                  <SP HEIGHT="61" WIDTH="15" VPOS="833" HPOS="652"/>
                  <String HEIGHT="61"
                          WIDTH="134"
                          VPOS="833"
                          HPOS="607"
                          CONTENT="magis"/>
                  <SP HEIGHT="61" WIDTH="15" VPOS="833" HPOS="741"/>
                  <String HEIGHT="61"
                          WIDTH="163"
                          VPOS="833"
                          HPOS="696"
                          CONTENT="videtur"/>
                  <SP HEIGHT="61" WIDTH="15" VPOS="833" HPOS="860"/>
                  <String HEIGHT="61"
                          WIDTH="119"
                          VPOS="833"
                          HPOS="815"
                          CONTENT="esse"/>
                  <SP HEIGHT="61" WIDTH="15" VPOS="833" HPOS="934"/>
                  <String HEIGHT="61"
                          WIDTH="119"
                          VPOS="833"
                          HPOS="890"
                          CONTENT="quam"/>
                  <SP HEIGHT="61" WIDTH="15" VPOS="833" HPOS="1008"/>
                  <String HEIGHT="61"
                          WIDTH="119"
                          VPOS="833"
                          HPOS="964"
                          CONTENT="plus"/>
                  <SP HEIGHT="61" WIDTH="15" VPOS="833" HPOS="1083"/>
                  <String HEIGHT="61"
                          WIDTH="193"
                          VPOS="833"
                          HPOS="1038"
                          CONTENT="appetens,"/>
                  <SP HEIGHT="61" WIDTH="15" VPOS="833" HPOS="1231"/>
                  <String HEIGHT="61"
                          WIDTH="119"
                          VPOS="833"
                          HPOS="1187"
                          CONTENT="ille"/>
                  <SP HEIGHT="61" WIDTH="15" VPOS="833" HPOS="1306"/>
                  <String HEIGHT="61"
                          WIDTH="134"
                          VPOS="833"
                          HPOS="1261"
                          CONTENT="autem"/>
                  <SP HEIGHT="61" WIDTH="15" VPOS="833" HPOS="1395"/>
                  <String HEIGHT="61"
                          WIDTH="178"
                          VPOS="833"
                          HPOS="1350"
                          CONTENT="iniustus"/>
                  <SP HEIGHT="61" WIDTH="15" VPOS="833" HPOS="1529"/>
                  <String HEIGHT="61"
                          WIDTH="149"
                          VPOS="833"
                          HPOS="1484"
                          CONTENT="quidem"/>
                  <SP HEIGHT="61" WIDTH="15" VPOS="833" HPOS="1633"/>
                  <String HEIGHT="61"
                          WIDTH="104"
                          VPOS="833"
                          HPOS="1588"
                          CONTENT="sed"/>
                  <SP HEIGHT="61" WIDTH="15" VPOS="833" HPOS="1692"/>
                  <String HEIGHT="61"
                          WIDTH="104"
                          VPOS="833"
                          HPOS="1647"
                          CONTENT="non"/>
                  <SP HEIGHT="61" WIDTH="15" VPOS="833" HPOS="1751"/>
                  <String HEIGHT="61"
                          WIDTH="208"
                          VPOS="833"
                          HPOS="1692"
                          CONTENT="intemperans."/>
               </TextLine>
               <TextLine ID="r1l19"
                         BASELINE="221,926 304,924 387,924 470,923 553,923 636,921 719,920 802,920 885,918 968,918 1052,917 1135,917 1218,915 1301,915 1384,914 1467,914 1550,914 1633,912 1716,912 1799,911 1883,911"
                         HEIGHT="67"
                         WIDTH="1685"
                         VPOS="871"
                         HPOS="210">
                  <String HEIGHT="67"
                          WIDTH="127"
                          VPOS="871"
                          HPOS="196"
                          CONTENT="Prior"/>
                  <SP HEIGHT="67" WIDTH="14" VPOS="871" HPOS="323"/>
                  <String HEIGHT="67"
                          WIDTH="113"
                          VPOS="871"
                          HPOS="281"
                          CONTENT="ille"/>
                  <SP HEIGHT="67" WIDTH="14" VPOS="871" HPOS="394"/>
                  <String HEIGHT="67"
                          WIDTH="142"
                          VPOS="871"
                          HPOS="352"
                          CONTENT="auarus"/>
                  <SP HEIGHT="67" WIDTH="14" VPOS="871" HPOS="493"/>
                  <String HEIGHT="67" WIDTH="85" VPOS="871" HPOS="451" CONTENT="ob"/>
                  <SP HEIGHT="67" WIDTH="14" VPOS="871" HPOS="536"/>
                  <String HEIGHT="67"
                          WIDTH="142"
                          VPOS="871"
                          HPOS="493"
                          CONTENT="lucrum"/>
                  <SP HEIGHT="67" WIDTH="14" VPOS="871" HPOS="635"/>
                  <String HEIGHT="67"
                          WIDTH="127"
                          VPOS="871"
                          HPOS="592"
                          CONTENT="facit"/>
                  <SP HEIGHT="67" WIDTH="14" VPOS="871" HPOS="720"/>
                  <String HEIGHT="67"
                          WIDTH="227"
                          VPOS="871"
                          HPOS="677"
                          CONTENT="iniustitiam:"/>
                  <SP HEIGHT="67" WIDTH="14" VPOS="871" HPOS="904"/>
                  <String HEIGHT="67"
                          WIDTH="127"
                          VPOS="871"
                          HPOS="861"
                          CONTENT="alter"/>
                  <SP HEIGHT="67" WIDTH="14" VPOS="871" HPOS="989"/>
                  <String HEIGHT="67"
                          WIDTH="212"
                          VPOS="871"
                          HPOS="946"
                          CONTENT="libidinosus"/>
                  <SP HEIGHT="67" WIDTH="14" VPOS="871" HPOS="1159"/>
                  <String HEIGHT="67" WIDTH="99" VPOS="871" HPOS="1116" CONTENT="est"/>
                  <SP HEIGHT="67" WIDTH="14" VPOS="871" HPOS="1215"/>
                  <String HEIGHT="67"
                          WIDTH="113"
                          VPOS="871"
                          HPOS="1173"
                          CONTENT="quia"/>
                  <SP HEIGHT="67" WIDTH="14" VPOS="871" HPOS="1286"/>
                  <String HEIGHT="67"
                          WIDTH="127"
                          VPOS="871"
                          HPOS="1244"
                          CONTENT="finem"/>
                  <SP HEIGHT="67" WIDTH="14" VPOS="871" HPOS="1371"/>
                  <String HEIGHT="67"
                          WIDTH="170"
                          VPOS="871"
                          HPOS="1329"
                          CONTENT="venereum"/>
                  <SP HEIGHT="67" WIDTH="14" VPOS="871" HPOS="1499"/>
                  <String HEIGHT="67"
                          WIDTH="198"
                          VPOS="871"
                          HPOS="1456"
                          CONTENT="voluptatem"/>
                  <SP HEIGHT="67" WIDTH="14" VPOS="871" HPOS="1654"/>
                  <String HEIGHT="67"
                          WIDTH="184"
                          VPOS="871"
                          HPOS="1612"
                          CONTENT="intendit."/>
                  <SP HEIGHT="67" WIDTH="14" VPOS="871" HPOS="1796"/>
                  <String HEIGHT="67"
                          WIDTH="142"
                          VPOS="871"
                          HPOS="1753"
                          CONTENT="Tertia"/>
                  <SP HEIGHT="67" WIDTH="14" VPOS="871" HPOS="1895"/>
                  <String HEIGHT="67" WIDTH="57" VPOS="871" HPOS="1838" CONTENT="ra"/>
               </TextLine>
               <TextLine ID="r1l20"
                         BASELINE="215,972 298,972 381,972 465,971 548,971 632,969 715,969 798,968 882,966 965,966 1049,965 1132,965 1215,963 1299,962 1382,962 1466,962 1549,960 1632,960 1716,959 1799,959 1883,959"
                         HEIGHT="73"
                         WIDTH="1688"
                         VPOS="920"
                         HPOS="205">
                  <String HEIGHT="73" WIDTH="95" VPOS="920" HPOS="191" CONTENT="tio"/>
                  <SP HEIGHT="73" WIDTH="14" VPOS="920" HPOS="287"/>
                  <String HEIGHT="73"
                          WIDTH="109"
                          VPOS="920"
                          HPOS="246"
                          CONTENT="est."/>
                  <SP HEIGHT="73" WIDTH="14" VPOS="920" HPOS="355"/>
                  <String HEIGHT="73"
                          WIDTH="177"
                          VPOS="920"
                          HPOS="314"
                          CONTENT="Quicumque"/>
                  <SP HEIGHT="73" WIDTH="14" VPOS="920" HPOS="491"/>
                  <String HEIGHT="73"
                          WIDTH="123"
                          VPOS="920"
                          HPOS="450"
                          CONTENT="facit"/>
                  <SP HEIGHT="73" WIDTH="14" VPOS="920" HPOS="573"/>
                  <String HEIGHT="73"
                          WIDTH="136"
                          VPOS="920"
                          HPOS="532"
                          CONTENT="contra"/>
                  <SP HEIGHT="73" WIDTH="14" VPOS="920" HPOS="668"/>
                  <String HEIGHT="73"
                          WIDTH="150"
                          VPOS="920"
                          HPOS="627"
                          CONTENT="aliquam"/>
                  <SP HEIGHT="73" WIDTH="14" VPOS="920" HPOS="777"/>
                  <String HEIGHT="73"
                          WIDTH="163"
                          VPOS="920"
                          HPOS="736"
                          CONTENT="virtutem"/>
                  <SP HEIGHT="73" WIDTH="14" VPOS="920" HPOS="899"/>
                  <String HEIGHT="73"
                          WIDTH="177"
                          VPOS="920"
                          HPOS="858"
                          CONTENT="specialem"/>
                  <SP HEIGHT="73" WIDTH="14" VPOS="920" HPOS="1035"/>
                  <String HEIGHT="73"
                          WIDTH="123"
                          VPOS="920"
                          HPOS="995"
                          CONTENT="facit"/>
                  <SP HEIGHT="73" WIDTH="14" VPOS="920" HPOS="1117"/>
                  <String HEIGHT="73"
                          WIDTH="136"
                          VPOS="920"
                          HPOS="1076"
                          CONTENT="contra"/>
                  <SP HEIGHT="73" WIDTH="14" VPOS="920" HPOS="1212"/>
                  <String HEIGHT="73"
                          WIDTH="177"
                          VPOS="920"
                          HPOS="1172"
                          CONTENT="iustitiam"/>
                  <SP HEIGHT="73" WIDTH="14" VPOS="920" HPOS="1348"/>
                  <String HEIGHT="73"
                          WIDTH="163"
                          VPOS="920"
                          HPOS="1308"
                          CONTENT="legalem,"/>
                  <SP HEIGHT="73" WIDTH="14" VPOS="920" HPOS="1471"/>
                  <String HEIGHT="73"
                          WIDTH="109"
                          VPOS="920"
                          HPOS="1430"
                          CONTENT="quae"/>
                  <SP HEIGHT="73" WIDTH="14" VPOS="920" HPOS="1539"/>
                  <String HEIGHT="73"
                          WIDTH="177"
                          VPOS="920"
                          HPOS="1498"
                          CONTENT="praecipit"/>
                  <SP HEIGHT="73" WIDTH="14" VPOS="920" HPOS="1675"/>
                  <String HEIGHT="73"
                          WIDTH="204"
                          VPOS="920"
                          HPOS="1634"
                          CONTENT="operationes"/>
                  <SP HEIGHT="73" WIDTH="14" VPOS="920" HPOS="1839"/>
                  <String HEIGHT="73"
                          WIDTH="109"
                          VPOS="920"
                          HPOS="1784"
                          CONTENT="omnium"/>
               </TextLine>
               <TextLine ID="r1l21"
                         BASELINE="213,1020 296,1019 380,1019 464,1019 547,1017 631,1017 715,1016 798,1016 882,1014 966,1014 1050,1013 1133,1011 1217,1011 1301,1010 1384,1009 1468,1008 1552,1007 1635,1007 1719,1005 1803,1005 1887,1005"
                         HEIGHT="65"
                         WIDTH="1696"
                         VPOS="967"
                         HPOS="202">
                  <String HEIGHT="65"
                          WIDTH="174"
                          VPOS="967"
                          HPOS="188"
                          CONTENT="virtutum"/>
                  <SP HEIGHT="65" WIDTH="14" VPOS="967" HPOS="361"/>
                  <String HEIGHT="65"
                          WIDTH="188"
                          VPOS="967"
                          HPOS="318"
                          CONTENT="moralium,"/>
                  <SP HEIGHT="65" WIDTH="14" VPOS="967" HPOS="506"/>
                  <String HEIGHT="65" WIDTH="87" VPOS="967" HPOS="463" CONTENT="vt"/>
                  <SP HEIGHT="65" WIDTH="14" VPOS="967" HPOS="550"/>
                  <String HEIGHT="65" WIDTH="87" VPOS="967" HPOS="506" CONTENT="in"/>
                  <SP HEIGHT="65" WIDTH="14" VPOS="967" HPOS="593"/>
                  <String HEIGHT="65"
                          WIDTH="145"
                          VPOS="967"
                          HPOS="550"
                          CONTENT="capite"/>
                  <SP HEIGHT="65" WIDTH="14" VPOS="967" HPOS="695"/>
                  <String HEIGHT="65"
                          WIDTH="145"
                          VPOS="967"
                          HPOS="651"
                          CONTENT="priore"/>
                  <SP HEIGHT="65" WIDTH="14" VPOS="967" HPOS="796"/>
                  <String HEIGHT="65" WIDTH="101" VPOS="967" HPOS="753" CONTENT="est"/>
                  <SP HEIGHT="65" WIDTH="14" VPOS="967" HPOS="854"/>
                  <String HEIGHT="65"
                          WIDTH="159"
                          VPOS="967"
                          HPOS="811"
                          CONTENT="dictum:"/>
                  <SP HEIGHT="65" WIDTH="14" VPOS="967" HPOS="970"/>
                  <String HEIGHT="65" WIDTH="87" VPOS="967" HPOS="927" CONTENT="at"/>
                  <SP HEIGHT="65" WIDTH="14" VPOS="967" HPOS="1014"/>
                  <String HEIGHT="65" WIDTH="101" VPOS="967" HPOS="970" CONTENT="non"/>
                  <SP HEIGHT="65" WIDTH="14" VPOS="967" HPOS="1072"/>
                  <String HEIGHT="65"
                          WIDTH="188"
                          VPOS="967"
                          HPOS="1028"
                          CONTENT="quicumque"/>
                  <SP HEIGHT="65" WIDTH="14" VPOS="967" HPOS="1217"/>
                  <String HEIGHT="65"
                          WIDTH="130"
                          VPOS="967"
                          HPOS="1173"
                          CONTENT="facit"/>
                  <SP HEIGHT="65" WIDTH="14" VPOS="967" HPOS="1304"/>
                  <String HEIGHT="65"
                          WIDTH="145"
                          VPOS="967"
                          HPOS="1260"
                          CONTENT="contra"/>
                  <SP HEIGHT="65" WIDTH="14" VPOS="967" HPOS="1405"/>
                  <String HEIGHT="65"
                          WIDTH="159"
                          VPOS="967"
                          HPOS="1362"
                          CONTENT="aliquam"/>
                  <SP HEIGHT="65" WIDTH="14" VPOS="967" HPOS="1521"/>
                  <String HEIGHT="65"
                          WIDTH="174"
                          VPOS="967"
                          HPOS="1478"
                          CONTENT="virtutem"/>
                  <SP HEIGHT="65" WIDTH="14" VPOS="967" HPOS="1652"/>
                  <String HEIGHT="65"
                          WIDTH="159"
                          VPOS="967"
                          HPOS="1608"
                          CONTENT="moralem"/>
                  <SP HEIGHT="65" WIDTH="14" VPOS="967" HPOS="1768"/>
                  <String HEIGHT="65"
                          WIDTH="130"
                          VPOS="967"
                          HPOS="1724"
                          CONTENT="facit"/>
                  <SP HEIGHT="65" WIDTH="14" VPOS="967" HPOS="1855"/>
                  <String HEIGHT="65"
                          WIDTH="101"
                          VPOS="967"
                          HPOS="1797"
                          CONTENT="iniu¬"
                          SUBS_TYPE="HypPart1"
                          SUBS_CONTENT="iniustitiam"/>
                  <HYP CONTENT="-"/>
               </TextLine>
               <TextLine ID="r1l22"
                         BASELINE="221,1067 304,1067 387,1065 470,1065 553,1064 636,1064 719,1064 802,1062 885,1062 968,1061 1052,1061 1135,1059 1218,1059 1301,1058 1384,1058 1467,1056 1550,1055 1633,1055 1716,1053 1799,1053 1883,1052"
                         HEIGHT="66"
                         WIDTH="1684"
                         VPOS="1013"
                         HPOS="210">
                  <String HEIGHT="66"
                          WIDTH="152"
                          VPOS="1013"
                          HPOS="196"
                          CONTENT="stitiam"
                          SUBS_TYPE="HypPart2"
                          SUBS_CONTENT="iniustitiam"/>
                  <SP HEIGHT="66" WIDTH="14" VPOS="1013" HPOS="348"/>
                  <String HEIGHT="66"
                          WIDTH="235"
                          VPOS="1013"
                          HPOS="307"
                          CONTENT="particularem:"/>
                  <SP HEIGHT="66" WIDTH="14" VPOS="1013" HPOS="541"/>
                  <String HEIGHT="66"
                          WIDTH="110"
                          VPOS="1013"
                          HPOS="500"
                          CONTENT="ergo"/>
                  <SP HEIGHT="66" WIDTH="14" VPOS="1013" HPOS="610"/>
                  <String HEIGHT="66"
                          WIDTH="152"
                          VPOS="1013"
                          HPOS="569"
                          CONTENT="praeter"/>
                  <SP HEIGHT="66" WIDTH="14" VPOS="1013" HPOS="721"/>
                  <String HEIGHT="66"
                          WIDTH="166"
                          VPOS="1013"
                          HPOS="679"
                          CONTENT="malitiam"/>
                  <SP HEIGHT="66" WIDTH="14" VPOS="1013" HPOS="845"/>
                  <String HEIGHT="66"
                          WIDTH="179"
                          VPOS="1013"
                          HPOS="804"
                          CONTENT="illegalem"/>
                  <SP HEIGHT="66" WIDTH="14" VPOS="1013" HPOS="983"/>
                  <String HEIGHT="66" WIDTH="97" VPOS="1013" HPOS="942" CONTENT="est"/>
                  <SP HEIGHT="66" WIDTH="14" VPOS="1013" HPOS="1038"/>
                  <String HEIGHT="66"
                          WIDTH="110"
                          VPOS="1013"
                          HPOS="997"
                          CONTENT="alia"/>
                  <SP HEIGHT="66" WIDTH="14" VPOS="1013" HPOS="1107"/>
                  <String HEIGHT="66"
                          WIDTH="152"
                          VPOS="1013"
                          HPOS="1066"
                          CONTENT="malitia"/>
                  <SP HEIGHT="66" WIDTH="14" VPOS="1013" HPOS="1218"/>
                  <String HEIGHT="66"
                          WIDTH="235"
                          VPOS="1013"
                          HPOS="1176"
                          CONTENT="particularis,"/>
                  <SP HEIGHT="66" WIDTH="14" VPOS="1013" HPOS="1411"/>
                  <String HEIGHT="66"
                          WIDTH="110"
                          VPOS="1013"
                          HPOS="1369"
                          CONTENT="quae"/>
                  <SP HEIGHT="66" WIDTH="14" VPOS="1013" HPOS="1480"/>
                  <String HEIGHT="66"
                          WIDTH="97"
                          VPOS="1013"
                          HPOS="1438"
                          CONTENT="est"/>
                  <SP HEIGHT="66" WIDTH="14" VPOS="1013" HPOS="1535"/>
                  <String HEIGHT="66"
                          WIDTH="193"
                          VPOS="1013"
                          HPOS="1494"
                          CONTENT="iniustitia"/>
                  <SP HEIGHT="66" WIDTH="14" VPOS="1013" HPOS="1687"/>
                  <String HEIGHT="66"
                          WIDTH="235"
                          VPOS="1013"
                          HPOS="1646"
                          CONTENT="particularis,"/>
                  <SP HEIGHT="66" WIDTH="14" VPOS="1013" HPOS="1880"/>
                  <String HEIGHT="66"
                          WIDTH="69"
                          VPOS="1013"
                          HPOS="1825"
                          CONTENT="sci"/>
               </TextLine>
               <TextLine ID="r1l23"
                         BASELINE="215,1115 299,1113 383,1113 467,1112 551,1112 635,1110 719,1110 803,1109 887,1109 971,1107 1055,1107 1139,1106 1223,1106 1307,1105 1391,1104 1475,1104 1559,1103 1643,1103 1727,1101 1811,1101 1895,1100"
                         HEIGHT="65"
                         WIDTH="1701"
                         VPOS="1061"
                         HPOS="205">
                  <String HEIGHT="65"
                          WIDTH="134"
                          VPOS="1061"
                          HPOS="190"
                          CONTENT="licet"/>
                  <SP HEIGHT="65" WIDTH="15" VPOS="1061" HPOS="324"/>
                  <String HEIGHT="65"
                          WIDTH="194"
                          VPOS="1061"
                          HPOS="280"
                          CONTENT="auaritia."/>
                  <SP HEIGHT="65" WIDTH="15" VPOS="1061" HPOS="474"/>
                  <String HEIGHT="65"
                          WIDTH="149"
                          VPOS="1061"
                          HPOS="429"
                          CONTENT="Litera"/>
                  <SP HEIGHT="65" WIDTH="15" VPOS="1061" HPOS="578"/>
                  <String HEIGHT="65"
                          WIDTH="164"
                          VPOS="1061"
                          HPOS="533"
                          CONTENT="tertiae"/>
                  <SP HEIGHT="65" WIDTH="15" VPOS="1061" HPOS="697"/>
                  <String HEIGHT="65"
                          WIDTH="179"
                          VPOS="1061"
                          HPOS="653"
                          CONTENT="rationis"/>
                  <SP HEIGHT="65" WIDTH="15" VPOS="1061" HPOS="832"/>
                  <String HEIGHT="65"
                          WIDTH="119"
                          VPOS="1061"
                          HPOS="787"
                          CONTENT="est."/>
                  <SP HEIGHT="65" WIDTH="15" VPOS="1061" HPOS="906"/>
                  <String HEIGHT="65"
                          WIDTH="134"
                          VPOS="1061"
                          HPOS="862"
                          CONTENT="Omnis"/>
                  <SP HEIGHT="65" WIDTH="15" VPOS="1061" HPOS="996"/>
                  <String HEIGHT="65"
                          WIDTH="119"
                          VPOS="1061"
                          HPOS="951"
                          CONTENT="alia"/>
                  <SP HEIGHT="65" WIDTH="15" VPOS="1061" HPOS="1070"/>
                  <String HEIGHT="65"
                          WIDTH="164"
                          VPOS="1061"
                          HPOS="1026"
                          CONTENT="iniuria"/>
                  <SP HEIGHT="65" WIDTH="15" VPOS="1061" HPOS="1190"/>
                  <String HEIGHT="65" WIDTH="90" VPOS="1061" HPOS="1145" CONTENT="in"/>
                  <SP HEIGHT="65" WIDTH="15" VPOS="1061" HPOS="1235"/>
                  <String HEIGHT="65"
                          WIDTH="164"
                          VPOS="1061"
                          HPOS="1190"
                          CONTENT="aliquod"/>
                  <SP HEIGHT="65" WIDTH="15" VPOS="1061" HPOS="1354"/>
                  <String HEIGHT="65"
                          WIDTH="224"
                          VPOS="1061"
                          HPOS="1309"
                          CONTENT="particulare"/>
                  <SP HEIGHT="65" WIDTH="15" VPOS="1061" HPOS="1533"/>
                  <String HEIGHT="65"
                          WIDTH="149"
                          VPOS="1061"
                          HPOS="1488"
                          CONTENT="vitium"/>
                  <SP HEIGHT="65" WIDTH="15" VPOS="1061" HPOS="1637"/>
                  <String HEIGHT="65"
                          WIDTH="194"
                          VPOS="1061"
                          HPOS="1593"
                          CONTENT="refertur:"/>
                  <SP HEIGHT="65" WIDTH="15" VPOS="1061" HPOS="1787"/>
                  <String HEIGHT="65" WIDTH="90" VPOS="1061" HPOS="1742" CONTENT="vt"/>
                  <SP HEIGHT="65" WIDTH="15" VPOS="1061" HPOS="1831"/>
                  <String HEIGHT="65"
                          WIDTH="134"
                          VPOS="1061"
                          HPOS="1772"
                          CONTENT="moechia"/>
               </TextLine>
               <TextLine ID="r1l24"
                         BASELINE="224,1163 307,1163 390,1161 473,1160 556,1160 639,1158 722,1158 805,1157 888,1157 971,1155 1055,1155 1138,1154 1221,1154 1304,1152 1387,1152 1470,1151 1553,1151 1636,1150 1719,1149 1802,1149 1886,1148"
                         HEIGHT="69"
                         WIDTH="1685"
                         VPOS="1103"
                         HPOS="212">
                  <String HEIGHT="69" WIDTH="88" VPOS="1103" HPOS="197" CONTENT="in"/>
                  <SP HEIGHT="69" WIDTH="15" VPOS="1103" HPOS="285"/>
                  <String HEIGHT="69"
                          WIDTH="147"
                          VPOS="1103"
                          HPOS="241"
                          CONTENT="intemp"/>
                  <SP HEIGHT="69" WIDTH="15" VPOS="1103" HPOS="388"/>
                  <String HEIGHT="69"
                          WIDTH="190"
                          VPOS="1103"
                          HPOS="344"
                          CONTENT="erantiam."/>
                  <SP HEIGHT="69" WIDTH="15" VPOS="1103" HPOS="534"/>
                  <String HEIGHT="69"
                          WIDTH="132"
                          VPOS="1103"
                          HPOS="490"
                          CONTENT="socii"/>
                  <SP HEIGHT="69" WIDTH="15" VPOS="1103" HPOS="622"/>
                  <String HEIGHT="69" WIDTH="88" VPOS="1103" HPOS="578" CONTENT="in"/>
                  <SP HEIGHT="69" WIDTH="15" VPOS="1103" HPOS="666"/>
                  <String HEIGHT="69"
                          WIDTH="132"
                          VPOS="1103"
                          HPOS="622"
                          CONTENT="bello"/>
                  <SP HEIGHT="69" WIDTH="15" VPOS="1103" HPOS="754"/>
                  <String HEIGHT="69"
                          WIDTH="176"
                          VPOS="1103"
                          HPOS="710"
                          CONTENT="desertio"/>
                  <SP HEIGHT="69" WIDTH="15" VPOS="1103" HPOS="886"/>
                  <String HEIGHT="69" WIDTH="88" VPOS="1103" HPOS="842" CONTENT="ad"/>
                  <SP HEIGHT="69" WIDTH="15" VPOS="1103" HPOS="930"/>
                  <String HEIGHT="69"
                          WIDTH="234"
                          VPOS="1103"
                          HPOS="886"
                          CONTENT="timiditatem:"/>
                  <SP HEIGHT="69" WIDTH="15" VPOS="1103" HPOS="1120"/>
                  <String HEIGHT="69" WIDTH="88" VPOS="1103" HPOS="1076" CONTENT="si"/>
                  <SP HEIGHT="69" WIDTH="15" VPOS="1103" HPOS="1164"/>
                  <String HEIGHT="69"
                          WIDTH="117"
                          VPOS="1103"
                          HPOS="1120"
                          CONTENT="quis"/>
                  <SP HEIGHT="69" WIDTH="15" VPOS="1103" HPOS="1238"/>
                  <String HEIGHT="69"
                          WIDTH="176"
                          VPOS="1103"
                          HPOS="1194"
                          CONTENT="quempiam"/>
                  <SP HEIGHT="69" WIDTH="15" VPOS="1103" HPOS="1370"/>
                  <String HEIGHT="69"
                          WIDTH="176"
                          VPOS="1103"
                          HPOS="1326"
                          CONTENT="pulsauit"/>
                  <SP HEIGHT="69" WIDTH="15" VPOS="1103" HPOS="1501"/>
                  <String HEIGHT="69" WIDTH="88" VPOS="1103" HPOS="1457" CONTENT="ad"/>
                  <SP HEIGHT="69" WIDTH="15" VPOS="1103" HPOS="1545"/>
                  <String HEIGHT="69"
                          WIDTH="117"
                          VPOS="1103"
                          HPOS="1501"
                          CONTENT="iram"/>
                  <SP HEIGHT="69" WIDTH="15" VPOS="1103" HPOS="1619"/>
                  <String HEIGHT="69"
                          WIDTH="205"
                          VPOS="1103"
                          HPOS="1575"
                          CONTENT="redigatur."/>
                  <SP HEIGHT="69" WIDTH="15" VPOS="1103" HPOS="1780"/>
                  <String HEIGHT="69" WIDTH="88" VPOS="1103" HPOS="1736" CONTENT="At"/>
                  <SP HEIGHT="69" WIDTH="15" VPOS="1103" HPOS="1824"/>
                  <String HEIGHT="69" WIDTH="88" VPOS="1103" HPOS="1780" CONTENT="si"/>
                  <SP HEIGHT="69" WIDTH="15" VPOS="1103" HPOS="1868"/>
                  <String HEIGHT="69"
                          WIDTH="88"
                          VPOS="1103"
                          HPOS="1809"
                          CONTENT="plus"/>
               </TextLine>
               <TextLine ID="r1l25"
                         BASELINE="222,1209 305,1209 389,1208 473,1208 557,1208 641,1206 724,1206 808,1205 892,1205 976,1203 1060,1203 1143,1202 1227,1201 1311,1200 1395,1199 1479,1199 1562,1197 1646,1197 1730,1196 1814,1196 1898,1196"
                         HEIGHT="70"
                         WIDTH="1697"
                         VPOS="1150"
                         HPOS="211">
                  <String HEIGHT="70"
                          WIDTH="137"
                          VPOS="1150"
                          HPOS="197"
                          CONTENT="habeat"/>
                  <SP HEIGHT="70" WIDTH="14" VPOS="1150" HPOS="334"/>
                  <String HEIGHT="70" WIDTH="82" VPOS="1150" HPOS="293" CONTENT="ad"/>
                  <SP HEIGHT="70" WIDTH="14" VPOS="1150" HPOS="375"/>
                  <String HEIGHT="70"
                          WIDTH="137"
                          VPOS="1150"
                          HPOS="334"
                          CONTENT="nullum"/>
                  <SP HEIGHT="70" WIDTH="14" VPOS="1150" HPOS="471"/>
                  <String HEIGHT="70"
                          WIDTH="123"
                          VPOS="1150"
                          HPOS="430"
                          CONTENT="aliud"/>
                  <SP HEIGHT="70" WIDTH="14" VPOS="1150" HPOS="553"/>
                  <String HEIGHT="70"
                          WIDTH="178"
                          VPOS="1150"
                          HPOS="512"
                          CONTENT="peculiare"/>
                  <SP HEIGHT="70" WIDTH="14" VPOS="1150" HPOS="690"/>
                  <String HEIGHT="70"
                          WIDTH="137"
                          VPOS="1150"
                          HPOS="649"
                          CONTENT="vitium"/>
                  <SP HEIGHT="70" WIDTH="14" VPOS="1150" HPOS="786"/>
                  <String HEIGHT="70"
                          WIDTH="151"
                          VPOS="1150"
                          HPOS="745"
                          CONTENT="relatio"/>
                  <SP HEIGHT="70" WIDTH="14" VPOS="1150" HPOS="895"/>
                  <String HEIGHT="70" WIDTH="96" VPOS="1150" HPOS="854" CONTENT="fit"/>
                  <SP HEIGHT="70" WIDTH="14" VPOS="1150" HPOS="950"/>
                  <String HEIGHT="70"
                          WIDTH="109"
                          VPOS="1150"
                          HPOS="909"
                          CONTENT="quam"/>
                  <SP HEIGHT="70" WIDTH="14" VPOS="1150" HPOS="1018"/>
                  <String HEIGHT="70" WIDTH="82" VPOS="1150" HPOS="977" CONTENT="ad"/>
                  <SP HEIGHT="70" WIDTH="14" VPOS="1150" HPOS="1060"/>
                  <String HEIGHT="70"
                          WIDTH="219"
                          VPOS="1150"
                          HPOS="1018"
                          CONTENT="iniustitiam:"/>
                  <SP HEIGHT="70" WIDTH="14" VPOS="1150" HPOS="1237"/>
                  <String HEIGHT="70"
                          WIDTH="123"
                          VPOS="1150"
                          HPOS="1196"
                          CONTENT="quare"/>
                  <SP HEIGHT="70" WIDTH="14" VPOS="1150" HPOS="1320"/>
                  <String HEIGHT="70"
                          WIDTH="192"
                          VPOS="1150"
                          HPOS="1278"
                          CONTENT="perspicuum"/>
                  <SP HEIGHT="70" WIDTH="14" VPOS="1150" HPOS="1470"/>
                  <String HEIGHT="70"
                          WIDTH="96"
                          VPOS="1150"
                          HPOS="1429"
                          CONTENT="est"/>
                  <SP HEIGHT="70" WIDTH="14" VPOS="1150" HPOS="1525"/>
                  <String HEIGHT="70"
                          WIDTH="109"
                          VPOS="1150"
                          HPOS="1484"
                          CONTENT="quod"/>
                  <SP HEIGHT="70" WIDTH="14" VPOS="1150" HPOS="1593"/>
                  <String HEIGHT="70"
                          WIDTH="151"
                          VPOS="1150"
                          HPOS="1552"
                          CONTENT="praeter"/>
                  <SP HEIGHT="70" WIDTH="14" VPOS="1150" HPOS="1703"/>
                  <String HEIGHT="70"
                          WIDTH="205"
                          VPOS="1150"
                          HPOS="1662"
                          CONTENT="iniustitiam"/>
                  <SP HEIGHT="70" WIDTH="14" VPOS="1150" HPOS="1867"/>
                  <String HEIGHT="70"
                          WIDTH="109"
                          VPOS="1150"
                          HPOS="1826"
                          CONTENT="quae"/>
                  <SP HEIGHT="70" WIDTH="14" VPOS="1150" HPOS="1935"/>
                  <String HEIGHT="70" WIDTH="27" VPOS="1150" HPOS="1881" CONTENT=""/>
               </TextLine>
               <TextLine ID="r1l26"
                         BASELINE="225,1257 307,1257 390,1256 473,1256 556,1256 638,1254 721,1254 804,1253 887,1251 969,1251 1052,1250 1135,1250 1218,1248 1300,1248 1383,1247 1466,1246 1549,1245 1631,1245 1714,1244 1797,1244 1880,1244"
                         HEIGHT="69"
                         WIDTH="1678"
                         VPOS="1202"
                         HPOS="214">
                  <String HEIGHT="69" WIDTH="96" VPOS="1202" HPOS="200" CONTENT="est"/>
                  <SP HEIGHT="69" WIDTH="14" VPOS="1202" HPOS="297"/>
                  <String HEIGHT="69"
                          WIDTH="110"
                          VPOS="1202"
                          HPOS="255"
                          CONTENT="tota"/>
                  <SP HEIGHT="69" WIDTH="14" VPOS="1202" HPOS="365"/>
                  <String HEIGHT="69"
                          WIDTH="165"
                          VPOS="1202"
                          HPOS="324"
                          CONTENT="malitia,"/>
                  <SP HEIGHT="69" WIDTH="14" VPOS="1202" HPOS="489"/>
                  <String HEIGHT="69" WIDTH="96" VPOS="1202" HPOS="448" CONTENT="est"/>
                  <SP HEIGHT="69" WIDTH="14" VPOS="1202" HPOS="544"/>
                  <String HEIGHT="69"
                          WIDTH="138"
                          VPOS="1202"
                          HPOS="503"
                          CONTENT="aliqua"/>
                  <SP HEIGHT="69" WIDTH="14" VPOS="1202" HPOS="640"/>
                  <String HEIGHT="69"
                          WIDTH="193"
                          VPOS="1202"
                          HPOS="599"
                          CONTENT="iniustitia"/>
                  <SP HEIGHT="69" WIDTH="14" VPOS="1202" HPOS="792"/>
                  <String HEIGHT="69"
                          WIDTH="234"
                          VPOS="1202"
                          HPOS="750"
                          CONTENT="particularis:"/>
                  <SP HEIGHT="69" WIDTH="14" VPOS="1202" HPOS="984"/>
                  <String HEIGHT="69" WIDTH="69" VPOS="1202" HPOS="943" CONTENT="&amp;"/>
                  <SP HEIGHT="69" WIDTH="14" VPOS="1202" HPOS="1012"/>
                  <String HEIGHT="69" WIDTH="96" VPOS="1202" HPOS="970" CONTENT="per"/>
                  <SP HEIGHT="69" WIDTH="14" VPOS="1202" HPOS="1067"/>
                  <String HEIGHT="69"
                          WIDTH="193"
                          VPOS="1202"
                          HPOS="1025"
                          CONTENT="consequens"/>
                  <SP HEIGHT="69" WIDTH="14" VPOS="1202" HPOS="1218"/>
                  <String HEIGHT="69"
                          WIDTH="151"
                          VPOS="1202"
                          HPOS="1177"
                          CONTENT="praeter"/>
                  <SP HEIGHT="69" WIDTH="14" VPOS="1202" HPOS="1328"/>
                  <String HEIGHT="69"
                          WIDTH="179"
                          VPOS="1202"
                          HPOS="1287"
                          CONTENT="iustitiam"/>
                  <SP HEIGHT="69" WIDTH="14" VPOS="1202" HPOS="1466"/>
                  <String HEIGHT="69"
                          WIDTH="179"
                          VPOS="1202"
                          HPOS="1424"
                          CONTENT="legitimam"/>
                  <SP HEIGHT="69" WIDTH="14" VPOS="1202" HPOS="1603"/>
                  <String HEIGHT="69"
                          WIDTH="96"
                          VPOS="1202"
                          HPOS="1562"
                          CONTENT="est"/>
                  <SP HEIGHT="69" WIDTH="14" VPOS="1202" HPOS="1658"/>
                  <String HEIGHT="69"
                          WIDTH="138"
                          VPOS="1202"
                          HPOS="1617"
                          CONTENT="aliqua"/>
                  <SP HEIGHT="69" WIDTH="14" VPOS="1202" HPOS="1754"/>
                  <String HEIGHT="69"
                          WIDTH="165"
                          VPOS="1202"
                          HPOS="1713"
                          CONTENT="iustitia"/>
                  <SP HEIGHT="69" WIDTH="14" VPOS="1202" HPOS="1878"/>
                  <String HEIGHT="69"
                          WIDTH="69"
                          VPOS="1202"
                          HPOS="1823"
                          CONTENT="par"/>
               </TextLine>
               <TextLine ID="r1l27"
                         BASELINE="222,1305 309,1304 396,1304 483,1302 571,1302 658,1301 745,1301 833,1299 920,1299 1007,1298 1095,1298 1182,1296 1269,1296 1357,1295 1444,1293 1531,1293 1619,1292 1706,1292 1793,1290 1881,1290"
                         HEIGHT="77"
                         WIDTH="1680"
                         VPOS="1251"
                         HPOS="212">
                  <String HEIGHT="77"
                          WIDTH="212"
                          VPOS="1251"
                          HPOS="197"
                          CONTENT="ticularis:"/>
                  <SP HEIGHT="77" WIDTH="15" VPOS="1251" HPOS="409"/>
                  <String HEIGHT="77"
                          WIDTH="136"
                          VPOS="1251"
                          HPOS="363"
                          CONTENT="tenet"/>
                  <SP HEIGHT="77" WIDTH="15" VPOS="1251" HPOS="500"/>
                  <String HEIGHT="77"
                          WIDTH="257"
                          VPOS="1251"
                          HPOS="454"
                          CONTENT="consequentia:"/>
                  <SP HEIGHT="77" WIDTH="15" VPOS="1251" HPOS="711"/>
                  <String HEIGHT="77"
                          WIDTH="121"
                          VPOS="1251"
                          HPOS="666"
                          CONTENT="quia"/>
                  <SP HEIGHT="77" WIDTH="15" VPOS="1251" HPOS="787"/>
                  <String HEIGHT="77"
                          WIDTH="121"
                          VPOS="1251"
                          HPOS="742"
                          CONTENT="quot"/>
                  <SP HEIGHT="77" WIDTH="15" VPOS="1251" HPOS="863"/>
                  <String HEIGHT="77"
                          WIDTH="136"
                          VPOS="1251"
                          HPOS="817"
                          CONTENT="modis"/>
                  <SP HEIGHT="77" WIDTH="15" VPOS="1251" HPOS="954"/>
                  <String HEIGHT="77"
                          WIDTH="166"
                          VPOS="1251"
                          HPOS="908"
                          CONTENT="dicitur"/>
                  <SP HEIGHT="77" WIDTH="15" VPOS="1251" HPOS="1075"/>
                  <String HEIGHT="77"
                          WIDTH="121"
                          VPOS="1251"
                          HPOS="1029"
                          CONTENT="vnum"/>
                  <SP HEIGHT="77" WIDTH="15" VPOS="1251" HPOS="1150"/>
                  <String HEIGHT="77"
                          WIDTH="227"
                          VPOS="1251"
                          HPOS="1105"
                          CONTENT="oppositorum"/>
                  <SP HEIGHT="77" WIDTH="15" VPOS="1251" HPOS="1332"/>
                  <String HEIGHT="77"
                          WIDTH="106"
                          VPOS="1251"
                          HPOS="1287"
                          CONTENT="tot"/>
                  <SP HEIGHT="77" WIDTH="15" VPOS="1251" HPOS="1393"/>
                  <String HEIGHT="77"
                          WIDTH="136"
                          VPOS="1251"
                          HPOS="1347"
                          CONTENT="modis"/>
                  <SP HEIGHT="77" WIDTH="15" VPOS="1251" HPOS="1483"/>
                  <String HEIGHT="77"
                          WIDTH="166"
                          VPOS="1251"
                          HPOS="1438"
                          CONTENT="dicitur"/>
                  <SP HEIGHT="77" WIDTH="15" VPOS="1251" HPOS="1604"/>
                  <String HEIGHT="77"
                          WIDTH="182"
                          VPOS="1251"
                          HPOS="1559"
                          CONTENT="reliquu:"/>
                  <SP HEIGHT="77" WIDTH="15" VPOS="1251" HPOS="1741"/>
                  <String HEIGHT="77" WIDTH="91" VPOS="1251" HPOS="1695" CONTENT="ex"/>
                  <SP HEIGHT="77" WIDTH="15" VPOS="1251" HPOS="1786"/>
                  <String HEIGHT="77"
                          WIDTH="136"
                          VPOS="1251"
                          HPOS="1741"
                          CONTENT="primo"/>
                  <SP HEIGHT="77" WIDTH="15" VPOS="1251" HPOS="1877"/>
                  <String HEIGHT="77"
                          WIDTH="76"
                          VPOS="1251"
                          HPOS="1816"
                          CONTENT="ca¬"
                          SUBS_TYPE="HypPart1"
                          SUBS_CONTENT="capite"/>
                  <HYP CONTENT="-"/>
               </TextLine>
               <TextLine ID="r1l28"
                         BASELINE="233,1352 315,1352 397,1351 479,1350 561,1350 643,1349 725,1349 807,1347 889,1347 971,1346 1053,1344 1135,1344 1217,1343 1299,1343 1381,1341 1463,1341 1545,1340 1627,1340 1709,1338 1791,1338 1874,1338"
                         HEIGHT="75"
                         WIDTH="1663"
                         VPOS="1299"
                         HPOS="221">
                  <String HEIGHT="75"
                          WIDTH="130"
                          VPOS="1299"
                          HPOS="205"
                          CONTENT="pite"
                          SUBS_TYPE="HypPart2"
                          SUBS_CONTENT="capite"/>
                  <SP HEIGHT="75" WIDTH="16" VPOS="1299" HPOS="335"/>
                  <String HEIGHT="75"
                          WIDTH="147"
                          VPOS="1299"
                          HPOS="286"
                          CONTENT="huius"/>
                  <SP HEIGHT="75" WIDTH="16" VPOS="1299" HPOS="433"/>
                  <String HEIGHT="75"
                          WIDTH="163"
                          VPOS="1299"
                          HPOS="384"
                          CONTENT="libri."/>
                  <SP HEIGHT="75" WIDTH="16" VPOS="1299" HPOS="547"/>
                  <String HEIGHT="75" WIDTH="82" VPOS="1299" HPOS="498" CONTENT="⁋"/>
                  <SP HEIGHT="75" WIDTH="16" VPOS="1299" HPOS="580"/>
                  <String HEIGHT="75"
                          WIDTH="212"
                          VPOS="1299"
                          HPOS="531"
                          CONTENT="Dubitatur"/>
                  <SP HEIGHT="75" WIDTH="16" VPOS="1299" HPOS="743"/>
                  <String HEIGHT="75" WIDTH="98" VPOS="1299" HPOS="694" CONTENT="an"/>
                  <SP HEIGHT="75" WIDTH="16" VPOS="1299" HPOS="792"/>
                  <String HEIGHT="75"
                          WIDTH="196"
                          VPOS="1299"
                          HPOS="743"
                          CONTENT="moechans"/>
                  <SP HEIGHT="75" WIDTH="16" VPOS="1299" HPOS="938"/>
                  <String HEIGHT="75" WIDTH="98" VPOS="1299" HPOS="889" CONTENT="ob"/>
                  <SP HEIGHT="75" WIDTH="16" VPOS="1299" HPOS="987"/>
                  <String HEIGHT="75"
                          WIDTH="245"
                          VPOS="1299"
                          HPOS="938"
                          CONTENT="emolumentum"/>
                  <SP HEIGHT="75" WIDTH="16" VPOS="1299" HPOS="1183"/>
                  <String HEIGHT="75"
                          WIDTH="114"
                          VPOS="1299"
                          HPOS="1134"
                          CONTENT="sit"/>
                  <SP HEIGHT="75" WIDTH="16" VPOS="1299" HPOS="1248"/>
                  <String HEIGHT="75" WIDTH="82" VPOS="1299" HPOS="1199" CONTENT="&amp;"/>
                  <SP HEIGHT="75" WIDTH="16" VPOS="1299" HPOS="1281"/>
                  <String HEIGHT="75"
                          WIDTH="179"
                          VPOS="1299"
                          HPOS="1232"
                          CONTENT="moechus"/>
                  <SP HEIGHT="75" WIDTH="16" VPOS="1299" HPOS="1411"/>
                  <String HEIGHT="75" WIDTH="82" VPOS="1299" HPOS="1362" CONTENT="&amp;"/>
                  <SP HEIGHT="75" WIDTH="16" VPOS="1299" HPOS="1444"/>
                  <String HEIGHT="75"
                          WIDTH="179"
                          VPOS="1299"
                          HPOS="1395"
                          CONTENT="auarus."/>
                  <SP HEIGHT="75" WIDTH="16" VPOS="1299" HPOS="1574"/>
                  <String HEIGHT="75"
                          WIDTH="245"
                          VPOS="1299"
                          HPOS="1525"
                          CONTENT="Respondetur"/>
                  <SP HEIGHT="75" WIDTH="16" VPOS="1299" HPOS="1770"/>
                  <String HEIGHT="75"
                          WIDTH="179"
                          VPOS="1299"
                          HPOS="1705"
                          CONTENT="affirmati"/>
               </TextLine>
               <TextLine ID="r1l29"
                         BASELINE="230,1400 312,1399 395,1398 478,1398 560,1397 643,1397 726,1395 808,1395 891,1394 974,1394 1057,1392 1139,1392 1222,1391 1305,1390 1387,1389 1470,1388 1553,1388 1635,1388 1718,1386 1801,1386 1884,1386"
                         HEIGHT="64"
                         WIDTH="1676"
                         VPOS="1344"
                         HPOS="219">
                  <String HEIGHT="64"
                          WIDTH="105"
                          VPOS="1344"
                          HPOS="204"
                          CONTENT="ue."/>
                  <SP HEIGHT="64" WIDTH="15" VPOS="1344" HPOS="309"/>
                  <String HEIGHT="64"
                          WIDTH="105"
                          VPOS="1344"
                          HPOS="264"
                          CONTENT="Nam"/>
                  <SP HEIGHT="64" WIDTH="15" VPOS="1344" HPOS="369"/>
                  <String HEIGHT="64"
                          WIDTH="180"
                          VPOS="1344"
                          HPOS="324"
                          CONTENT="dilectio"/>
                  <SP HEIGHT="64" WIDTH="15" VPOS="1344" HPOS="503"/>
                  <String HEIGHT="64"
                          WIDTH="180"
                          VPOS="1344"
                          HPOS="458"
                          CONTENT="Socratis"/>
                  <SP HEIGHT="64" WIDTH="15" VPOS="1344" HPOS="638"/>
                  <String HEIGHT="64"
                          WIDTH="165"
                          VPOS="1344"
                          HPOS="593"
                          CONTENT="propter"/>
                  <SP HEIGHT="64" WIDTH="15" VPOS="1344" HPOS="758"/>
                  <String HEIGHT="64"
                          WIDTH="135"
                          VPOS="1344"
                          HPOS="713"
                          CONTENT="deum,"/>
                  <SP HEIGHT="64" WIDTH="15" VPOS="1344" HPOS="847"/>
                  <String HEIGHT="64"
                          WIDTH="135"
                          VPOS="1344"
                          HPOS="803"
                          CONTENT="actus"/>
                  <SP HEIGHT="64" WIDTH="15" VPOS="1344" HPOS="937"/>
                  <String HEIGHT="64"
                          WIDTH="120"
                          VPOS="1344"
                          HPOS="892"
                          CONTENT="vnus"/>
                  <SP HEIGHT="64" WIDTH="15" VPOS="1344" HPOS="1012"/>
                  <String HEIGHT="64"
                          WIDTH="105"
                          VPOS="1344"
                          HPOS="967"
                          CONTENT="est"/>
                  <SP HEIGHT="64" WIDTH="15" VPOS="1344" HPOS="1072"/>
                  <String HEIGHT="64"
                          WIDTH="120"
                          VPOS="1344"
                          HPOS="1027"
                          CONTENT="vsus"/>
                  <SP HEIGHT="64" WIDTH="15" VPOS="1344" HPOS="1147"/>
                  <String HEIGHT="64"
                          WIDTH="165"
                          VPOS="1344"
                          HPOS="1102"
                          CONTENT="proximi"/>
                  <SP HEIGHT="64" WIDTH="15" VPOS="1344" HPOS="1267"/>
                  <String HEIGHT="64" WIDTH="75" VPOS="1344" HPOS="1222" CONTENT="&amp;"/>
                  <SP HEIGHT="64" WIDTH="15" VPOS="1344" HPOS="1296"/>
                  <String HEIGHT="64"
                          WIDTH="165"
                          VPOS="1344"
                          HPOS="1252"
                          CONTENT="fruitio"/>
                  <SP HEIGHT="64" WIDTH="15" VPOS="1344" HPOS="1416"/>
                  <String HEIGHT="64"
                          WIDTH="120"
                          VPOS="1344"
                          HPOS="1371"
                          CONTENT="dei,"/>
                  <SP HEIGHT="64" WIDTH="15" VPOS="1344" HPOS="1491"/>
                  <String HEIGHT="64"
                          WIDTH="120"
                          VPOS="1344"
                          HPOS="1446"
                          CONTENT="ergo"/>
                  <SP HEIGHT="64" WIDTH="15" VPOS="1344" HPOS="1566"/>
                  <String HEIGHT="64"
                          WIDTH="135"
                          VPOS="1344"
                          HPOS="1521"
                          CONTENT="actus"/>
                  <SP HEIGHT="64" WIDTH="15" VPOS="1344" HPOS="1656"/>
                  <String HEIGHT="64"
                          WIDTH="135"
                          VPOS="1344"
                          HPOS="1611"
                          CONTENT="latus"/>
                  <SP HEIGHT="64" WIDTH="15" VPOS="1344" HPOS="1745"/>
                  <String HEIGHT="64" WIDTH="90" VPOS="1344" HPOS="1700" CONTENT="in"/>
                  <SP HEIGHT="64" WIDTH="15" VPOS="1344" HPOS="1790"/>
                  <String HEIGHT="64"
                          WIDTH="120"
                          VPOS="1344"
                          HPOS="1745"
                          CONTENT="vnam"/>
                  <SP HEIGHT="64" WIDTH="15" VPOS="1344" HPOS="1865"/>
                  <String HEIGHT="64"
                          WIDTH="90"
                          VPOS="1344"
                          HPOS="1805"
                          CONTENT="mate"/>
               </TextLine>
               <TextLine ID="r1l30"
                         BASELINE="222,1448 305,1446 389,1446 472,1446 556,1445 639,1443 723,1443 806,1442 890,1442 973,1440 1057,1439 1141,1439 1224,1437 1308,1436 1391,1436 1475,1434 1558,1434 1642,1434 1725,1434 1809,1433 1893,1433"
                         HEIGHT="60"
                         WIDTH="1692"
                         VPOS="1396"
                         HPOS="212">
                  <String HEIGHT="60"
                          WIDTH="120"
                          VPOS="1396"
                          HPOS="197"
                          CONTENT="riam"/>
                  <SP HEIGHT="60" WIDTH="15" VPOS="1396" HPOS="317"/>
                  <String HEIGHT="60"
                          WIDTH="210"
                          VPOS="1396"
                          HPOS="272"
                          CONTENT="obiectiuam"/>
                  <SP HEIGHT="60" WIDTH="15" VPOS="1396" HPOS="482"/>
                  <String HEIGHT="60" WIDTH="75" VPOS="1396" HPOS="437" CONTENT="&amp;"/>
                  <SP HEIGHT="60" WIDTH="15" VPOS="1396" HPOS="511"/>
                  <String HEIGHT="60" WIDTH="90" VPOS="1396" HPOS="467" CONTENT="in"/>
                  <SP HEIGHT="60" WIDTH="15" VPOS="1396" HPOS="556"/>
                  <String HEIGHT="60"
                          WIDTH="135"
                          VPOS="1396"
                          HPOS="511"
                          CONTENT="alium"/>
                  <SP HEIGHT="60" WIDTH="15" VPOS="1396" HPOS="646"/>
                  <String HEIGHT="60"
                          WIDTH="135"
                          VPOS="1396"
                          HPOS="601"
                          CONTENT="finem"/>
                  <SP HEIGHT="60" WIDTH="15" VPOS="1396" HPOS="736"/>
                  <String HEIGHT="60"
                          WIDTH="195"
                          VPOS="1396"
                          HPOS="691"
                          CONTENT="signanter"/>
                  <SP HEIGHT="60" WIDTH="15" VPOS="1396" HPOS="886"/>
                  <String HEIGHT="60"
                          WIDTH="180"
                          VPOS="1396"
                          HPOS="841"
                          CONTENT="cadentem"/>
                  <SP HEIGHT="60" WIDTH="15" VPOS="1396" HPOS="1021"/>
                  <String HEIGHT="60" WIDTH="90" VPOS="1396" HPOS="976" CONTENT="in"/>
                  <SP HEIGHT="60" WIDTH="15" VPOS="1396" HPOS="1065"/>
                  <String HEIGHT="60"
                          WIDTH="165"
                          VPOS="1396"
                          HPOS="1021"
                          CONTENT="ratione"/>
                  <SP HEIGHT="60" WIDTH="15" VPOS="1396" HPOS="1185"/>
                  <String HEIGHT="60"
                          WIDTH="165"
                          VPOS="1396"
                          HPOS="1140"
                          CONTENT="obiecti"/>
                  <SP HEIGHT="60" WIDTH="15" VPOS="1396" HPOS="1305"/>
                  <String HEIGHT="60"
                          WIDTH="284"
                          VPOS="1396"
                          HPOS="1260"
                          CONTENT="denominationem,"/>
                  <SP HEIGHT="60" WIDTH="15" VPOS="1396" HPOS="1545"/>
                  <String HEIGHT="60"
                          WIDTH="195"
                          VPOS="1396"
                          HPOS="1500"
                          CONTENT="vtriusque"/>
                  <SP HEIGHT="60" WIDTH="15" VPOS="1396" HPOS="1694"/>
                  <String HEIGHT="60"
                          WIDTH="180"
                          VPOS="1396"
                          HPOS="1649"
                          CONTENT="sortiet."/>
                  <SP HEIGHT="60" WIDTH="15" VPOS="1396" HPOS="1829"/>
                  <String HEIGHT="60" WIDTH="90" VPOS="1396" HPOS="1784" CONTENT="Et"/>
                  <SP HEIGHT="60" WIDTH="15" VPOS="1396" HPOS="1874"/>
                  <String HEIGHT="60"
                          WIDTH="90"
                          VPOS="1396"
                          HPOS="1814"
                          CONTENT="idem"/>
               </TextLine>
               <TextLine ID="r1l31"
                         BASELINE="228,1494 311,1494 394,1494 477,1493 560,1493 643,1491 726,1491 809,1490 892,1488 975,1487 1058,1485 1141,1485 1224,1484 1307,1482 1390,1482 1473,1481 1556,1481 1639,1481 1722,1481 1805,1481 1889,1481"
                         HEIGHT="57"
                         WIDTH="1682"
                         VPOS="1446"
                         HPOS="217">
                  <String HEIGHT="57"
                          WIDTH="100"
                          VPOS="1446"
                          HPOS="203"
                          CONTENT="est"/>
                  <SP HEIGHT="57" WIDTH="14" VPOS="1446" HPOS="303"/>
                  <String HEIGHT="57" WIDTH="86" VPOS="1446" HPOS="260" CONTENT="si"/>
                  <SP HEIGHT="57" WIDTH="14" VPOS="1446" HPOS="345"/>
                  <String HEIGHT="57"
                          WIDTH="128"
                          VPOS="1446"
                          HPOS="303"
                          CONTENT="finis"/>
                  <SP HEIGHT="57" WIDTH="14" VPOS="1446" HPOS="431"/>
                  <String HEIGHT="57"
                          WIDTH="100"
                          VPOS="1446"
                          HPOS="388"
                          CONTENT="non"/>
                  <SP HEIGHT="57" WIDTH="14" VPOS="1446" HPOS="488"/>
                  <String HEIGHT="57"
                          WIDTH="100"
                          VPOS="1446"
                          HPOS="445"
                          CONTENT="sit"/>
                  <SP HEIGHT="57" WIDTH="14" VPOS="1446" HPOS="545"/>
                  <String HEIGHT="57"
                          WIDTH="200"
                          VPOS="1446"
                          HPOS="502"
                          CONTENT="actualiter"/>
                  <SP HEIGHT="57" WIDTH="14" VPOS="1446" HPOS="702"/>
                  <String HEIGHT="57"
                          WIDTH="171"
                          VPOS="1446"
                          HPOS="659"
                          CONTENT="volitus."/>
                  <SP HEIGHT="57" WIDTH="14" VPOS="1446" HPOS="830"/>
                  <String HEIGHT="57"
                          WIDTH="171"
                          VPOS="1446"
                          HPOS="787"
                          CONTENT="Fortasse"/>
                  <SP HEIGHT="57" WIDTH="14" VPOS="1446" HPOS="958"/>
                  <String HEIGHT="57"
                          WIDTH="185"
                          VPOS="1446"
                          HPOS="915"
                          CONTENT="insultas."/>
                  <SP HEIGHT="57" WIDTH="14" VPOS="1446" HPOS="1101"/>
                  <String HEIGHT="57"
                          WIDTH="214"
                          VPOS="1446"
                          HPOS="1058"
                          CONTENT="Aristoteles"/>
                  <SP HEIGHT="57" WIDTH="14" VPOS="1446" HPOS="1272"/>
                  <String HEIGHT="57"
                          WIDTH="100"
                          VPOS="1446"
                          HPOS="1229"
                          CONTENT="ait"/>
                  <SP HEIGHT="57" WIDTH="14" VPOS="1446" HPOS="1329"/>
                  <String HEIGHT="57" WIDTH="86" VPOS="1446" HPOS="1286" CONTENT="si"/>
                  <SP HEIGHT="57" WIDTH="14" VPOS="1446" HPOS="1372"/>
                  <String HEIGHT="57"
                          WIDTH="114"
                          VPOS="1446"
                          HPOS="1329"
                          CONTENT="quis"/>
                  <SP HEIGHT="57" WIDTH="14" VPOS="1446" HPOS="1443"/>
                  <String HEIGHT="57"
                          WIDTH="128"
                          VPOS="1446"
                          HPOS="1400"
                          CONTENT="lucri"/>
                  <SP HEIGHT="57" WIDTH="14" VPOS="1446" HPOS="1528"/>
                  <String HEIGHT="57"
                          WIDTH="128"
                          VPOS="1446"
                          HPOS="1486"
                          CONTENT="causa"/>
                  <SP HEIGHT="57" WIDTH="14" VPOS="1446" HPOS="1614"/>
                  <String HEIGHT="57"
                          WIDTH="185"
                          VPOS="1446"
                          HPOS="1571"
                          CONTENT="moechetur"/>
                  <SP HEIGHT="57" WIDTH="14" VPOS="1446" HPOS="1756"/>
                  <String HEIGHT="57"
                          WIDTH="114"
                          VPOS="1446"
                          HPOS="1714"
                          CONTENT="ille"/>
                  <SP HEIGHT="57" WIDTH="14" VPOS="1446" HPOS="1828"/>
                  <String HEIGHT="57"
                          WIDTH="100"
                          VPOS="1446"
                          HPOS="1785"
                          CONTENT="est"/>
                  <SP HEIGHT="57" WIDTH="14" VPOS="1446" HPOS="1885"/>
                  <String HEIGHT="57" WIDTH="86" VPOS="1446" HPOS="1842" CONTENT="in"/>
                  <SP HEIGHT="57" WIDTH="14" VPOS="1446" HPOS="1928"/>
                  <String HEIGHT="57" WIDTH="29" VPOS="1446" HPOS="1870" CONTENT=""/>
               </TextLine>
               <TextLine ID="r1l32"
                         BASELINE="231,1542 314,1542 398,1541 482,1541 565,1539 649,1539 733,1538 816,1536 900,1536 984,1535 1068,1533 1151,1532 1235,1532 1319,1530 1402,1529 1486,1529 1570,1527 1653,1527 1737,1527 1821,1526 1905,1526"
                         HEIGHT="61"
                         WIDTH="1697"
                         VPOS="1498"
                         HPOS="219">
                  <String HEIGHT="61"
                          WIDTH="154"
                          VPOS="1498"
                          HPOS="204"
                          CONTENT="iustus"/>
                  <SP HEIGHT="61" WIDTH="15" VPOS="1498" HPOS="358"/>
                  <String HEIGHT="61" WIDTH="77" VPOS="1498" HPOS="312" CONTENT="&amp;"/>
                  <SP HEIGHT="61" WIDTH="15" VPOS="1498" HPOS="389"/>
                  <String HEIGHT="61"
                          WIDTH="108"
                          VPOS="1498"
                          HPOS="342"
                          CONTENT="non"/>
                  <SP HEIGHT="61" WIDTH="15" VPOS="1498" HPOS="450"/>
                  <String HEIGHT="61"
                          WIDTH="247"
                          VPOS="1498"
                          HPOS="404"
                          CONTENT="intemperans,"/>
                  <SP HEIGHT="61" WIDTH="15" VPOS="1498" HPOS="651"/>
                  <String HEIGHT="61"
                          WIDTH="170"
                          VPOS="1498"
                          HPOS="605"
                          CONTENT="proinde"/>
                  <SP HEIGHT="61" WIDTH="15" VPOS="1498" HPOS="774"/>
                  <String HEIGHT="61" WIDTH="93" VPOS="1498" HPOS="728" CONTENT="ab"/>
                  <SP HEIGHT="61" WIDTH="15" VPOS="1498" HPOS="821"/>
                  <String HEIGHT="61"
                          WIDTH="185"
                          VPOS="1498"
                          HPOS="774"
                          CONTENT="vltimato"/>
                  <SP HEIGHT="61" WIDTH="15" VPOS="1498" HPOS="960"/>
                  <String HEIGHT="61"
                          WIDTH="123"
                          VPOS="1498"
                          HPOS="913"
                          CONTENT="fine"/>
                  <SP HEIGHT="61" WIDTH="15" VPOS="1498" HPOS="1037"/>
                  <String HEIGHT="61"
                          WIDTH="139"
                          VPOS="1498"
                          HPOS="990"
                          CONTENT="actus"/>
                  <SP HEIGHT="61" WIDTH="15" VPOS="1498" HPOS="1129"/>
                  <String HEIGHT="61"
                          WIDTH="139"
                          VPOS="1498"
                          HPOS="1083"
                          CONTENT="solam"/>
                  <SP HEIGHT="61" WIDTH="15" VPOS="1498" HPOS="1222"/>
                  <String HEIGHT="61"
                          WIDTH="278"
                          VPOS="1498"
                          HPOS="1175"
                          CONTENT="denominationem"/>
                  <SP HEIGHT="61" WIDTH="15" VPOS="1498" HPOS="1453"/>
                  <String HEIGHT="61"
                          WIDTH="201"
                          VPOS="1498"
                          HPOS="1407"
                          CONTENT="suscipit."/>
                  <SP HEIGHT="61" WIDTH="15" VPOS="1498" HPOS="1607"/>
                  <String HEIGHT="61"
                          WIDTH="170"
                          VPOS="1498"
                          HPOS="1561"
                          CONTENT="Secundo"/>
                  <SP HEIGHT="61" WIDTH="15" VPOS="1498" HPOS="1731"/>
                  <String HEIGHT="61"
                          WIDTH="185"
                          VPOS="1498"
                          HPOS="1685"
                          CONTENT="opposito"/>
                  <SP HEIGHT="61" WIDTH="15" VPOS="1498" HPOS="1870"/>
                  <String HEIGHT="61"
                          WIDTH="108"
                          VPOS="1498"
                          HPOS="1808"
                          CONTENT="dato¬"
                          SUBS_TYPE="HypPart1"
                          SUBS_CONTENT="datovnus"/>
                  <HYP CONTENT="-"/>
               </TextLine>
               <TextLine ID="r1l33"
                         BASELINE="234,1589 317,1587 400,1587 483,1587 566,1586 650,1586 733,1584 816,1584 899,1583 982,1581 1066,1581 1149,1580 1232,1578 1315,1578 1398,1577 1482,1575 1565,1575 1648,1574 1731,1574 1814,1572 1898,1572"
                         HEIGHT="76"
                         WIDTH="1687"
                         VPOS="1532"
                         HPOS="223">
                  <String HEIGHT="76"
                          WIDTH="123"
                          VPOS="1532"
                          HPOS="208"
                          CONTENT="vnus"
                          SUBS_TYPE="HypPart2"
                          SUBS_CONTENT="datovnus"/>
                  <SP HEIGHT="76" WIDTH="15" VPOS="1532" HPOS="330"/>
                  <String HEIGHT="76"
                          WIDTH="138"
                          VPOS="1532"
                          HPOS="284"
                          CONTENT="actus"/>
                  <SP HEIGHT="76" WIDTH="15" VPOS="1532" HPOS="422"/>
                  <String HEIGHT="76"
                          WIDTH="169"
                          VPOS="1532"
                          HPOS="376"
                          CONTENT="simplex"/>
                  <SP HEIGHT="76" WIDTH="15" VPOS="1532" HPOS="545"/>
                  <String HEIGHT="76"
                          WIDTH="123"
                          VPOS="1532"
                          HPOS="499"
                          CONTENT="erit"/>
                  <SP HEIGHT="76" WIDTH="15" VPOS="1532" HPOS="622"/>
                  <String HEIGHT="76"
                          WIDTH="153"
                          VPOS="1532"
                          HPOS="576"
                          CONTENT="duorum"/>
                  <SP HEIGHT="76" WIDTH="15" VPOS="1532" HPOS="729"/>
                  <String HEIGHT="76"
                          WIDTH="184"
                          VPOS="1532"
                          HPOS="683"
                          CONTENT="vitiorum"/>
                  <SP HEIGHT="76" WIDTH="15" VPOS="1532" HPOS="867"/>
                  <String HEIGHT="76" WIDTH="77" VPOS="1532" HPOS="821" CONTENT="&amp;"/>
                  <SP HEIGHT="76" WIDTH="15" VPOS="1532" HPOS="898"/>
                  <String HEIGHT="76"
                          WIDTH="123"
                          VPOS="1532"
                          HPOS="852"
                          CONTENT="eius"/>
                  <SP HEIGHT="76" WIDTH="15" VPOS="1532" HPOS="974"/>
                  <String HEIGHT="76"
                          WIDTH="199"
                          VPOS="1532"
                          HPOS="928"
                          CONTENT="oppositum"/>
                  <SP HEIGHT="76" WIDTH="15" VPOS="1532" HPOS="1128"/>
                  <String HEIGHT="76"
                          WIDTH="153"
                          VPOS="1532"
                          HPOS="1082"
                          CONTENT="duarum"/>
                  <SP HEIGHT="76" WIDTH="15" VPOS="1532" HPOS="1235"/>
                  <String HEIGHT="76"
                          WIDTH="184"
                          VPOS="1532"
                          HPOS="1189"
                          CONTENT="virtutum"/>
                  <SP HEIGHT="76" WIDTH="15" VPOS="1532" HPOS="1373"/>
                  <String HEIGHT="76"
                          WIDTH="138"
                          VPOS="1532"
                          HPOS="1327"
                          CONTENT="aeque"/>
                  <SP HEIGHT="76" WIDTH="15" VPOS="1532" HPOS="1465"/>
                  <String HEIGHT="76"
                          WIDTH="153"
                          VPOS="1532"
                          HPOS="1419"
                          CONTENT="primo,"/>
                  <SP HEIGHT="76" WIDTH="15" VPOS="1532" HPOS="1573"/>
                  <String HEIGHT="76"
                          WIDTH="123"
                          VPOS="1532"
                          HPOS="1527"
                          CONTENT="quod"/>
                  <SP HEIGHT="76" WIDTH="15" VPOS="1532" HPOS="1649"/>
                  <String HEIGHT="76"
                          WIDTH="107"
                          VPOS="1532"
                          HPOS="1603"
                          CONTENT="est"/>
                  <SP HEIGHT="76" WIDTH="15" VPOS="1532" HPOS="1711"/>
                  <String HEIGHT="76"
                          WIDTH="169"
                          VPOS="1532"
                          HPOS="1665"
                          CONTENT="rationi"/>
                  <SP HEIGHT="76" WIDTH="15" VPOS="1532" HPOS="1833"/>
                  <String HEIGHT="76"
                          WIDTH="138"
                          VPOS="1532"
                          HPOS="1772"
                          CONTENT="dissen¬"
                          SUBS_TYPE="HypPart1"
                          SUBS_CONTENT="dissentaneum."/>
                  <HYP CONTENT="-"/>
               </TextLine>
               <TextLine ID="r1l34"
                         BASELINE="231,1637 314,1637 397,1635 480,1635 563,1634 647,1634 730,1632 813,1631 896,1631 979,1629 1063,1628 1146,1628 1229,1626 1312,1625 1395,1625 1479,1623 1562,1622 1645,1622 1728,1621 1811,1620 1895,1620"
                         HEIGHT="77"
                         WIDTH="1685"
                         VPOS="1581"
                         HPOS="220">
                  <String HEIGHT="77"
                          WIDTH="157"
                          VPOS="1581"
                          HPOS="206"
                          CONTENT="taneum."
                          SUBS_TYPE="HypPart2"
                          SUBS_CONTENT="dissentaneum."/>
                  <SP HEIGHT="77" WIDTH="14" VPOS="1581" HPOS="363"/>
                  <String HEIGHT="77"
                          WIDTH="114"
                          VPOS="1581"
                          HPOS="320"
                          CONTENT="Dico"/>
                  <SP HEIGHT="77" WIDTH="14" VPOS="1581" HPOS="434"/>
                  <String HEIGHT="77" WIDTH="86" VPOS="1581" HPOS="391" CONTENT="te"/>
                  <SP HEIGHT="77" WIDTH="14" VPOS="1581" HPOS="477"/>
                  <String HEIGHT="77"
                          WIDTH="243"
                          VPOS="1581"
                          HPOS="434"
                          CONTENT="Aristotelicam"/>
                  <SP HEIGHT="77" WIDTH="14" VPOS="1581" HPOS="677"/>
                  <String HEIGHT="77"
                          WIDTH="157"
                          VPOS="1581"
                          HPOS="634"
                          CONTENT="literam"/>
                  <SP HEIGHT="77" WIDTH="14" VPOS="1581" HPOS="791"/>
                  <String HEIGHT="77"
                          WIDTH="186"
                          VPOS="1581"
                          HPOS="748"
                          CONTENT="truncare:"/>
                  <SP HEIGHT="77" WIDTH="14" VPOS="1581" HPOS="934"/>
                  <String HEIGHT="77"
                          WIDTH="186"
                          VPOS="1581"
                          HPOS="891"
                          CONTENT="relinquis"/>
                  <SP HEIGHT="77" WIDTH="14" VPOS="1581" HPOS="1077"/>
                  <String HEIGHT="77"
                          WIDTH="114"
                          VPOS="1581"
                          HPOS="1034"
                          CONTENT="enim"/>
                  <SP HEIGHT="77" WIDTH="14" VPOS="1581" HPOS="1148"/>
                  <String HEIGHT="77"
                          WIDTH="186"
                          VPOS="1581"
                          HPOS="1105"
                          CONTENT="aduerbium"/>
                  <SP HEIGHT="77" WIDTH="14" VPOS="1581" HPOS="1291"/>
                  <String HEIGHT="77"
                          WIDTH="157"
                          VPOS="1581"
                          HPOS="1248"
                          CONTENT="potius:"/>
                  <SP HEIGHT="77" WIDTH="14" VPOS="1581" HPOS="1405"/>
                  <String HEIGHT="77"
                          WIDTH="129"
                          VPOS="1581"
                          HPOS="1362"
                          CONTENT="antea"/>
                  <SP HEIGHT="77" WIDTH="14" VPOS="1581" HPOS="1491"/>
                  <String HEIGHT="77"
                          WIDTH="114"
                          VPOS="1581"
                          HPOS="1448"
                          CONTENT="enim"/>
                  <SP HEIGHT="77" WIDTH="14" VPOS="1581" HPOS="1562"/>
                  <String HEIGHT="77"
                          WIDTH="143"
                          VPOS="1581"
                          HPOS="1519"
                          CONTENT="dixit."/>
                  <SP HEIGHT="77" WIDTH="14" VPOS="1581" HPOS="1662"/>
                  <String HEIGHT="77"
                          WIDTH="100"
                          VPOS="1581"
                          HPOS="1619"
                          CONTENT="hic"/>
                  <SP HEIGHT="77" WIDTH="14" VPOS="1581" HPOS="1719"/>
                  <String HEIGHT="77"
                          WIDTH="143"
                          VPOS="1581"
                          HPOS="1677"
                          CONTENT="quidem"/>
                  <SP HEIGHT="77" WIDTH="14" VPOS="1581" HPOS="1819"/>
                  <String HEIGHT="77"
                          WIDTH="143"
                          VPOS="1581"
                          HPOS="1762"
                          CONTENT="intempe¬"
                          SUBS_TYPE="HypPart1"
                          SUBS_CONTENT="intemperans"/>
                  <HYP CONTENT="-"/>
               </TextLine>
               <TextLine ID="r1l35"
                         BASELINE="228,1683 312,1683 396,1682 480,1682 564,1680 648,1680 732,1679 816,1677 900,1677 984,1676 1068,1674 1152,1674 1236,1673 1320,1671 1404,1671 1488,1670 1572,1668 1656,1668 1740,1667 1824,1667 1908,1667"
                         HEIGHT="80"
                         WIDTH="1703"
                         VPOS="1627"
                         HPOS="217">
                  <String HEIGHT="80"
                          WIDTH="112"
                          VPOS="1627"
                          HPOS="203"
                          CONTENT="rans"
                          SUBS_TYPE="HypPart2"
                          SUBS_CONTENT="intemperans"/>
                  <SP HEIGHT="80" WIDTH="14" VPOS="1627" HPOS="315"/>
                  <String HEIGHT="80"
                          WIDTH="140"
                          VPOS="1627"
                          HPOS="273"
                          CONTENT="potius"/>
                  <SP HEIGHT="80" WIDTH="14" VPOS="1627" HPOS="412"/>
                  <String HEIGHT="80"
                          WIDTH="112"
                          VPOS="1627"
                          HPOS="371"
                          CONTENT="quam"/>
                  <SP HEIGHT="80" WIDTH="14" VPOS="1627" HPOS="482"/>
                  <String HEIGHT="80"
                          WIDTH="140"
                          VPOS="1627"
                          HPOS="440"
                          CONTENT="pluris"/>
                  <SP HEIGHT="80" WIDTH="14" VPOS="1627" HPOS="580"/>
                  <String HEIGHT="80"
                          WIDTH="154"
                          VPOS="1627"
                          HPOS="538"
                          CONTENT="auidus:"/>
                  <SP HEIGHT="80" WIDTH="14" VPOS="1627" HPOS="692"/>
                  <String HEIGHT="80"
                          WIDTH="140"
                          VPOS="1627"
                          HPOS="650"
                          CONTENT="repete"/>
                  <SP HEIGHT="80" WIDTH="14" VPOS="1627" HPOS="789"/>
                  <String HEIGHT="80"
                          WIDTH="126"
                          VPOS="1627"
                          HPOS="747"
                          CONTENT="etiam"/>
                  <SP HEIGHT="80" WIDTH="14" VPOS="1627" HPOS="873"/>
                  <String HEIGHT="80"
                          WIDTH="140"
                          VPOS="1627"
                          HPOS="831"
                          CONTENT="potius"/>
                  <SP HEIGHT="80" WIDTH="14" VPOS="1627" HPOS="971"/>
                  <String HEIGHT="80" WIDTH="84" VPOS="1627" HPOS="929" CONTENT="ad"/>
                  <SP HEIGHT="80" WIDTH="14" VPOS="1627" HPOS="1013"/>
                  <String HEIGHT="80"
                          WIDTH="154"
                          VPOS="1627"
                          HPOS="971"
                          CONTENT="alterum"/>
                  <SP HEIGHT="80" WIDTH="14" VPOS="1627" HPOS="1124"/>
                  <String HEIGHT="80"
                          WIDTH="112"
                          VPOS="1627"
                          HPOS="1082"
                          CONTENT="quod"/>
                  <SP HEIGHT="80" WIDTH="14" VPOS="1627" HPOS="1194"/>
                  <String HEIGHT="80"
                          WIDTH="181"
                          VPOS="1627"
                          HPOS="1152"
                          CONTENT="sequitur."/>
                  <SP HEIGHT="80" WIDTH="14" VPOS="1627" HPOS="1334"/>
                  <String HEIGHT="80" WIDTH="84" VPOS="1627" HPOS="1292" CONTENT="Ad"/>
                  <SP HEIGHT="80" WIDTH="14" VPOS="1627" HPOS="1376"/>
                  <String HEIGHT="80"
                          WIDTH="181"
                          VPOS="1627"
                          HPOS="1334"
                          CONTENT="secundum,"/>
                  <SP HEIGHT="80" WIDTH="14" VPOS="1627" HPOS="1515"/>
                  <String HEIGHT="80"
                          WIDTH="154"
                          VPOS="1627"
                          HPOS="1473"
                          CONTENT="illatum"/>
                  <SP HEIGHT="80" WIDTH="14" VPOS="1627" HPOS="1627"/>
                  <String HEIGHT="80"
                          WIDTH="168"
                          VPOS="1627"
                          HPOS="1585"
                          CONTENT="concedo:"/>
                  <SP HEIGHT="80" WIDTH="14" VPOS="1627" HPOS="1752"/>
                  <String HEIGHT="80"
                          WIDTH="98"
                          VPOS="1627"
                          HPOS="1711"
                          CONTENT="nec"/>
                  <SP HEIGHT="80" WIDTH="14" VPOS="1627" HPOS="1808"/>
                  <String HEIGHT="80"
                          WIDTH="126"
                          VPOS="1627"
                          HPOS="1766"
                          CONTENT="ipsum"/>
                  <SP HEIGHT="80" WIDTH="14" VPOS="1627" HPOS="1892"/>
                  <String HEIGHT="80"
                          WIDTH="84"
                          VPOS="1627"
                          HPOS="1836"
                          CONTENT="quo¬"
                          SUBS_TYPE="HypPart1"
                          SUBS_CONTENT="quoquo"/>
                  <HYP CONTENT="-"/>
               </TextLine>
               <TextLine ID="r1l36"
                         BASELINE="234,1731 317,1730 401,1730 484,1728 568,1727 651,1727 735,1725 818,1724 902,1722 985,1721 1069,1720 1152,1719 1236,1718 1319,1717 1403,1716 1486,1715 1570,1715 1653,1715 1737,1715 1820,1715 1904,1715"
                         HEIGHT="71"
                         WIDTH="1690"
                         VPOS="1684"
                         HPOS="224">
                  <String HEIGHT="71"
                          WIDTH="109"
                          VPOS="1684"
                          HPOS="208"
                          CONTENT="quo"
                          SUBS_TYPE="HypPart2"
                          SUBS_CONTENT="quoquo"/>
                  <SP HEIGHT="71" WIDTH="16" VPOS="1684" HPOS="317"/>
                  <String HEIGHT="71"
                          WIDTH="140"
                          VPOS="1684"
                          HPOS="271"
                          CONTENT="pacto"/>
                  <SP HEIGHT="71" WIDTH="16" VPOS="1684" HPOS="410"/>
                  <String HEIGHT="71"
                          WIDTH="109"
                          VPOS="1684"
                          HPOS="364"
                          CONTENT="est"/>
                  <SP HEIGHT="71" WIDTH="16" VPOS="1684" HPOS="472"/>
                  <String HEIGHT="71"
                          WIDTH="171"
                          VPOS="1684"
                          HPOS="426"
                          CONTENT="rationi"/>
                  <SP HEIGHT="71" WIDTH="16" VPOS="1684" HPOS="596"/>
                  <String HEIGHT="71"
                          WIDTH="264"
                          VPOS="1684"
                          HPOS="550"
                          CONTENT="dissentancum."/>
                  <SP HEIGHT="71" WIDTH="16" VPOS="1684" HPOS="813"/>
                  <String HEIGHT="71"
                          WIDTH="155"
                          VPOS="1684"
                          HPOS="767"
                          CONTENT="Aliubi"/>
                  <SP HEIGHT="71" WIDTH="16" VPOS="1684" HPOS="922"/>
                  <String HEIGHT="71"
                          WIDTH="155"
                          VPOS="1684"
                          HPOS="875"
                          CONTENT="contra"/>
                  <SP HEIGHT="71" WIDTH="16" VPOS="1684" HPOS="1030"/>
                  <String HEIGHT="71"
                          WIDTH="186"
                          VPOS="1684"
                          HPOS="984"
                          CONTENT="Martinum"/>
                  <SP HEIGHT="71" WIDTH="16" VPOS="1684" HPOS="1170"/>
                  <String HEIGHT="71"
                          WIDTH="202"
                          VPOS="1684"
                          HPOS="1123"
                          CONTENT="magistrum"/>
                  <SP HEIGHT="71" WIDTH="16" VPOS="1684" HPOS="1325"/>
                  <String HEIGHT="71"
                          WIDTH="233"
                          VPOS="1684"
                          HPOS="1278"
                          CONTENT="ostendimus."/>
                  <SP HEIGHT="71" WIDTH="16" VPOS="1684" HPOS="1511"/>
                  <String HEIGHT="71" WIDTH="93" VPOS="1684" HPOS="1464" CONTENT="Et"/>
                  <SP HEIGHT="71" WIDTH="16" VPOS="1684" HPOS="1557"/>
                  <String HEIGHT="71"
                          WIDTH="109"
                          VPOS="1684"
                          HPOS="1511"
                          CONTENT="vno"/>
                  <SP HEIGHT="71" WIDTH="16" VPOS="1684" HPOS="1619"/>
                  <String HEIGHT="71"
                          WIDTH="140"
                          VPOS="1684"
                          HPOS="1573"
                          CONTENT="verbo"/>
                  <SP HEIGHT="71" WIDTH="16" VPOS="1684" HPOS="1712"/>
                  <String HEIGHT="71"
                          WIDTH="155"
                          VPOS="1684"
                          HPOS="1666"
                          CONTENT="patet."/>
                  <SP HEIGHT="71" WIDTH="16" VPOS="1684" HPOS="1821"/>
                  <String HEIGHT="71"
                          WIDTH="124"
                          VPOS="1684"
                          HPOS="1774"
                          CONTENT="Pone"/>
                  <SP HEIGHT="71" WIDTH="16" VPOS="1684" HPOS="1898"/>
                  <String HEIGHT="71"
                          WIDTH="78"
                          VPOS="1684"
                          HPOS="1836"
                          CONTENT="plu"/>
               </TextLine>
               <TextLine ID="r1l37"
                         BASELINE="234,1779 317,1778 401,1776 484,1775 568,1774 651,1773 735,1772 818,1770 902,1770 985,1769 1069,1767 1152,1767 1236,1766 1319,1764 1403,1764 1486,1763 1570,1763 1653,1762 1737,1761 1820,1761 1904,1760"
                         HEIGHT="72"
                         WIDTH="1693"
                         VPOS="1721"
                         HPOS="222">
                  <String HEIGHT="72" WIDTH="93" VPOS="1721" HPOS="209" CONTENT="res"/>
                  <SP HEIGHT="72" WIDTH="13" VPOS="1721" HPOS="301"/>
                  <String HEIGHT="72"
                          WIDTH="119"
                          VPOS="1721"
                          HPOS="262"
                          CONTENT="fines"/>
                  <SP HEIGHT="72" WIDTH="13" VPOS="1721" HPOS="381"/>
                  <String HEIGHT="72"
                          WIDTH="145"
                          VPOS="1721"
                          HPOS="341"
                          CONTENT="eiusdem"/>
                  <SP HEIGHT="72" WIDTH="13" VPOS="1721" HPOS="487"/>
                  <String HEIGHT="72"
                          WIDTH="132"
                          VPOS="1721"
                          HPOS="447"
                          CONTENT="actus,"/>
                  <SP HEIGHT="72" WIDTH="13" VPOS="1721" HPOS="579"/>
                  <String HEIGHT="72" WIDTH="79" VPOS="1721" HPOS="539" CONTENT="vt"/>
                  <SP HEIGHT="72" WIDTH="13" VPOS="1721" HPOS="619"/>
                  <String HEIGHT="72"
                          WIDTH="119"
                          VPOS="1721"
                          HPOS="579"
                          CONTENT="casta"/>
                  <SP HEIGHT="72" WIDTH="13" VPOS="1721" HPOS="698"/>
                  <String HEIGHT="72"
                          WIDTH="132"
                          VPOS="1721"
                          HPOS="658"
                          CONTENT="mulier"/>
                  <SP HEIGHT="72" WIDTH="13" VPOS="1721" HPOS="791"/>
                  <String HEIGHT="72"
                          WIDTH="106"
                          VPOS="1721"
                          HPOS="751"
                          CONTENT="vult"/>
                  <SP HEIGHT="72" WIDTH="13" VPOS="1721" HPOS="857"/>
                  <String HEIGHT="72"
                          WIDTH="106"
                          VPOS="1721"
                          HPOS="817"
                          CONTENT="suam"/>
                  <SP HEIGHT="72" WIDTH="13" VPOS="1721" HPOS="923"/>
                  <String HEIGHT="72"
                          WIDTH="185"
                          VPOS="1721"
                          HPOS="883"
                          CONTENT="castitatem"/>
                  <SP HEIGHT="72" WIDTH="13" VPOS="1721" HPOS="1069"/>
                  <String HEIGHT="72"
                          WIDTH="225"
                          VPOS="1721"
                          HPOS="1029"
                          CONTENT="communiugalem"/>
                  <SP HEIGHT="72" WIDTH="13" VPOS="1721" HPOS="1254"/>
                  <String HEIGHT="72"
                          WIDTH="145"
                          VPOS="1721"
                          HPOS="1214"
                          CONTENT="seruare"/>
                  <SP HEIGHT="72" WIDTH="13" VPOS="1721" HPOS="1359"/>
                  <String HEIGHT="72"
                          WIDTH="145"
                          VPOS="1721"
                          HPOS="1320"
                          CONTENT="propter"/>
                  <SP HEIGHT="72" WIDTH="13" VPOS="1721" HPOS="1465"/>
                  <String HEIGHT="72"
                          WIDTH="212"
                          VPOS="1721"
                          HPOS="1426"
                          CONTENT="temperantiae"/>
                  <SP HEIGHT="72" WIDTH="13" VPOS="1721" HPOS="1637"/>
                  <String HEIGHT="72"
                          WIDTH="185"
                          VPOS="1721"
                          HPOS="1598"
                          CONTENT="iustitiam,"/>
                  <SP HEIGHT="72" WIDTH="13" VPOS="1721" HPOS="1783"/>
                  <String HEIGHT="72"
                          WIDTH="93"
                          VPOS="1721"
                          HPOS="1743"
                          CONTENT="non"/>
                  <SP HEIGHT="72" WIDTH="13" VPOS="1721" HPOS="1836"/>
                  <String HEIGHT="72"
                          WIDTH="132"
                          VPOS="1721"
                          HPOS="1783"
                          CONTENT="obstante"/>
               </TextLine>
               <TextLine ID="r1l38"
                         BASELINE="240,1827 323,1826 406,1824 490,1823 573,1821 656,1820 740,1818 823,1817 906,1817 990,1815 1073,1814 1156,1814 1240,1812 1323,1812 1406,1811 1490,1811 1573,1809 1656,1809 1740,1809 1823,1809 1907,1808"
                         HEIGHT="64"
                         WIDTH="1689"
                         VPOS="1769"
                         HPOS="229">
                  <String HEIGHT="64"
                          WIDTH="213"
                          VPOS="1769"
                          HPOS="214"
                          CONTENT="conditione"/>
                  <SP HEIGHT="64" WIDTH="15" VPOS="1769" HPOS="427"/>
                  <String HEIGHT="64"
                          WIDTH="167"
                          VPOS="1769"
                          HPOS="381"
                          CONTENT="mortis:"/>
                  <SP HEIGHT="64" WIDTH="15" VPOS="1769" HPOS="549"/>
                  <String HEIGHT="64"
                          WIDTH="122"
                          VPOS="1769"
                          HPOS="503"
                          CONTENT="quia"/>
                  <SP HEIGHT="64" WIDTH="15" VPOS="1769" HPOS="625"/>
                  <String HEIGHT="64"
                          WIDTH="137"
                          VPOS="1769"
                          HPOS="579"
                          CONTENT="recta"/>
                  <SP HEIGHT="64" WIDTH="15" VPOS="1769" HPOS="716"/>
                  <String HEIGHT="64"
                          WIDTH="137"
                          VPOS="1769"
                          HPOS="670"
                          CONTENT="ratio"/>
                  <SP HEIGHT="64" WIDTH="15" VPOS="1769" HPOS="807"/>
                  <String HEIGHT="64"
                          WIDTH="167"
                          VPOS="1769"
                          HPOS="762"
                          CONTENT="dictat."/>
                  <SP HEIGHT="64" WIDTH="15" VPOS="1769" HPOS="929"/>
                  <String HEIGHT="64"
                          WIDTH="107"
                          VPOS="1769"
                          HPOS="883"
                          CONTENT="Hic"/>
                  <SP HEIGHT="64" WIDTH="15" VPOS="1769" HPOS="990"/>
                  <String HEIGHT="64"
                          WIDTH="137"
                          VPOS="1769"
                          HPOS="944"
                          CONTENT="actus"/>
                  <SP HEIGHT="64" WIDTH="15" VPOS="1769" HPOS="1081"/>
                  <String HEIGHT="64"
                          WIDTH="167"
                          VPOS="1769"
                          HPOS="1035"
                          CONTENT="quatuor"/>
                  <SP HEIGHT="64" WIDTH="15" VPOS="1769" HPOS="1203"/>
                  <String HEIGHT="64"
                          WIDTH="183"
                          VPOS="1769"
                          HPOS="1157"
                          CONTENT="virtutes"/>
                  <SP HEIGHT="64" WIDTH="15" VPOS="1769" HPOS="1340"/>
                  <String HEIGHT="64"
                          WIDTH="198"
                          VPOS="1769"
                          HPOS="1294"
                          CONTENT="cardineas"/>
                  <SP HEIGHT="64" WIDTH="15" VPOS="1769" HPOS="1492"/>
                  <String HEIGHT="64"
                          WIDTH="107"
                          VPOS="1769"
                          HPOS="1446"
                          CONTENT="pro"/>
                  <SP HEIGHT="64" WIDTH="15" VPOS="1769" HPOS="1553"/>
                  <String HEIGHT="64"
                          WIDTH="122"
                          VPOS="1769"
                          HPOS="1507"
                          CONTENT="fine"/>
                  <SP HEIGHT="64" WIDTH="15" VPOS="1769" HPOS="1629"/>
                  <String HEIGHT="64"
                          WIDTH="243"
                          VPOS="1769"
                          HPOS="1583"
                          CONTENT="nanciscitur."/>
                  <SP HEIGHT="64" WIDTH="15" VPOS="1769" HPOS="1827"/>
                  <String HEIGHT="64"
                          WIDTH="122"
                          VPOS="1769"
                          HPOS="1781"
                          CONTENT="Alia"/>
                  <SP HEIGHT="64" WIDTH="15" VPOS="1769" HPOS="1903"/>
                  <String HEIGHT="64"
                          WIDTH="76"
                          VPOS="1769"
                          HPOS="1842"
                          CONTENT="con"/>
               </TextLine>
               <TextLine ID="r1l39"
                         BASELINE="240,1874 327,1872 414,1871 501,1869 589,1868 676,1866 763,1865 851,1865 938,1863 1025,1862 1113,1862 1200,1860 1287,1859 1375,1859 1462,1857 1549,1857 1637,1856 1724,1856 1811,1854 1899,1854"
                         HEIGHT="62"
                         WIDTH="1682"
                         VPOS="1826"
                         HPOS="228">
                  <String HEIGHT="62"
                          WIDTH="154"
                          VPOS="1826"
                          HPOS="214"
                          CONTENT="clusio."/>
                  <SP HEIGHT="62" WIDTH="14" VPOS="1826" HPOS="368"/>
                  <String HEIGHT="62"
                          WIDTH="112"
                          VPOS="1826"
                          HPOS="326"
                          CONTENT="Tota"/>
                  <SP HEIGHT="62" WIDTH="14" VPOS="1826" HPOS="438"/>
                  <String HEIGHT="62"
                          WIDTH="196"
                          VPOS="1826"
                          HPOS="396"
                          CONTENT="iniustitia"/>
                  <SP HEIGHT="62" WIDTH="14" VPOS="1826" HPOS="592"/>
                  <String HEIGHT="62" WIDTH="70" VPOS="1826" HPOS="550" CONTENT="&amp;"/>
                  <SP HEIGHT="62" WIDTH="14" VPOS="1826" HPOS="620"/>
                  <String HEIGHT="62" WIDTH="84" VPOS="1826" HPOS="578" CONTENT="ea"/>
                  <SP HEIGHT="62" WIDTH="14" VPOS="1826" HPOS="663"/>
                  <String HEIGHT="62"
                          WIDTH="112"
                          VPOS="1826"
                          HPOS="620"
                          CONTENT="quae"/>
                  <SP HEIGHT="62" WIDTH="14" VPOS="1826" HPOS="733"/>
                  <String HEIGHT="62"
                          WIDTH="112"
                          VPOS="1826"
                          HPOS="691"
                          CONTENT="pars"/>
                  <SP HEIGHT="62" WIDTH="14" VPOS="1826" HPOS="803"/>
                  <String HEIGHT="62" WIDTH="98" VPOS="1826" HPOS="761" CONTENT="est"/>
                  <SP HEIGHT="62" WIDTH="14" VPOS="1826" HPOS="859"/>
                  <String HEIGHT="62"
                          WIDTH="126"
                          VPOS="1826"
                          HPOS="817"
                          CONTENT="inter"/>
                  <SP HEIGHT="62" WIDTH="14" VPOS="1826" HPOS="943"/>
                  <String HEIGHT="62" WIDTH="84" VPOS="1826" HPOS="901" CONTENT="se"/>
                  <SP HEIGHT="62" WIDTH="14" VPOS="1826" HPOS="985"/>
                  <String HEIGHT="62"
                          WIDTH="196"
                          VPOS="1826"
                          HPOS="943"
                          CONTENT="differunt,"/>
                  <SP HEIGHT="62" WIDTH="14" VPOS="1826" HPOS="1139"/>
                  <String HEIGHT="62" WIDTH="70" VPOS="1826" HPOS="1097" CONTENT="&amp;"/>
                  <SP HEIGHT="62" WIDTH="14" VPOS="1826" HPOS="1167"/>
                  <String HEIGHT="62"
                          WIDTH="140"
                          VPOS="1826"
                          HPOS="1125"
                          CONTENT="itidem"/>
                  <SP HEIGHT="62" WIDTH="14" VPOS="1826" HPOS="1265"/>
                  <String HEIGHT="62" WIDTH="84" VPOS="1826" HPOS="1223" CONTENT="de"/>
                  <SP HEIGHT="62" WIDTH="14" VPOS="1826" HPOS="1307"/>
                  <String HEIGHT="62"
                          WIDTH="182"
                          VPOS="1826"
                          HPOS="1265"
                          CONTENT="iustitia."/>
                  <SP HEIGHT="62" WIDTH="14" VPOS="1826" HPOS="1447"/>
                  <String HEIGHT="62"
                          WIDTH="98"
                          VPOS="1826"
                          HPOS="1405"
                          CONTENT="Hic"/>
                  <SP HEIGHT="62" WIDTH="14" VPOS="1826" HPOS="1504"/>
                  <String HEIGHT="62"
                          WIDTH="126"
                          VPOS="1826"
                          HPOS="1461"
                          CONTENT="ponit"/>
                  <SP HEIGHT="62" WIDTH="14" VPOS="1826" HPOS="1588"/>
                  <String HEIGHT="62"
                          WIDTH="238"
                          VPOS="1826"
                          HPOS="1546"
                          CONTENT="convenientiam"/>
                  <SP HEIGHT="62" WIDTH="14" VPOS="1826" HPOS="1784"/>
                  <String HEIGHT="62" WIDTH="70" VPOS="1826" HPOS="1742" CONTENT="&amp;"/>
                  <SP HEIGHT="62" WIDTH="14" VPOS="1826" HPOS="1812"/>
                  <String HEIGHT="62"
                          WIDTH="154"
                          VPOS="1826"
                          HPOS="1756"
                          CONTENT="differen¬"
                          SUBS_TYPE="HypPart1"
                          SUBS_CONTENT="differentiam"/>
                  <HYP CONTENT="-"/>
               </TextLine>
               <TextLine ID="r1l40"
                         BASELINE="240,1920 323,1919 406,1917 489,1916 572,1914 655,1913 738,1913 821,1911 904,1910 987,1910 1071,1908 1154,1908 1237,1907 1320,1907 1403,1905 1486,1905 1569,1904 1652,1904 1735,1904 1818,1902 1902,1902"
                         HEIGHT="69"
                         WIDTH="1685"
                         VPOS="1861"
                         HPOS="228">
                  <String HEIGHT="69"
                          WIDTH="120"
                          VPOS="1861"
                          HPOS="213"
                          CONTENT="tiam"
                          SUBS_TYPE="HypPart2"
                          SUBS_CONTENT="differentiam"/>
                  <SP HEIGHT="69" WIDTH="15" VPOS="1861" HPOS="333"/>
                  <String HEIGHT="69"
                          WIDTH="120"
                          VPOS="1861"
                          HPOS="288"
                          CONTENT="quae"/>
                  <SP HEIGHT="69" WIDTH="15" VPOS="1861" HPOS="409"/>
                  <String HEIGHT="69"
                          WIDTH="105"
                          VPOS="1861"
                          HPOS="363"
                          CONTENT="est"/>
                  <SP HEIGHT="69" WIDTH="15" VPOS="1861" HPOS="469"/>
                  <String HEIGHT="69"
                          WIDTH="135"
                          VPOS="1861"
                          HPOS="424"
                          CONTENT="inter"/>
                  <SP HEIGHT="69" WIDTH="15" VPOS="1861" HPOS="559"/>
                  <String HEIGHT="69"
                          WIDTH="196"
                          VPOS="1861"
                          HPOS="514"
                          CONTENT="iustitiam"/>
                  <SP HEIGHT="69" WIDTH="15" VPOS="1861" HPOS="709"/>
                  <String HEIGHT="69"
                          WIDTH="135"
                          VPOS="1861"
                          HPOS="664"
                          CONTENT="totam"/>
                  <SP HEIGHT="69" WIDTH="15" VPOS="1861" HPOS="800"/>
                  <String HEIGHT="69"
                          WIDTH="165"
                          VPOS="1861"
                          HPOS="755"
                          CONTENT="legalem"/>
                  <SP HEIGHT="69" WIDTH="15" VPOS="1861" HPOS="920"/>
                  <String HEIGHT="69"
                          WIDTH="120"
                          VPOS="1861"
                          HPOS="875"
                          CONTENT="siue"/>
                  <SP HEIGHT="69" WIDTH="15" VPOS="1861" HPOS="995"/>
                  <String HEIGHT="69"
                          WIDTH="196"
                          VPOS="1861"
                          HPOS="950"
                          CONTENT="legitimam"/>
                  <SP HEIGHT="69" WIDTH="15" VPOS="1861" HPOS="1146"/>
                  <String HEIGHT="69" WIDTH="75" VPOS="1861" HPOS="1101" CONTENT="&amp;"/>
                  <SP HEIGHT="69" WIDTH="15" VPOS="1861" HPOS="1176"/>
                  <String HEIGHT="69"
                          WIDTH="256"
                          VPOS="1861"
                          HPOS="1131"
                          CONTENT="particularem."/>
                  <SP HEIGHT="69" WIDTH="15" VPOS="1861" HPOS="1386"/>
                  <String HEIGHT="69" WIDTH="90" VPOS="1861" HPOS="1341" CONTENT="In"/>
                  <SP HEIGHT="69" WIDTH="15" VPOS="1861" HPOS="1432"/>
                  <String HEIGHT="69"
                          WIDTH="150"
                          VPOS="1861"
                          HPOS="1386"
                          CONTENT="primis"/>
                  <SP HEIGHT="69" WIDTH="15" VPOS="1861" HPOS="1537"/>
                  <String HEIGHT="69"
                          WIDTH="211"
                          VPOS="1861"
                          HPOS="1492"
                          CONTENT="conveniunt"/>
                  <SP HEIGHT="69" WIDTH="15" VPOS="1861" HPOS="1702"/>
                  <String HEIGHT="69"
                          WIDTH="120"
                          VPOS="1861"
                          HPOS="1657"
                          CONTENT="quia"/>
                  <SP HEIGHT="69" WIDTH="15" VPOS="1861" HPOS="1778"/>
                  <String HEIGHT="69"
                          WIDTH="196"
                          VPOS="1861"
                          HPOS="1717"
                          CONTENT="vniuocantur"/>
               </TextLine>
               <TextLine ID="r1l41"
                         BASELINE="237,1968 320,1967 403,1965 486,1964 569,1962 652,1961 735,1959 818,1959 901,1958 984,1957 1067,1956 1150,1955 1233,1955 1316,1954 1399,1953 1482,1953 1565,1952 1648,1952 1731,1950 1814,1950 1898,1949"
                         HEIGHT="78"
                         WIDTH="1685"
                         VPOS="1909"
                         HPOS="225">
                  <String HEIGHT="78" WIDTH="91" VPOS="1909" HPOS="210" CONTENT="in"/>
                  <SP HEIGHT="78" WIDTH="15" VPOS="1909" HPOS="301"/>
                  <String HEIGHT="78"
                          WIDTH="167"
                          VPOS="1909"
                          HPOS="255"
                          CONTENT="genere,"/>
                  <SP HEIGHT="78" WIDTH="15" VPOS="1909" HPOS="422"/>
                  <String HEIGHT="78"
                          WIDTH="182"
                          VPOS="1909"
                          HPOS="377"
                          CONTENT="dicuntur"/>
                  <SP HEIGHT="78" WIDTH="15" VPOS="1909" HPOS="559"/>
                  <String HEIGHT="78"
                          WIDTH="121"
                          VPOS="1909"
                          HPOS="513"
                          CONTENT="enim"/>
                  <SP HEIGHT="78" WIDTH="15" VPOS="1909" HPOS="635"/>
                  <String HEIGHT="78"
                          WIDTH="137"
                          VPOS="1909"
                          HPOS="589"
                          CONTENT="ambae"/>
                  <SP HEIGHT="78" WIDTH="15" VPOS="1909" HPOS="726"/>
                  <String HEIGHT="78"
                          WIDTH="213"
                          VPOS="1909"
                          HPOS="680"
                          CONTENT="iustitiae."/>
                  <SP HEIGHT="78" WIDTH="15" VPOS="1909" HPOS="893"/>
                  <String HEIGHT="78"
                          WIDTH="167"
                          VPOS="1909"
                          HPOS="847"
                          CONTENT="Insuper"/>
                  <SP HEIGHT="78" WIDTH="15" VPOS="1909" HPOS="1014"/>
                  <String HEIGHT="78" WIDTH="91" VPOS="1909" HPOS="969" CONTENT="in"/>
                  <SP HEIGHT="78" WIDTH="15" VPOS="1909" HPOS="1060"/>
                  <String HEIGHT="78"
                          WIDTH="152"
                          VPOS="1909"
                          HPOS="1014"
                          CONTENT="quadam"/>
                  <SP HEIGHT="78" WIDTH="15" VPOS="1909" HPOS="1166"/>
                  <String HEIGHT="78"
                          WIDTH="167"
                          VPOS="1909"
                          HPOS="1121"
                          CONTENT="ratione"/>
                  <SP HEIGHT="78" WIDTH="15" VPOS="1909" HPOS="1288"/>
                  <String HEIGHT="78"
                          WIDTH="167"
                          VPOS="1909"
                          HPOS="1242"
                          CONTENT="communi"/>
                  <SP HEIGHT="78" WIDTH="15" VPOS="1909" HPOS="1409"/>
                  <String HEIGHT="78"
                          WIDTH="167"
                          VPOS="1909"
                          HPOS="1364"
                          CONTENT="generis"/>
                  <SP HEIGHT="78" WIDTH="15" VPOS="1909" HPOS="1530"/>
                  <String HEIGHT="78"
                          WIDTH="228"
                          VPOS="1909"
                          HPOS="1485"
                          CONTENT="conveniunt:"/>
                  <SP HEIGHT="78" WIDTH="15" VPOS="1909" HPOS="1713"/>
                  <String HEIGHT="78"
                          WIDTH="121"
                          VPOS="1909"
                          HPOS="1667"
                          CONTENT="sunt"/>
                  <SP HEIGHT="78" WIDTH="15" VPOS="1909" HPOS="1789"/>
                  <String HEIGHT="78"
                          WIDTH="121"
                          VPOS="1909"
                          HPOS="1743"
                          CONTENT="enim"/>
                  <SP HEIGHT="78" WIDTH="15" VPOS="1909" HPOS="1864"/>
                  <String HEIGHT="78"
                          WIDTH="106"
                          VPOS="1909"
                          HPOS="1804"
                          CONTENT="ambae"/>
               </TextLine>
               <TextLine ID="r1l42"
                         BASELINE="239,2015 321,2013 404,2012 487,2010 569,2009 652,2009 735,2007 817,2006 900,2005 983,2004 1066,2003 1148,2003 1231,2001 1314,2001 1396,2001 1479,2000 1562,2000 1644,1999 1727,1998 1810,1998 1893,1998"
                         HEIGHT="66"
                         WIDTH="1675"
                         VPOS="1966"
                         HPOS="229">
                  <String HEIGHT="66" WIDTH="91" VPOS="1966" HPOS="214" CONTENT="ad"/>
                  <SP HEIGHT="66" WIDTH="15" VPOS="1966" HPOS="304"/>
                  <String HEIGHT="66"
                          WIDTH="151"
                          VPOS="1966"
                          HPOS="259"
                          CONTENT="alium."/>
                  <SP HEIGHT="66" WIDTH="15" VPOS="1966" HPOS="410"/>
                  <String HEIGHT="66"
                          WIDTH="121"
                          VPOS="1966"
                          HPOS="365"
                          CONTENT="Cape"/>
                  <SP HEIGHT="66" WIDTH="15" VPOS="1966" HPOS="486"/>
                  <String HEIGHT="66"
                          WIDTH="166"
                          VPOS="1966"
                          HPOS="440"
                          CONTENT="habitum"/>
                  <SP HEIGHT="66" WIDTH="15" VPOS="1966" HPOS="606"/>
                  <String HEIGHT="66"
                          WIDTH="136"
                          VPOS="1966"
                          HPOS="561"
                          CONTENT="hisce"/>
                  <SP HEIGHT="66" WIDTH="15" VPOS="1966" HPOS="697"/>
                  <String HEIGHT="66"
                          WIDTH="151"
                          VPOS="1966"
                          HPOS="652"
                          CONTENT="duabus"/>
                  <SP HEIGHT="66" WIDTH="15" VPOS="1966" HPOS="802"/>
                  <String HEIGHT="66"
                          WIDTH="196"
                          VPOS="1966"
                          HPOS="757"
                          CONTENT="iustitiis"/>
                  <SP HEIGHT="66" WIDTH="15" VPOS="1966" HPOS="953"/>
                  <String HEIGHT="66"
                          WIDTH="181"
                          VPOS="1966"
                          HPOS="908"
                          CONTENT="communem"/>
                  <SP HEIGHT="66" WIDTH="15" VPOS="1966" HPOS="1089"/>
                  <String HEIGHT="66" WIDTH="75" VPOS="1966" HPOS="1044" CONTENT="("/>
                  <SP HEIGHT="66" WIDTH="15" VPOS="1966" HPOS="1119"/>
                  <String HEIGHT="66" WIDTH="75" VPOS="1966" HPOS="1074" CONTENT="&amp;"/>
                  <SP HEIGHT="66" WIDTH="15" VPOS="1966" HPOS="1149"/>
                  <String HEIGHT="66"
                          WIDTH="196"
                          VPOS="1966"
                          HPOS="1104"
                          CONTENT="diuidatur"/>
                  <SP HEIGHT="66" WIDTH="15" VPOS="1966" HPOS="1300"/>
                  <String HEIGHT="66" WIDTH="91" VPOS="1966" HPOS="1255" CONTENT="in"/>
                  <SP HEIGHT="66" WIDTH="15" VPOS="1966" HPOS="1346"/>
                  <String HEIGHT="66"
                          WIDTH="196"
                          VPOS="1966"
                          HPOS="1300"
                          CONTENT="legitimam"/>
                  <SP HEIGHT="66" WIDTH="15" VPOS="1966" HPOS="1497"/>
                  <String HEIGHT="66" WIDTH="91" VPOS="1966" HPOS="1451" CONTENT="ac"/>
                  <SP HEIGHT="66" WIDTH="15" VPOS="1966" HPOS="1542"/>
                  <String HEIGHT="66"
                          WIDTH="257"
                          VPOS="1966"
                          HPOS="1497"
                          CONTENT="particularem,"/>
                  <SP HEIGHT="66" WIDTH="15" VPOS="1966" HPOS="1753"/>
                  <String HEIGHT="66"
                          WIDTH="136"
                          VPOS="1966"
                          HPOS="1708"
                          CONTENT="tamen"/>
                  <SP HEIGHT="66" WIDTH="15" VPOS="1966" HPOS="1844"/>
                  <String HEIGHT="66" WIDTH="91" VPOS="1966" HPOS="1798" CONTENT="ex"/>
                  <SP HEIGHT="66" WIDTH="15" VPOS="1966" HPOS="1889"/>
                  <String HEIGHT="66"
                          WIDTH="75"
                          VPOS="1966"
                          HPOS="1829"
                          CONTENT="par"/>
               </TextLine>
               <TextLine ID="r1l43"
                         BASELINE="237,2061 324,2060 411,2058 498,2057 586,2057 673,2055 760,2054 848,2052 935,2052 1022,2051 1110,2051 1197,2049 1284,2049 1372,2048 1459,2048 1546,2046 1634,2046 1721,2045 1808,2045 1896,2045"
                         HEIGHT="65"
                         WIDTH="1680"
                         VPOS="2007"
                         HPOS="227">
                  <String HEIGHT="65" WIDTH="88" VPOS="2007" HPOS="212" CONTENT="te"/>
                  <SP HEIGHT="65" WIDTH="15" VPOS="2007" HPOS="301"/>
                  <String HEIGHT="65"
                          WIDTH="177"
                          VPOS="2007"
                          HPOS="256"
                          CONTENT="materiae"/>
                  <SP HEIGHT="65" WIDTH="15" VPOS="2007" HPOS="433"/>
                  <String HEIGHT="65"
                          WIDTH="206"
                          VPOS="2007"
                          HPOS="389"
                          CONTENT="differunt:"/>
                  <SP HEIGHT="65" WIDTH="15" VPOS="2007" HPOS="595"/>
                  <String HEIGHT="65"
                          WIDTH="118"
                          VPOS="2007"
                          HPOS="551"
                          CONTENT="quia"/>
                  <SP HEIGHT="65" WIDTH="15" VPOS="2007" HPOS="669"/>
                  <String HEIGHT="65"
                          WIDTH="177"
                          VPOS="2007"
                          HPOS="625"
                          CONTENT="iustitia"/>
                  <SP HEIGHT="65" WIDTH="15" VPOS="2007" HPOS="802"/>
                  <String HEIGHT="65"
                          WIDTH="236"
                          VPOS="2007"
                          HPOS="758"
                          CONTENT="particularis"/>
                  <SP HEIGHT="65" WIDTH="15" VPOS="2007" HPOS="993"/>
                  <String HEIGHT="65"
                          WIDTH="103"
                          VPOS="2007"
                          HPOS="949"
                          CONTENT="est"/>
                  <SP HEIGHT="65" WIDTH="15" VPOS="2007" HPOS="1052"/>
                  <String HEIGHT="65"
                          WIDTH="133"
                          VPOS="2007"
                          HPOS="1008"
                          CONTENT="circa"/>
                  <SP HEIGHT="65" WIDTH="15" VPOS="2007" HPOS="1141"/>
                  <String HEIGHT="65"
                          WIDTH="236"
                          VPOS="2007"
                          HPOS="1096"
                          CONTENT="determinatam"/>
                  <SP HEIGHT="65" WIDTH="15" VPOS="2007" HPOS="1332"/>
                  <String HEIGHT="65"
                          WIDTH="177"
                          VPOS="2007"
                          HPOS="1288"
                          CONTENT="materiam"/>
                  <SP HEIGHT="65" WIDTH="15" VPOS="2007" HPOS="1465"/>
                  <String HEIGHT="65"
                          WIDTH="177"
                          VPOS="2007"
                          HPOS="1421"
                          CONTENT="moralem,"/>
                  <SP HEIGHT="65" WIDTH="15" VPOS="2007" HPOS="1598"/>
                  <String HEIGHT="65" WIDTH="88" VPOS="2007" HPOS="1553" CONTENT="vt"/>
                  <SP HEIGHT="65" WIDTH="15" VPOS="2007" HPOS="1642"/>
                  <String HEIGHT="65"
                          WIDTH="133"
                          VPOS="2007"
                          HPOS="1598"
                          CONTENT="circa"/>
                  <SP HEIGHT="65" WIDTH="15" VPOS="2007" HPOS="1730"/>
                  <String HEIGHT="65"
                          WIDTH="177"
                          VPOS="2007"
                          HPOS="1686"
                          CONTENT="honorem,"/>
                  <SP HEIGHT="65" WIDTH="15" VPOS="2007" HPOS="1863"/>
                  <String HEIGHT="65"
                          WIDTH="103"
                          VPOS="2007"
                          HPOS="1804"
                          CONTENT="pecu¬"
                          SUBS_TYPE="HypPart1"
                          SUBS_CONTENT="pecuniam,"/>
                  <HYP CONTENT="-"/>
               </TextLine>
               <TextLine ID="r1l44"
                         BASELINE="237,2108 319,2106 402,2106 485,2105 568,2105 651,2103 733,2103 816,2102 899,2101 982,2100 1065,2099 1147,2099 1230,2097 1313,2097 1396,2096 1479,2094 1561,2094 1644,2093 1727,2093 1810,2091 1893,2091"
                         HEIGHT="79"
                         WIDTH="1678"
                         VPOS="2052"
                         HPOS="226">
                  <String HEIGHT="79"
                          WIDTH="137"
                          VPOS="2052"
                          HPOS="211"
                          CONTENT="niam,"
                          SUBS_TYPE="HypPart2"
                          SUBS_CONTENT="pecuniam,"/>
                  <SP HEIGHT="79" WIDTH="15" VPOS="2052" HPOS="348"/>
                  <String HEIGHT="79"
                          WIDTH="183"
                          VPOS="2052"
                          HPOS="302"
                          CONTENT="salutem,"/>
                  <SP HEIGHT="79" WIDTH="15" VPOS="2052" HPOS="485"/>
                  <String HEIGHT="79" WIDTH="76" VPOS="2052" HPOS="440" CONTENT="&amp;"/>
                  <SP HEIGHT="79" WIDTH="15" VPOS="2052" HPOS="516"/>
                  <String HEIGHT="79"
                          WIDTH="137"
                          VPOS="2052"
                          HPOS="470"
                          CONTENT="circa"/>
                  <SP HEIGHT="79" WIDTH="15" VPOS="2052" HPOS="607"/>
                  <String HEIGHT="79"
                          WIDTH="122"
                          VPOS="2052"
                          HPOS="562"
                          CONTENT="haec"/>
                  <SP HEIGHT="79" WIDTH="15" VPOS="2052" HPOS="684"/>
                  <String HEIGHT="79"
                          WIDTH="183"
                          VPOS="2052"
                          HPOS="638"
                          CONTENT="vniuersa"/>
                  <SP HEIGHT="79" WIDTH="15" VPOS="2052" HPOS="821"/>
                  <String HEIGHT="79" WIDTH="92" VPOS="2052" HPOS="775" CONTENT="si"/>
                  <SP HEIGHT="79" WIDTH="15" VPOS="2052" HPOS="867"/>
                  <String HEIGHT="79"
                          WIDTH="107"
                          VPOS="2052"
                          HPOS="821"
                          CONTENT="quo"/>
                  <SP HEIGHT="79" WIDTH="15" VPOS="2052" HPOS="928"/>
                  <String HEIGHT="79"
                          WIDTH="107"
                          VPOS="2052"
                          HPOS="882"
                          CONTENT="vno"/>
                  <SP HEIGHT="79" WIDTH="15" VPOS="2052" HPOS="989"/>
                  <String HEIGHT="79"
                          WIDTH="153"
                          VPOS="2052"
                          HPOS="943"
                          CONTENT="nomine"/>
                  <SP HEIGHT="79" WIDTH="15" VPOS="2052" HPOS="1096"/>
                  <String HEIGHT="79"
                          WIDTH="122"
                          VPOS="2052"
                          HPOS="1050"
                          CONTENT="haec"/>
                  <SP HEIGHT="79" WIDTH="15" VPOS="2052" HPOS="1172"/>
                  <String HEIGHT="79"
                          WIDTH="198"
                          VPOS="2052"
                          HPOS="1126"
                          CONTENT="complecti"/>
                  <SP HEIGHT="79" WIDTH="15" VPOS="2052" HPOS="1324"/>
                  <String HEIGHT="79"
                          WIDTH="198"
                          VPOS="2052"
                          HPOS="1279"
                          CONTENT="possemus:"/>
                  <SP HEIGHT="79" WIDTH="15" VPOS="2052" HPOS="1477"/>
                  <String HEIGHT="79" WIDTH="76" VPOS="2052" HPOS="1431" CONTENT="&amp;"/>
                  <SP HEIGHT="79" WIDTH="15" VPOS="2052" HPOS="1507"/>
                  <String HEIGHT="79"
                          WIDTH="137"
                          VPOS="2052"
                          HPOS="1462"
                          CONTENT="circa"/>
                  <SP HEIGHT="79" WIDTH="15" VPOS="2052" HPOS="1599"/>
                  <String HEIGHT="79"
                          WIDTH="214"
                          VPOS="2052"
                          HPOS="1553"
                          CONTENT="voluptatem"/>
                  <SP HEIGHT="79" WIDTH="15" VPOS="2052" HPOS="1767"/>
                  <String HEIGHT="79"
                          WIDTH="137"
                          VPOS="2052"
                          HPOS="1721"
                          CONTENT="lucri"/>
                  <SP HEIGHT="79" WIDTH="15" VPOS="2052" HPOS="1858"/>
                  <String HEIGHT="79"
                          WIDTH="107"
                          VPOS="2052"
                          HPOS="1797"
                          CONTENT="causa"/>
               </TextLine>
               <TextLine ID="r1l45"
                         BASELINE="243,2154 325,2154 408,2153 491,2153 574,2152 657,2151 740,2150 823,2150 906,2148 989,2148 1072,2147 1154,2145 1237,2145 1320,2144 1403,2143 1486,2142 1569,2141 1652,2141 1735,2139 1818,2139 1901,2138"
                         HEIGHT="65"
                         WIDTH="1678"
                         VPOS="2097"
                         HPOS="233">
                  <String HEIGHT="65"
                          WIDTH="242"
                          VPOS="2097"
                          HPOS="219"
                          CONTENT="prouenientem,"/>
                  <SP HEIGHT="65" WIDTH="14" VPOS="2097" HPOS="461"/>
                  <String HEIGHT="65"
                          WIDTH="114"
                          VPOS="2097"
                          HPOS="418"
                          CONTENT="illa"/>
                  <SP HEIGHT="65" WIDTH="14" VPOS="2097" HPOS="532"/>
                  <String HEIGHT="65"
                          WIDTH="114"
                          VPOS="2097"
                          HPOS="489"
                          CONTENT="vero"/>
                  <SP HEIGHT="65" WIDTH="14" VPOS="2097" HPOS="603"/>
                  <String HEIGHT="65"
                          WIDTH="114"
                          VPOS="2097"
                          HPOS="560"
                          CONTENT="quae"/>
                  <SP HEIGHT="65" WIDTH="14" VPOS="2097" HPOS="674"/>
                  <String HEIGHT="65"
                          WIDTH="114"
                          VPOS="2097"
                          HPOS="631"
                          CONTENT="tota"/>
                  <SP HEIGHT="65" WIDTH="14" VPOS="2097" HPOS="745"/>
                  <String HEIGHT="65"
                          WIDTH="100"
                          VPOS="2097"
                          HPOS="702"
                          CONTENT="est"/>
                  <SP HEIGHT="65" WIDTH="14" VPOS="2097" HPOS="802"/>
                  <String HEIGHT="65"
                          WIDTH="100"
                          VPOS="2097"
                          HPOS="759"
                          CONTENT="est"/>
                  <SP HEIGHT="65" WIDTH="14" VPOS="2097" HPOS="859"/>
                  <String HEIGHT="65"
                          WIDTH="128"
                          VPOS="2097"
                          HPOS="816"
                          CONTENT="circa"/>
                  <SP HEIGHT="65" WIDTH="14" VPOS="2097" HPOS="944"/>
                  <String HEIGHT="65"
                          WIDTH="142"
                          VPOS="2097"
                          HPOS="901"
                          CONTENT="omnia,"/>
                  <SP HEIGHT="65" WIDTH="14" VPOS="2097" HPOS="1044"/>
                  <String HEIGHT="65" WIDTH="85" VPOS="2097" HPOS="1001" CONTENT="in"/>
                  <SP HEIGHT="65" WIDTH="14" VPOS="2097" HPOS="1086"/>
                  <String HEIGHT="65"
                          WIDTH="142"
                          VPOS="2097"
                          HPOS="1044"
                          CONTENT="quibus"/>
                  <SP HEIGHT="65" WIDTH="14" VPOS="2097" HPOS="1186"/>
                  <String HEIGHT="65"
                          WIDTH="185"
                          VPOS="2097"
                          HPOS="1143"
                          CONTENT="studiosus"/>
                  <SP HEIGHT="65" WIDTH="14" VPOS="2097" HPOS="1328"/>
                  <String HEIGHT="65"
                          WIDTH="185"
                          VPOS="2097"
                          HPOS="1285"
                          CONTENT="versatur."/>
                  <SP HEIGHT="65" WIDTH="14" VPOS="2097" HPOS="1470"/>
                  <String HEIGHT="65" WIDTH="85" VPOS="2097" HPOS="1428" CONTENT="Et"/>
                  <SP HEIGHT="65" WIDTH="14" VPOS="2097" HPOS="1513"/>
                  <String HEIGHT="65"
                          WIDTH="228"
                          VPOS="2097"
                          HPOS="1470"
                          CONTENT="consimiliter"/>
                  <SP HEIGHT="65" WIDTH="14" VPOS="2097" HPOS="1698"/>
                  <String HEIGHT="65"
                          WIDTH="171"
                          VPOS="2097"
                          HPOS="1655"
                          CONTENT="dicendum"/>
                  <SP HEIGHT="65" WIDTH="14" VPOS="2097" HPOS="1826"/>
                  <String HEIGHT="65"
                          WIDTH="100"
                          VPOS="2097"
                          HPOS="1783"
                          CONTENT="est"/>
                  <SP HEIGHT="65" WIDTH="14" VPOS="2097" HPOS="1883"/>
                  <String HEIGHT="65"
                          WIDTH="85"
                          VPOS="2097"
                          HPOS="1826"
                          CONTENT="plu¬"
                          SUBS_TYPE="HypPart1"
                          SUBS_CONTENT="plures"/>
                  <HYP CONTENT="-"/>
               </TextLine>
               <TextLine ID="r1l46"
                         BASELINE="246,2202 328,2202 411,2201 494,2201 577,2199 659,2199 742,2198 825,2198 908,2196 990,2196 1073,2195 1156,2193 1239,2193 1321,2192 1404,2190 1487,2190 1570,2189 1652,2188 1735,2187 1818,2186 1901,2186"
                         HEIGHT="67"
                         WIDTH="1676"
                         VPOS="2146"
                         HPOS="236">
                  <String HEIGHT="67"
                          WIDTH="107"
                          VPOS="2146"
                          HPOS="221"
                          CONTENT="res"
                          SUBS_TYPE="HypPart2"
                          SUBS_CONTENT="plures"/>
                  <SP HEIGHT="67" WIDTH="15" VPOS="2146" HPOS="327"/>
                  <String HEIGHT="67"
                          WIDTH="122"
                          VPOS="2146"
                          HPOS="282"
                          CONTENT="esse"/>
                  <SP HEIGHT="67" WIDTH="15" VPOS="2146" HPOS="404"/>
                  <String HEIGHT="67"
                          WIDTH="213"
                          VPOS="2146"
                          HPOS="358"
                          CONTENT="iustitias:"/>
                  <SP HEIGHT="67" WIDTH="15" VPOS="2146" HPOS="571"/>
                  <String HEIGHT="67"
                          WIDTH="122"
                          VPOS="2146"
                          HPOS="525"
                          CONTENT="vnam"/>
                  <SP HEIGHT="67" WIDTH="15" VPOS="2146" HPOS="647"/>
                  <String HEIGHT="67"
                          WIDTH="137"
                          VPOS="2146"
                          HPOS="602"
                          CONTENT="totam"/>
                  <SP HEIGHT="67" WIDTH="15" VPOS="2146" HPOS="739"/>
                  <String HEIGHT="67" WIDTH="76" VPOS="2146" HPOS="693" CONTENT="&amp;"/>
                  <SP HEIGHT="67" WIDTH="15" VPOS="2146" HPOS="769"/>
                  <String HEIGHT="67"
                          WIDTH="198"
                          VPOS="2146"
                          HPOS="724"
                          CONTENT="legitimam"/>
                  <SP HEIGHT="67" WIDTH="15" VPOS="2146" HPOS="922"/>
                  <String HEIGHT="67" WIDTH="76" VPOS="2146" HPOS="876" CONTENT="&amp;"/>
                  <SP HEIGHT="67" WIDTH="15" VPOS="2146" HPOS="952"/>
                  <String HEIGHT="67"
                          WIDTH="168"
                          VPOS="2146"
                          HPOS="906"
                          CONTENT="alteram"/>
                  <SP HEIGHT="67" WIDTH="15" VPOS="2146" HPOS="1074"/>
                  <String HEIGHT="67"
                          WIDTH="168"
                          VPOS="2146"
                          HPOS="1028"
                          CONTENT="partem:"/>
                  <SP HEIGHT="67" WIDTH="15" VPOS="2146" HPOS="1196"/>
                  <String HEIGHT="67" WIDTH="76" VPOS="2146" HPOS="1150" CONTENT="&amp;"/>
                  <SP HEIGHT="67" WIDTH="15" VPOS="2146" HPOS="1226"/>
                  <String HEIGHT="67"
                          WIDTH="107"
                          VPOS="2146"
                          HPOS="1181"
                          CONTENT="hoc"/>
                  <SP HEIGHT="67" WIDTH="15" VPOS="2146" HPOS="1287"/>
                  <String HEIGHT="67" WIDTH="91" VPOS="2146" HPOS="1242" CONTENT="ex"/>
                  <SP HEIGHT="67" WIDTH="15" VPOS="2146" HPOS="1333"/>
                  <String HEIGHT="67"
                          WIDTH="152"
                          VPOS="2146"
                          HPOS="1287"
                          CONTENT="dictis"/>
                  <SP HEIGHT="67" WIDTH="15" VPOS="2146" HPOS="1440"/>
                  <String HEIGHT="67"
                          WIDTH="107"
                          VPOS="2146"
                          HPOS="1394"
                          CONTENT="est"/>
                  <SP HEIGHT="67" WIDTH="15" VPOS="2146" HPOS="1501"/>
                  <String HEIGHT="67"
                          WIDTH="229"
                          VPOS="2146"
                          HPOS="1455"
                          CONTENT="perspicuum."/>
                  <SP HEIGHT="67" WIDTH="15" VPOS="2146" HPOS="1683"/>
                  <String HEIGHT="67"
                          WIDTH="107"
                          VPOS="2146"
                          HPOS="1638"
                          CONTENT="Sed"/>
                  <SP HEIGHT="67" WIDTH="15" VPOS="2146" HPOS="1744"/>
                  <String HEIGHT="67"
                          WIDTH="152"
                          VPOS="2146"
                          HPOS="1699"
                          CONTENT="qualis"/>
                  <SP HEIGHT="67" WIDTH="15" VPOS="2146" HPOS="1851"/>
                  <String HEIGHT="67" WIDTH="91" VPOS="2146" HPOS="1805" CONTENT="ea"/>
                  <SP HEIGHT="67" WIDTH="15" VPOS="2146" HPOS="1897"/>
                  <String HEIGHT="67"
                          WIDTH="76"
                          VPOS="2146"
                          HPOS="1836"
                          CONTENT="sit"/>
               </TextLine>
               <TextLine ID="r1l47"
                         BASELINE="240,2250 323,2249 406,2249 489,2247 572,2247 656,2246 739,2246 822,2244 905,2244 988,2243 1072,2243 1155,2241 1238,2240 1321,2240 1404,2238 1488,2237 1571,2236 1654,2235 1737,2234 1820,2232 1904,2231"
                         HEIGHT="67"
                         WIDTH="1686"
                         VPOS="2196"
                         HPOS="229">
                  <String HEIGHT="67"
                          WIDTH="186"
                          VPOS="2196"
                          HPOS="214"
                          CONTENT="deinceps"/>
                  <SP HEIGHT="67" WIDTH="15" VPOS="2196" HPOS="399"/>
                  <String HEIGHT="67"
                          WIDTH="186"
                          VPOS="2196"
                          HPOS="353"
                          CONTENT="dicendum"/>
                  <SP HEIGHT="67" WIDTH="15" VPOS="2196" HPOS="538"/>
                  <String HEIGHT="67"
                          WIDTH="124"
                          VPOS="2196"
                          HPOS="492"
                          CONTENT="est."/>
                  <SP HEIGHT="67" WIDTH="15" VPOS="2196" HPOS="616"/>
                  <String HEIGHT="67"
                          WIDTH="155"
                          VPOS="2196"
                          HPOS="569"
                          CONTENT="Postea"/>
                  <SP HEIGHT="67" WIDTH="15" VPOS="2196" HPOS="724"/>
                  <String HEIGHT="67"
                          WIDTH="155"
                          VPOS="2196"
                          HPOS="678"
                          CONTENT="subdit"/>
                  <SP HEIGHT="67" WIDTH="15" VPOS="2196" HPOS="832"/>
                  <String HEIGHT="67"
                          WIDTH="201"
                          VPOS="2196"
                          HPOS="786"
                          CONTENT="epilogum,"/>
                  <SP HEIGHT="67" WIDTH="15" VPOS="2196" HPOS="987"/>
                  <String HEIGHT="67"
                          WIDTH="247"
                          VPOS="2196"
                          HPOS="941"
                          CONTENT="determinatum"/>
                  <SP HEIGHT="67" WIDTH="15" VPOS="2196" HPOS="1188"/>
                  <String HEIGHT="67"
                          WIDTH="108"
                          VPOS="2196"
                          HPOS="1142"
                          CONTENT="est"/>
                  <SP HEIGHT="67" WIDTH="15" VPOS="2196" HPOS="1250"/>
                  <String HEIGHT="67"
                          WIDTH="170"
                          VPOS="2196"
                          HPOS="1203"
                          CONTENT="quoddam"/>
                  <SP HEIGHT="67" WIDTH="15" VPOS="2196" HPOS="1374"/>
                  <String HEIGHT="67"
                          WIDTH="186"
                          VPOS="2196"
                          HPOS="1327"
                          CONTENT="iniustum"/>
                  <SP HEIGHT="67" WIDTH="15" VPOS="2196" HPOS="1513"/>
                  <String HEIGHT="67"
                          WIDTH="124"
                          VPOS="2196"
                          HPOS="1466"
                          CONTENT="esse"/>
                  <SP HEIGHT="67" WIDTH="15" VPOS="2196" HPOS="1590"/>
                  <String HEIGHT="67"
                          WIDTH="139"
                          VPOS="2196"
                          HPOS="1544"
                          CONTENT="totum"/>
                  <SP HEIGHT="67" WIDTH="15" VPOS="2196" HPOS="1683"/>
                  <String HEIGHT="67" WIDTH="77" VPOS="2196" HPOS="1637" CONTENT="&amp;"/>
                  <SP HEIGHT="67" WIDTH="15" VPOS="2196" HPOS="1714"/>
                  <String HEIGHT="67"
                          WIDTH="155"
                          VPOS="2196"
                          HPOS="1668"
                          CONTENT="contra"/>
                  <SP HEIGHT="67" WIDTH="15" VPOS="2196" HPOS="1822"/>
                  <String HEIGHT="67"
                          WIDTH="155"
                          VPOS="2196"
                          HPOS="1776"
                          CONTENT="leges,"/>
                  <SP HEIGHT="67" WIDTH="15" VPOS="2196" HPOS="1930"/>
                  <String HEIGHT="67" WIDTH="46" VPOS="2196" HPOS="1869" CONTENT="&amp;"/>
               </TextLine>
               <TextLine ID="r1l48"
                         BASELINE="246,2298 328,2298 411,2297 493,2295 576,2295 659,2294 741,2292 824,2292 906,2291 989,2289 1072,2289 1154,2288 1237,2287 1319,2286 1402,2285 1485,2283 1567,2283 1650,2282 1732,2280 1815,2279 1898,2279"
                         HEIGHT="72"
                         WIDTH="1674"
                         VPOS="2241"
                         HPOS="234">
                  <String HEIGHT="72"
                          WIDTH="169"
                          VPOS="2241"
                          HPOS="219"
                          CONTENT="quoddam"/>
                  <SP HEIGHT="72" WIDTH="15" VPOS="2241" HPOS="388"/>
                  <String HEIGHT="72"
                          WIDTH="184"
                          VPOS="2241"
                          HPOS="342"
                          CONTENT="speciale"/>
                  <SP HEIGHT="72" WIDTH="15" VPOS="2241" HPOS="526"/>
                  <String HEIGHT="72"
                          WIDTH="154"
                          VPOS="2241"
                          HPOS="480"
                          CONTENT="dictum"/>
                  <SP HEIGHT="72" WIDTH="15" VPOS="2241" HPOS="633"/>
                  <String HEIGHT="72"
                          WIDTH="184"
                          VPOS="2241"
                          HPOS="587"
                          CONTENT="iniquum."/>
                  <SP HEIGHT="72" WIDTH="15" VPOS="2241" HPOS="772"/>
                  <String HEIGHT="72"
                          WIDTH="200"
                          VPOS="2241"
                          HPOS="725"
                          CONTENT="Similiter"/>
                  <SP HEIGHT="72" WIDTH="15" VPOS="2241" HPOS="925"/>
                  <String HEIGHT="72" WIDTH="77" VPOS="2241" HPOS="879" CONTENT="&amp;"/>
                  <SP HEIGHT="72" WIDTH="15" VPOS="2241" HPOS="956"/>
                  <String HEIGHT="72"
                          WIDTH="169"
                          VPOS="2241"
                          HPOS="910"
                          CONTENT="quoddam"/>
                  <SP HEIGHT="72" WIDTH="15" VPOS="2241" HPOS="1079"/>
                  <String HEIGHT="72"
                          WIDTH="154"
                          VPOS="2241"
                          HPOS="1033"
                          CONTENT="iustum"/>
                  <SP HEIGHT="72" WIDTH="15" VPOS="2241" HPOS="1186"/>
                  <String HEIGHT="72"
                          WIDTH="123"
                          VPOS="2241"
                          HPOS="1140"
                          CONTENT="esse"/>
                  <SP HEIGHT="72" WIDTH="15" VPOS="2241" HPOS="1263"/>
                  <String HEIGHT="72"
                          WIDTH="215"
                          VPOS="2241"
                          HPOS="1217"
                          CONTENT="legitimum:"/>
                  <SP HEIGHT="72" WIDTH="15" VPOS="2241" HPOS="1432"/>
                  <String HEIGHT="72" WIDTH="77" VPOS="2241" HPOS="1386" CONTENT="&amp;"/>
                  <SP HEIGHT="72" WIDTH="15" VPOS="2241" HPOS="1463"/>
                  <String HEIGHT="72"
                          WIDTH="169"
                          VPOS="2241"
                          HPOS="1417"
                          CONTENT="quoddam"/>
                  <SP HEIGHT="72" WIDTH="15" VPOS="2241" HPOS="1585"/>
                  <String HEIGHT="72"
                          WIDTH="123"
                          VPOS="2241"
                          HPOS="1539"
                          CONTENT="quod"/>
                  <SP HEIGHT="72" WIDTH="15" VPOS="2241" HPOS="1662"/>
                  <String HEIGHT="72"
                          WIDTH="215"
                          VPOS="2241"
                          HPOS="1616"
                          CONTENT="appellatur"/>
                  <SP HEIGHT="72" WIDTH="15" VPOS="2241" HPOS="1831"/>
                  <String HEIGHT="72"
                          WIDTH="138"
                          VPOS="2241"
                          HPOS="1770"
                          CONTENT="aequum:"/>
               </TextLine>
               <TextLine ID="r1l49"
                         BASELINE="240,2345 322,2343 405,2343 487,2343 570,2342 653,2342 735,2340 818,2340 900,2340 983,2339 1066,2337 1148,2337 1231,2336 1313,2334 1396,2334 1479,2333 1561,2331 1644,2330 1726,2328 1809,2327 1892,2325"
                         HEIGHT="67"
                         WIDTH="1674"
                         VPOS="2289"
                         HPOS="228">
                  <String HEIGHT="67" WIDTH="75" VPOS="2289" HPOS="213" CONTENT="&amp;"/>
                  <SP HEIGHT="67" WIDTH="15" VPOS="2289" HPOS="288"/>
                  <String HEIGHT="67"
                          WIDTH="209"
                          VPOS="2289"
                          HPOS="243"
                          CONTENT="iniustitia"/>
                  <SP HEIGHT="67" WIDTH="15" VPOS="2289" HPOS="452"/>
                  <String HEIGHT="67" WIDTH="90" VPOS="2289" HPOS="407" CONTENT="de"/>
                  <SP HEIGHT="67" WIDTH="15" VPOS="2289" HPOS="497"/>
                  <String HEIGHT="67"
                          WIDTH="105"
                          VPOS="2289"
                          HPOS="452"
                          CONTENT="qua"/>
                  <SP HEIGHT="67" WIDTH="15" VPOS="2289" HPOS="557"/>
                  <String HEIGHT="67"
                          WIDTH="135"
                          VPOS="2289"
                          HPOS="512"
                          CONTENT="supra"/>
                  <SP HEIGHT="67" WIDTH="15" VPOS="2289" HPOS="646"/>
                  <String HEIGHT="67"
                          WIDTH="149"
                          VPOS="2289"
                          HPOS="602"
                          CONTENT="dictum"/>
                  <SP HEIGHT="67" WIDTH="15" VPOS="2289" HPOS="751"/>
                  <String HEIGHT="67"
                          WIDTH="105"
                          VPOS="2289"
                          HPOS="706"
                          CONTENT="est"/>
                  <SP HEIGHT="67" WIDTH="15" VPOS="2289" HPOS="811"/>
                  <String HEIGHT="67" WIDTH="90" VPOS="2289" HPOS="766" CONTENT="ea"/>
                  <SP HEIGHT="67" WIDTH="15" VPOS="2289" HPOS="856"/>
                  <String HEIGHT="67"
                          WIDTH="120"
                          VPOS="2289"
                          HPOS="811"
                          CONTENT="quae"/>
                  <SP HEIGHT="67" WIDTH="15" VPOS="2289" HPOS="930"/>
                  <String HEIGHT="67"
                          WIDTH="105"
                          VPOS="2289"
                          HPOS="886"
                          CONTENT="est"/>
                  <SP HEIGHT="67" WIDTH="15" VPOS="2289" HPOS="990"/>
                  <String HEIGHT="67"
                          WIDTH="120"
                          VPOS="2289"
                          HPOS="945"
                          CONTENT="tota"/>
                  <SP HEIGHT="67" WIDTH="15" VPOS="2289" HPOS="1065"/>
                  <String HEIGHT="67"
                          WIDTH="209"
                          VPOS="2289"
                          HPOS="1020"
                          CONTENT="illegitima"/>
                  <SP HEIGHT="67" WIDTH="15" VPOS="2289" HPOS="1229"/>
                  <String HEIGHT="67"
                          WIDTH="164"
                          VPOS="2289"
                          HPOS="1185"
                          CONTENT="praeter"/>
                  <SP HEIGHT="67" WIDTH="15" VPOS="2289" HPOS="1349"/>
                  <String HEIGHT="67"
                          WIDTH="135"
                          VPOS="2289"
                          HPOS="1304"
                          CONTENT="legem"/>
                  <SP HEIGHT="67" WIDTH="15" VPOS="2289" HPOS="1439"/>
                  <String HEIGHT="67"
                          WIDTH="209"
                          VPOS="2289"
                          HPOS="1394"
                          CONTENT="appellatur"/>
                  <SP HEIGHT="67" WIDTH="15" VPOS="2289" HPOS="1603"/>
                  <String HEIGHT="67" WIDTH="75" VPOS="2289" HPOS="1558" CONTENT="a"/>
                  <SP HEIGHT="67" WIDTH="15" VPOS="2289" HPOS="1633"/>
                  <String HEIGHT="67"
                          WIDTH="105"
                          VPOS="2289"
                          HPOS="1588"
                          CONTENT="qua"/>
                  <SP HEIGHT="67" WIDTH="15" VPOS="2289" HPOS="1693"/>
                  <String HEIGHT="67"
                          WIDTH="179"
                          VPOS="2289"
                          HPOS="1648"
                          CONTENT="iniustum"/>
                  <SP HEIGHT="67" WIDTH="15" VPOS="2289" HPOS="1827"/>
                  <String HEIGHT="67"
                          WIDTH="135"
                          VPOS="2289"
                          HPOS="1767"
                          CONTENT="praeter"/>
               </TextLine>
               <TextLine ID="r1l50"
                         BASELINE="248,2393 330,2391 413,2391 496,2391 578,2390 661,2388 744,2388 826,2387 909,2386 992,2385 1075,2384 1157,2382 1240,2382 1323,2381 1405,2379 1488,2378 1571,2378 1653,2376 1736,2375 1819,2373 1902,2373"
                         HEIGHT="78"
                         WIDTH="1676"
                         VPOS="2334"
                         HPOS="238">
                  <String HEIGHT="78"
                          WIDTH="144"
                          VPOS="2334"
                          HPOS="222"
                          CONTENT="legem"/>
                  <SP HEIGHT="78" WIDTH="16" VPOS="2334" HPOS="366"/>
                  <String HEIGHT="78"
                          WIDTH="176"
                          VPOS="2334"
                          HPOS="318"
                          CONTENT="emanat."/>
                  <SP HEIGHT="78" WIDTH="16" VPOS="2334" HPOS="493"/>
                  <String HEIGHT="78"
                          WIDTH="160"
                          VPOS="2334"
                          HPOS="446"
                          CONTENT="Tertia"/>
                  <SP HEIGHT="78" WIDTH="16" VPOS="2334" HPOS="605"/>
                  <String HEIGHT="78"
                          WIDTH="223"
                          VPOS="2334"
                          HPOS="557"
                          CONTENT="conclusio."/>
                  <SP HEIGHT="78" WIDTH="16" VPOS="2334" HPOS="781"/>
                  <String HEIGHT="78"
                          WIDTH="112"
                          VPOS="2334"
                          HPOS="733"
                          CONTENT="Non"/>
                  <SP HEIGHT="78" WIDTH="16" VPOS="2334" HPOS="845"/>
                  <String HEIGHT="78"
                          WIDTH="112"
                          VPOS="2334"
                          HPOS="797"
                          CONTENT="est"/>
                  <SP HEIGHT="78" WIDTH="16" VPOS="2334" HPOS="908"/>
                  <String HEIGHT="78"
                          WIDTH="176"
                          VPOS="2334"
                          HPOS="861"
                          CONTENT="prorsus"/>
                  <SP HEIGHT="78" WIDTH="16" VPOS="2334" HPOS="1036"/>
                  <String HEIGHT="78"
                          WIDTH="144"
                          VPOS="2334"
                          HPOS="988"
                          CONTENT="indem"/>
                  <SP HEIGHT="78" WIDTH="16" VPOS="2334" HPOS="1132"/>
                  <String HEIGHT="78"
                          WIDTH="176"
                          VPOS="2334"
                          HPOS="1084"
                          CONTENT="iniquum"/>
                  <SP HEIGHT="78" WIDTH="16" VPOS="2334" HPOS="1260"/>
                  <String HEIGHT="78" WIDTH="80" VPOS="2334" HPOS="1212" CONTENT="&amp;"/>
                  <SP HEIGHT="78" WIDTH="16" VPOS="2334" HPOS="1291"/>
                  <String HEIGHT="78"
                          WIDTH="192"
                          VPOS="2334"
                          HPOS="1244"
                          CONTENT="iniustum"/>
                  <SP HEIGHT="78" WIDTH="16" VPOS="2334" HPOS="1435"/>
                  <String HEIGHT="78"
                          WIDTH="176"
                          VPOS="2334"
                          HPOS="1387"
                          CONTENT="praeter"/>
                  <SP HEIGHT="78" WIDTH="16" VPOS="2334" HPOS="1563"/>
                  <String HEIGHT="78"
                          WIDTH="160"
                          VPOS="2334"
                          HPOS="1515"
                          CONTENT="legem:"/>
                  <SP HEIGHT="78" WIDTH="16" VPOS="2334" HPOS="1675"/>
                  <String HEIGHT="78"
                          WIDTH="128"
                          VPOS="2334"
                          HPOS="1627"
                          CONTENT="siue"/>
                  <SP HEIGHT="78" WIDTH="16" VPOS="2334" HPOS="1754"/>
                  <String HEIGHT="78"
                          WIDTH="192"
                          VPOS="2334"
                          HPOS="1706"
                          CONTENT="iniustum"/>
                  <SP HEIGHT="78" WIDTH="16" VPOS="2334" HPOS="1898"/>
                  <String HEIGHT="78"
                          WIDTH="80"
                          VPOS="2334"
                          HPOS="1834"
                          CONTENT="in¬"
                          SUBS_TYPE="HypPart1"
                          SUBS_CONTENT="inaequale"/>
                  <HYP CONTENT="-"/>
               </TextLine>
               <TextLine ID="r1l51"
                         BASELINE="237,2438 319,2438 402,2438 485,2438 568,2438 651,2438 734,2436 817,2435 900,2435 983,2433 1066,2432 1148,2430 1231,2429 1314,2427 1397,2426 1480,2424 1563,2423 1646,2423 1729,2421 1812,2421 1895,2420"
                         HEIGHT="71"
                         WIDTH="1680"
                         VPOS="2384"
                         HPOS="225">
                  <String HEIGHT="71"
                          WIDTH="164"
                          VPOS="2384"
                          HPOS="210"
                          CONTENT="aequale"
                          SUBS_TYPE="HypPart2"
                          SUBS_CONTENT="inaequale"/>
                  <SP HEIGHT="71" WIDTH="15" VPOS="2384" HPOS="374"/>
                  <String HEIGHT="71" WIDTH="74" VPOS="2384" HPOS="329" CONTENT="&amp;"/>
                  <SP HEIGHT="71" WIDTH="15" VPOS="2384" HPOS="403"/>
                  <String HEIGHT="71"
                          WIDTH="178"
                          VPOS="2384"
                          HPOS="359"
                          CONTENT="iniustum"/>
                  <SP HEIGHT="71" WIDTH="15" VPOS="2384" HPOS="537"/>
                  <String HEIGHT="71"
                          WIDTH="178"
                          VPOS="2384"
                          HPOS="493"
                          CONTENT="illegale"/>
                  <SP HEIGHT="71" WIDTH="15" VPOS="2384" HPOS="671"/>
                  <String HEIGHT="71"
                          WIDTH="104"
                          VPOS="2384"
                          HPOS="626"
                          CONTENT="non"/>
                  <SP HEIGHT="71" WIDTH="15" VPOS="2384" HPOS="730"/>
                  <String HEIGHT="71"
                          WIDTH="119"
                          VPOS="2384"
                          HPOS="686"
                          CONTENT="sunt"/>
                  <SP HEIGHT="71" WIDTH="15" VPOS="2384" HPOS="805"/>
                  <String HEIGHT="71"
                          WIDTH="164"
                          VPOS="2384"
                          HPOS="760"
                          CONTENT="penitus"/>
                  <SP HEIGHT="71" WIDTH="15" VPOS="2384" HPOS="924"/>
                  <String HEIGHT="71"
                          WIDTH="134"
                          VPOS="2384"
                          HPOS="879"
                          CONTENT="idem."/>
                  <SP HEIGHT="71" WIDTH="15" VPOS="2384" HPOS="1013"/>
                  <String HEIGHT="71"
                          WIDTH="104"
                          VPOS="2384"
                          HPOS="968"
                          CONTENT="Nec"/>
                  <SP HEIGHT="71" WIDTH="15" VPOS="2384" HPOS="1072"/>
                  <String HEIGHT="71"
                          WIDTH="208"
                          VPOS="2384"
                          HPOS="1028"
                          CONTENT="iniustitia"/>
                  <SP HEIGHT="71" WIDTH="15" VPOS="2384" HPOS="1236"/>
                  <String HEIGHT="71"
                          WIDTH="208"
                          VPOS="2384"
                          HPOS="1191"
                          CONTENT="inaequalis"/>
                  <SP HEIGHT="71" WIDTH="15" VPOS="2384" HPOS="1400"/>
                  <String HEIGHT="71" WIDTH="74" VPOS="2384" HPOS="1355" CONTENT="&amp;"/>
                  <SP HEIGHT="71" WIDTH="15" VPOS="2384" HPOS="1429"/>
                  <String HEIGHT="71"
                          WIDTH="208"
                          VPOS="2384"
                          HPOS="1385"
                          CONTENT="iniustitia"/>
                  <SP HEIGHT="71" WIDTH="15" VPOS="2384" HPOS="1593"/>
                  <String HEIGHT="71"
                          WIDTH="208"
                          VPOS="2384"
                          HPOS="1548"
                          CONTENT="illegalis."/>
                  <SP HEIGHT="71" WIDTH="15" VPOS="2384" HPOS="1756"/>
                  <String HEIGHT="71"
                          WIDTH="164"
                          VPOS="2384"
                          HPOS="1712"
                          CONTENT="Priorem"/>
                  <SP HEIGHT="71" WIDTH="15" VPOS="2384" HPOS="1875"/>
                  <String HEIGHT="71"
                          WIDTH="89"
                          VPOS="2384"
                          HPOS="1816"
                          CONTENT="par¬"
                          SUBS_TYPE="HypPart1"
                          SUBS_CONTENT="partem"/>
                  <HYP CONTENT="-"/>
               </TextLine>
               <TextLine ID="r1l52"
                         BASELINE="240,2487 323,2486 407,2486 490,2486 574,2484 657,2484 741,2483 824,2483 908,2481 991,2480 1075,2480 1159,2478 1242,2477 1326,2477 1409,2475 1493,2474 1576,2472 1660,2471 1743,2469 1827,2468 1911,2466"
                         HEIGHT="61"
                         WIDTH="1693"
                         VPOS="2434"
                         HPOS="228">
                  <String HEIGHT="61"
                          WIDTH="101"
                          VPOS="2434"
                          HPOS="214"
                          CONTENT="tem"
                          SUBS_TYPE="HypPart2"
                          SUBS_CONTENT="partem"/>
                  <SP HEIGHT="61" WIDTH="14" VPOS="2434" HPOS="315"/>
                  <String HEIGHT="61"
                          WIDTH="159"
                          VPOS="2434"
                          HPOS="271"
                          CONTENT="probat:"/>
                  <SP HEIGHT="61" WIDTH="14" VPOS="2434" HPOS="431"/>
                  <String HEIGHT="61"
                          WIDTH="116"
                          VPOS="2434"
                          HPOS="387"
                          CONTENT="quia"/>
                  <SP HEIGHT="61" WIDTH="14" VPOS="2434" HPOS="503"/>
                  <String HEIGHT="61"
                          WIDTH="130"
                          VPOS="2434"
                          HPOS="460"
                          CONTENT="sicut"/>
                  <SP HEIGHT="61" WIDTH="14" VPOS="2434" HPOS="590"/>
                  <String HEIGHT="61" WIDTH="87" VPOS="2434" HPOS="546" CONTENT="se"/>
                  <SP HEIGHT="61" WIDTH="14" VPOS="2434" HPOS="633"/>
                  <String HEIGHT="61"
                          WIDTH="145"
                          VPOS="2434"
                          HPOS="590"
                          CONTENT="habent"/>
                  <SP HEIGHT="61" WIDTH="14" VPOS="2434" HPOS="734"/>
                  <String HEIGHT="61"
                          WIDTH="116"
                          VPOS="2434"
                          HPOS="691"
                          CONTENT="plus"/>
                  <SP HEIGHT="61" WIDTH="14" VPOS="2434" HPOS="807"/>
                  <String HEIGHT="61" WIDTH="72" VPOS="2434" HPOS="763" CONTENT="&amp;"/>
                  <SP HEIGHT="61" WIDTH="14" VPOS="2434" HPOS="836"/>
                  <String HEIGHT="61"
                          WIDTH="203"
                          VPOS="2434"
                          HPOS="792"
                          CONTENT="inaequale,"/>
                  <SP HEIGHT="61" WIDTH="14" VPOS="2434" HPOS="995"/>
                  <String HEIGHT="61"
                          WIDTH="101"
                          VPOS="2434"
                          HPOS="952"
                          CONTENT="ita"/>
                  <SP HEIGHT="61" WIDTH="14" VPOS="2434" HPOS="1053"/>
                  <String HEIGHT="61"
                          WIDTH="188"
                          VPOS="2434"
                          HPOS="1009"
                          CONTENT="inaequale"/>
                  <SP HEIGHT="61" WIDTH="14" VPOS="2434" HPOS="1197"/>
                  <String HEIGHT="61" WIDTH="72" VPOS="2434" HPOS="1154" CONTENT="&amp;"/>
                  <SP HEIGHT="61" WIDTH="14" VPOS="2434" HPOS="1226"/>
                  <String HEIGHT="61"
                          WIDTH="188"
                          VPOS="2434"
                          HPOS="1183"
                          CONTENT="illegale:"/>
                  <SP HEIGHT="61" WIDTH="14" VPOS="2434" HPOS="1371"/>
                  <String HEIGHT="61"
                          WIDTH="101"
                          VPOS="2434"
                          HPOS="1328"
                          CONTENT="sed"/>
                  <SP HEIGHT="61" WIDTH="14" VPOS="2434" HPOS="1429"/>
                  <String HEIGHT="61"
                          WIDTH="116"
                          VPOS="2434"
                          HPOS="1386"
                          CONTENT="plus"/>
                  <SP HEIGHT="61" WIDTH="14" VPOS="2434" HPOS="1501"/>
                  <String HEIGHT="61" WIDTH="72" VPOS="2434" HPOS="1458" CONTENT="&amp;"/>
                  <SP HEIGHT="61" WIDTH="14" VPOS="2434" HPOS="1530"/>
                  <String HEIGHT="61"
                          WIDTH="188"
                          VPOS="2434"
                          HPOS="1487"
                          CONTENT="inaequale"/>
                  <SP HEIGHT="61" WIDTH="14" VPOS="2434" HPOS="1675"/>
                  <String HEIGHT="61"
                          WIDTH="101"
                          VPOS="2434"
                          HPOS="1632"
                          CONTENT="non"/>
                  <SP HEIGHT="61" WIDTH="14" VPOS="2434" HPOS="1733"/>
                  <String HEIGHT="61"
                          WIDTH="116"
                          VPOS="2434"
                          HPOS="1689"
                          CONTENT="sunt"/>
                  <SP HEIGHT="61" WIDTH="14" VPOS="2434" HPOS="1805"/>
                  <String HEIGHT="61"
                          WIDTH="130"
                          VPOS="2434"
                          HPOS="1762"
                          CONTENT="idem,"/>
                  <SP HEIGHT="61" WIDTH="14" VPOS="2434" HPOS="1892"/>
                  <String HEIGHT="61"
                          WIDTH="101"
                          VPOS="2434"
                          HPOS="1849"
                          CONTENT="sed"/>
                  <SP HEIGHT="61" WIDTH="14" VPOS="2434" HPOS="1950"/>
                  <String HEIGHT="61" WIDTH="29" VPOS="2434" HPOS="1892" CONTENT=""/>
               </TextLine>
               <TextLine ID="r1l53"
                         BASELINE="240,2534 327,2534 414,2534 501,2534 589,2532 676,2532 763,2531 851,2529 938,2529 1025,2528 1113,2526 1200,2525 1287,2523 1375,2522 1462,2520 1549,2520 1637,2519 1724,2517 1811,2516 1899,2516"
                         HEIGHT="72"
                         WIDTH="1680"
                         VPOS="2488"
                         HPOS="230">
                  <String HEIGHT="72" WIDTH="88" VPOS="2488" HPOS="215" CONTENT="se"/>
                  <SP HEIGHT="72" WIDTH="15" VPOS="2488" HPOS="303"/>
                  <String HEIGHT="72"
                          WIDTH="146"
                          VPOS="2488"
                          HPOS="259"
                          CONTENT="habent"/>
                  <SP HEIGHT="72" WIDTH="15" VPOS="2488" HPOS="405"/>
                  <String HEIGHT="72" WIDTH="88" VPOS="2488" HPOS="361" CONTENT="vt"/>
                  <SP HEIGHT="72" WIDTH="15" VPOS="2488" HPOS="449"/>
                  <String HEIGHT="72"
                          WIDTH="117"
                          VPOS="2488"
                          HPOS="405"
                          CONTENT="pars"/>
                  <SP HEIGHT="72" WIDTH="15" VPOS="2488" HPOS="522"/>
                  <String HEIGHT="72" WIDTH="73" VPOS="2488" HPOS="478" CONTENT="&amp;"/>
                  <SP HEIGHT="72" WIDTH="15" VPOS="2488" HPOS="551"/>
                  <String HEIGHT="72"
                          WIDTH="146"
                          VPOS="2488"
                          HPOS="508"
                          CONTENT="totum:"/>
                  <SP HEIGHT="72" WIDTH="15" VPOS="2488" HPOS="654"/>
                  <String HEIGHT="72"
                          WIDTH="117"
                          VPOS="2488"
                          HPOS="610"
                          CONTENT="quia"/>
                  <SP HEIGHT="72" WIDTH="15" VPOS="2488" HPOS="727"/>
                  <String HEIGHT="72"
                          WIDTH="117"
                          VPOS="2488"
                          HPOS="683"
                          CONTENT="omne"/>
                  <SP HEIGHT="72" WIDTH="15" VPOS="2488" HPOS="800"/>
                  <String HEIGHT="72"
                          WIDTH="117"
                          VPOS="2488"
                          HPOS="756"
                          CONTENT="plus"/>
                  <SP HEIGHT="72" WIDTH="15" VPOS="2488" HPOS="873"/>
                  <String HEIGHT="72"
                          WIDTH="102"
                          VPOS="2488"
                          HPOS="829"
                          CONTENT="est"/>
                  <SP HEIGHT="72" WIDTH="15" VPOS="2488" HPOS="931"/>
                  <String HEIGHT="72"
                          WIDTH="205"
                          VPOS="2488"
                          HPOS="887"
                          CONTENT="inaequale,"/>
                  <SP HEIGHT="72" WIDTH="15" VPOS="2488" HPOS="1092"/>
                  <String HEIGHT="72" WIDTH="73" VPOS="2488" HPOS="1048" CONTENT="&amp;"/>
                  <SP HEIGHT="72" WIDTH="15" VPOS="2488" HPOS="1121"/>
                  <String HEIGHT="72"
                          WIDTH="102"
                          VPOS="2488"
                          HPOS="1077"
                          CONTENT="non"/>
                  <SP HEIGHT="72" WIDTH="15" VPOS="2488" HPOS="1180"/>
                  <String HEIGHT="72"
                          WIDTH="146"
                          VPOS="2488"
                          HPOS="1136"
                          CONTENT="contra"/>
                  <SP HEIGHT="72" WIDTH="15" VPOS="2488" HPOS="1282"/>
                  <String HEIGHT="72"
                          WIDTH="263"
                          VPOS="2488"
                          HPOS="1238"
                          CONTENT="vniuersaliter:"/>
                  <SP HEIGHT="72" WIDTH="15" VPOS="2488" HPOS="1501"/>
                  <String HEIGHT="72"
                          WIDTH="146"
                          VPOS="2488"
                          HPOS="1457"
                          CONTENT="aequum"/>
                  <SP HEIGHT="72" WIDTH="15" VPOS="2488" HPOS="1603"/>
                  <String HEIGHT="72"
                          WIDTH="117"
                          VPOS="2488"
                          HPOS="1559"
                          CONTENT="enim"/>
                  <SP HEIGHT="72" WIDTH="15" VPOS="2488" HPOS="1676"/>
                  <String HEIGHT="72"
                          WIDTH="102"
                          VPOS="2488"
                          HPOS="1632"
                          CONTENT="est"/>
                  <SP HEIGHT="72" WIDTH="15" VPOS="2488" HPOS="1735"/>
                  <String HEIGHT="72"
                          WIDTH="102"
                          VPOS="2488"
                          HPOS="1691"
                          CONTENT="cum"/>
                  <SP HEIGHT="72" WIDTH="15" VPOS="2488" HPOS="1793"/>
                  <String HEIGHT="72"
                          WIDTH="131"
                          VPOS="2488"
                          HPOS="1749"
                          CONTENT="neque"/>
                  <SP HEIGHT="72" WIDTH="15" VPOS="2488" HPOS="1881"/>
                  <String HEIGHT="72"
                          WIDTH="88"
                          VPOS="2488"
                          HPOS="1822"
                          CONTENT="plus"/>
               </TextLine>
               <TextLine ID="r1l54"
                         BASELINE="240,2582 323,2582 407,2582 491,2582 574,2580 658,2580 742,2579 825,2577 909,2577 993,2576 1077,2574 1160,2573 1244,2572 1328,2571 1411,2570 1495,2568 1579,2567 1662,2565 1746,2564 1830,2564 1914,2562"
                         HEIGHT="71"
                         WIDTH="1695"
                         VPOS="2523"
                         HPOS="229">
                  <String HEIGHT="71"
                          WIDTH="127"
                          VPOS="2523"
                          HPOS="215"
                          CONTENT="neque"/>
                  <SP HEIGHT="71" WIDTH="14" VPOS="2523" HPOS="342"/>
                  <String HEIGHT="71"
                          WIDTH="127"
                          VPOS="2523"
                          HPOS="300"
                          CONTENT="minus"/>
                  <SP HEIGHT="71" WIDTH="14" VPOS="2523" HPOS="427"/>
                  <String HEIGHT="71"
                          WIDTH="113"
                          VPOS="2523"
                          HPOS="384"
                          CONTENT="quam"/>
                  <SP HEIGHT="71" WIDTH="14" VPOS="2523" HPOS="497"/>
                  <String HEIGHT="71" WIDTH="99" VPOS="2523" HPOS="455" CONTENT="par"/>
                  <SP HEIGHT="71" WIDTH="14" VPOS="2523" HPOS="554"/>
                  <String HEIGHT="71" WIDTH="99" VPOS="2523" HPOS="512" CONTENT="sit"/>
                  <SP HEIGHT="71" WIDTH="14" VPOS="2523" HPOS="610"/>
                  <String HEIGHT="71"
                          WIDTH="198"
                          VPOS="2523"
                          HPOS="568"
                          CONTENT="tribuitur."/>
                  <SP HEIGHT="71" WIDTH="14" VPOS="2523" HPOS="766"/>
                  <String HEIGHT="71"
                          WIDTH="155"
                          VPOS="2523"
                          HPOS="723"
                          CONTENT="Iniquum"/>
                  <SP HEIGHT="71" WIDTH="14" VPOS="2523" HPOS="879"/>
                  <String HEIGHT="71"
                          WIDTH="113"
                          VPOS="2523"
                          HPOS="836"
                          CONTENT="ergo"/>
                  <SP HEIGHT="71" WIDTH="14" VPOS="2523" HPOS="949"/>
                  <String HEIGHT="71"
                          WIDTH="113"
                          VPOS="2523"
                          HPOS="907"
                          CONTENT="erit"/>
                  <SP HEIGHT="71" WIDTH="14" VPOS="2523" HPOS="1020"/>
                  <String HEIGHT="71" WIDTH="99" VPOS="2523" HPOS="978" CONTENT="non"/>
                  <SP HEIGHT="71" WIDTH="14" VPOS="2523" HPOS="1077"/>
                  <String HEIGHT="71"
                          WIDTH="127"
                          VPOS="2523"
                          HPOS="1034"
                          CONTENT="solum"/>
                  <SP HEIGHT="71" WIDTH="14" VPOS="2523" HPOS="1161"/>
                  <String HEIGHT="71"
                          WIDTH="113"
                          VPOS="2523"
                          HPOS="1119"
                          CONTENT="plus"/>
                  <SP HEIGHT="71" WIDTH="14" VPOS="2523" HPOS="1232"/>
                  <String HEIGHT="71"
                          WIDTH="99"
                          VPOS="2523"
                          HPOS="1190"
                          CONTENT="sed"/>
                  <SP HEIGHT="71" WIDTH="14" VPOS="2523" HPOS="1288"/>
                  <String HEIGHT="71"
                          WIDTH="127"
                          VPOS="2523"
                          HPOS="1246"
                          CONTENT="etiam"/>
                  <SP HEIGHT="71" WIDTH="14" VPOS="2523" HPOS="1373"/>
                  <String HEIGHT="71"
                          WIDTH="141"
                          VPOS="2523"
                          HPOS="1331"
                          CONTENT="minus."/>
                  <SP HEIGHT="71" WIDTH="14" VPOS="2523" HPOS="1472"/>
                  <String HEIGHT="71"
                          WIDTH="113"
                          VPOS="2523"
                          HPOS="1430"
                          CONTENT="Plus"/>
                  <SP HEIGHT="71" WIDTH="14" VPOS="2523" HPOS="1543"/>
                  <String HEIGHT="71"
                          WIDTH="141"
                          VPOS="2523"
                          HPOS="1500"
                          CONTENT="igitur"/>
                  <SP HEIGHT="71" WIDTH="14" VPOS="2523" HPOS="1642"/>
                  <String HEIGHT="71"
                          WIDTH="99"
                          VPOS="2523"
                          HPOS="1599"
                          CONTENT="est"/>
                  <SP HEIGHT="71" WIDTH="14" VPOS="2523" HPOS="1698"/>
                  <String HEIGHT="71"
                          WIDTH="113"
                          VPOS="2523"
                          HPOS="1656"
                          CONTENT="pars"/>
                  <SP HEIGHT="71" WIDTH="14" VPOS="2523" HPOS="1769"/>
                  <String HEIGHT="71"
                          WIDTH="155"
                          VPOS="2523"
                          HPOS="1726"
                          CONTENT="iniqui."/>
                  <SP HEIGHT="71" WIDTH="14" VPOS="2523" HPOS="1882"/>
                  <String HEIGHT="71"
                          WIDTH="99"
                          VPOS="2523"
                          HPOS="1825"
                          CONTENT="minus"/>
               </TextLine>
               <TextLine ID="r1l55"
                         BASELINE="252,2631 334,2630 416,2630 498,2628 581,2628 663,2627 745,2626 828,2625 910,2624 992,2623 1075,2622 1157,2621 1239,2619 1321,2618 1404,2617 1486,2616 1568,2615 1651,2613 1733,2612 1815,2610 1898,2609"
                         HEIGHT="70"
                         WIDTH="1668"
                         VPOS="2570"
                         HPOS="241">
                  <String HEIGHT="70" WIDTH="84" VPOS="2570" HPOS="227" CONTENT="de"/>
                  <SP HEIGHT="70" WIDTH="14" VPOS="2570" HPOS="311"/>
                  <String HEIGHT="70"
                          WIDTH="112"
                          VPOS="2570"
                          HPOS="269"
                          CONTENT="malo"/>
                  <SP HEIGHT="70" WIDTH="14" VPOS="2570" HPOS="381"/>
                  <String HEIGHT="70" WIDTH="98" VPOS="2570" HPOS="339" CONTENT="est"/>
                  <SP HEIGHT="70" WIDTH="14" VPOS="2570" HPOS="437"/>
                  <String HEIGHT="70"
                          WIDTH="168"
                          VPOS="2570"
                          HPOS="395"
                          CONTENT="iniquum,"/>
                  <SP HEIGHT="70" WIDTH="14" VPOS="2570" HPOS="563"/>
                  <String HEIGHT="70" WIDTH="70" VPOS="2570" HPOS="521" CONTENT="&amp;"/>
                  <SP HEIGHT="70" WIDTH="14" VPOS="2570" HPOS="591"/>
                  <String HEIGHT="70" WIDTH="98" VPOS="2570" HPOS="549" CONTENT="non"/>
                  <SP HEIGHT="70" WIDTH="14" VPOS="2570" HPOS="647"/>
                  <String HEIGHT="70"
                          WIDTH="126"
                          VPOS="2570"
                          HPOS="605"
                          CONTENT="plus."/>
                  <SP HEIGHT="70" WIDTH="14" VPOS="2570" HPOS="732"/>
                  <String HEIGHT="70"
                          WIDTH="182"
                          VPOS="2570"
                          HPOS="690"
                          CONTENT="Similiter"/>
                  <SP HEIGHT="70" WIDTH="14" VPOS="2570" HPOS="872"/>
                  <String HEIGHT="70"
                          WIDTH="196"
                          VPOS="2570"
                          HPOS="830"
                          CONTENT="iniustitia"/>
                  <SP HEIGHT="70" WIDTH="14" VPOS="2570" HPOS="1026"/>
                  <String HEIGHT="70"
                          WIDTH="196"
                          VPOS="2570"
                          HPOS="984"
                          CONTENT="inaequalis"/>
                  <SP HEIGHT="70" WIDTH="14" VPOS="2570" HPOS="1180"/>
                  <String HEIGHT="70" WIDTH="70" VPOS="2570" HPOS="1138" CONTENT="&amp;"/>
                  <SP HEIGHT="70" WIDTH="14" VPOS="2570" HPOS="1208"/>
                  <String HEIGHT="70"
                          WIDTH="196"
                          VPOS="2570"
                          HPOS="1166"
                          CONTENT="iniustitia"/>
                  <SP HEIGHT="70" WIDTH="14" VPOS="2570" HPOS="1362"/>
                  <String HEIGHT="70"
                          WIDTH="182"
                          VPOS="2570"
                          HPOS="1320"
                          CONTENT="illegalis"/>
                  <SP HEIGHT="70" WIDTH="14" VPOS="2570" HPOS="1503"/>
                  <String HEIGHT="70"
                          WIDTH="98"
                          VPOS="2570"
                          HPOS="1460"
                          CONTENT="non"/>
                  <SP HEIGHT="70" WIDTH="14" VPOS="2570" HPOS="1559"/>
                  <String HEIGHT="70"
                          WIDTH="112"
                          VPOS="2570"
                          HPOS="1517"
                          CONTENT="sunt"/>
                  <SP HEIGHT="70" WIDTH="14" VPOS="2570" HPOS="1629"/>
                  <String HEIGHT="70"
                          WIDTH="210"
                          VPOS="2570"
                          HPOS="1587"
                          CONTENT="simpliciter"/>
                  <SP HEIGHT="70" WIDTH="14" VPOS="2570" HPOS="1797"/>
                  <String HEIGHT="70"
                          WIDTH="126"
                          VPOS="2570"
                          HPOS="1755"
                          CONTENT="idem:"/>
                  <SP HEIGHT="70" WIDTH="14" VPOS="2570" HPOS="1881"/>
                  <String HEIGHT="70"
                          WIDTH="98"
                          VPOS="2570"
                          HPOS="1839"
                          CONTENT="sed"/>
                  <SP HEIGHT="70" WIDTH="14" VPOS="2570" HPOS="1937"/>
                  <String HEIGHT="70" WIDTH="28" VPOS="2570" HPOS="1881" CONTENT=""/>
               </TextLine>
               <TextLine ID="r1l56"
                         BASELINE="246,2676 329,2676 413,2676 496,2676 580,2675 663,2675 747,2673 830,2672 914,2672 997,2670 1081,2669 1165,2667 1248,2666 1332,2664 1415,2663 1499,2663 1582,2661 1666,2660 1749,2660 1833,2658 1917,2658"
                         HEIGHT="83"
                         WIDTH="1693"
                         VPOS="2616"
                         HPOS="234">
                  <String HEIGHT="83" WIDTH="85" VPOS="2616" HPOS="220" CONTENT="se"/>
                  <SP HEIGHT="83" WIDTH="14" VPOS="2616" HPOS="305"/>
                  <String HEIGHT="83"
                          WIDTH="141"
                          VPOS="2616"
                          HPOS="262"
                          CONTENT="habent"/>
                  <SP HEIGHT="83" WIDTH="14" VPOS="2616" HPOS="403"/>
                  <String HEIGHT="83"
                          WIDTH="127"
                          VPOS="2616"
                          HPOS="361"
                          CONTENT="sicut"/>
                  <SP HEIGHT="83" WIDTH="14" VPOS="2616" HPOS="488"/>
                  <String HEIGHT="83"
                          WIDTH="127"
                          VPOS="2616"
                          HPOS="446"
                          CONTENT="totum"/>
                  <SP HEIGHT="83" WIDTH="14" VPOS="2616" HPOS="573"/>
                  <String HEIGHT="83" WIDTH="71" VPOS="2616" HPOS="530" CONTENT="&amp;"/>
                  <SP HEIGHT="83" WIDTH="14" VPOS="2616" HPOS="601"/>
                  <String HEIGHT="83"
                          WIDTH="127"
                          VPOS="2616"
                          HPOS="558"
                          CONTENT="pars:"/>
                  <SP HEIGHT="83" WIDTH="14" VPOS="2616" HPOS="685"/>
                  <String HEIGHT="83"
                          WIDTH="113"
                          VPOS="2616"
                          HPOS="643"
                          CONTENT="quia"/>
                  <SP HEIGHT="83" WIDTH="14" VPOS="2616" HPOS="756"/>
                  <String HEIGHT="83"
                          WIDTH="198"
                          VPOS="2616"
                          HPOS="714"
                          CONTENT="iniustitia"/>
                  <SP HEIGHT="83" WIDTH="14" VPOS="2616" HPOS="911"/>
                  <String HEIGHT="83"
                          WIDTH="198"
                          VPOS="2616"
                          HPOS="869"
                          CONTENT="inaequalis"/>
                  <SP HEIGHT="83" WIDTH="14" VPOS="2616" HPOS="1066"/>
                  <String HEIGHT="83"
                          WIDTH="99"
                          VPOS="2616"
                          HPOS="1024"
                          CONTENT="est"/>
                  <SP HEIGHT="83" WIDTH="14" VPOS="2616" HPOS="1123"/>
                  <String HEIGHT="83"
                          WIDTH="113"
                          VPOS="2616"
                          HPOS="1081"
                          CONTENT="pars"/>
                  <SP HEIGHT="83" WIDTH="14" VPOS="2616" HPOS="1193"/>
                  <String HEIGHT="83"
                          WIDTH="212"
                          VPOS="2616"
                          HPOS="1151"
                          CONTENT="iniustitiae"/>
                  <SP HEIGHT="83" WIDTH="14" VPOS="2616" HPOS="1363"/>
                  <String HEIGHT="83"
                          WIDTH="198"
                          VPOS="2616"
                          HPOS="1320"
                          CONTENT="illegalis:"/>
                  <SP HEIGHT="83" WIDTH="14" VPOS="2616" HPOS="1518"/>
                  <String HEIGHT="83"
                          WIDTH="127"
                          VPOS="2616"
                          HPOS="1476"
                          CONTENT="sicut"/>
                  <SP HEIGHT="83" WIDTH="14" VPOS="2616" HPOS="1603"/>
                  <String HEIGHT="83"
                          WIDTH="169"
                          VPOS="2616"
                          HPOS="1560"
                          CONTENT="iustitia"/>
                  <SP HEIGHT="83" WIDTH="14" VPOS="2616" HPOS="1729"/>
                  <String HEIGHT="83"
                          WIDTH="226"
                          VPOS="2616"
                          HPOS="1687"
                          CONTENT="particularis"/>
                  <SP HEIGHT="83" WIDTH="14" VPOS="2616" HPOS="1913"/>
                  <String HEIGHT="83"
                          WIDTH="71"
                          VPOS="2616"
                          HPOS="1856"
                          CONTENT="est"/>
               </TextLine>
               <TextLine ID="r1l57"
                         BASELINE="242,2724 324,2724 407,2724 490,2723 572,2723 655,2723 738,2721 820,2720 903,2720 986,2718 1069,2717 1151,2717 1234,2715 1317,2714 1399,2712 1482,2711 1565,2709 1647,2708 1730,2707 1813,2706 1896,2705"
                         HEIGHT="68"
                         WIDTH="1676"
                         VPOS="2673"
                         HPOS="230">
                  <String HEIGHT="68"
                          WIDTH="123"
                          VPOS="2673"
                          HPOS="215"
                          CONTENT="pars"/>
                  <SP HEIGHT="68" WIDTH="15" VPOS="2673" HPOS="338"/>
                  <String HEIGHT="68"
                          WIDTH="200"
                          VPOS="2673"
                          HPOS="292"
                          CONTENT="iustitiae"/>
                  <SP HEIGHT="68" WIDTH="15" VPOS="2673" HPOS="491"/>
                  <String HEIGHT="68"
                          WIDTH="215"
                          VPOS="2673"
                          HPOS="445"
                          CONTENT="illegalis,"/>
                  <SP HEIGHT="68" WIDTH="15" VPOS="2673" HPOS="661"/>
                  <String HEIGHT="68"
                          WIDTH="123"
                          VPOS="2673"
                          HPOS="614"
                          CONTENT="quia"/>
                  <SP HEIGHT="68" WIDTH="15" VPOS="2673" HPOS="737"/>
                  <String HEIGHT="68"
                          WIDTH="123"
                          VPOS="2673"
                          HPOS="691"
                          CONTENT="omne"/>
                  <SP HEIGHT="68" WIDTH="15" VPOS="2673" HPOS="814"/>
                  <String HEIGHT="68"
                          WIDTH="200"
                          VPOS="2673"
                          HPOS="768"
                          CONTENT="inaequale"/>
                  <SP HEIGHT="68" WIDTH="15" VPOS="2673" HPOS="968"/>
                  <String HEIGHT="68" WIDTH="92" VPOS="2673" HPOS="922" CONTENT="in"/>
                  <SP HEIGHT="68" WIDTH="15" VPOS="2673" HPOS="1014"/>
                  <String HEIGHT="68"
                          WIDTH="169"
                          VPOS="2673"
                          HPOS="968"
                          CONTENT="hominum"/>
                  <SP HEIGHT="68" WIDTH="15" VPOS="2673" HPOS="1137"/>
                  <String HEIGHT="68"
                          WIDTH="246"
                          VPOS="2673"
                          HPOS="1091"
                          CONTENT="commutatione"/>
                  <SP HEIGHT="68" WIDTH="15" VPOS="2673" HPOS="1337"/>
                  <String HEIGHT="68"
                          WIDTH="108"
                          VPOS="2673"
                          HPOS="1291"
                          CONTENT="est"/>
                  <SP HEIGHT="68" WIDTH="15" VPOS="2673" HPOS="1399"/>
                  <String HEIGHT="68"
                          WIDTH="138"
                          VPOS="2673"
                          HPOS="1352"
                          CONTENT="etiam"/>
                  <SP HEIGHT="68" WIDTH="15" VPOS="2673" HPOS="1491"/>
                  <String HEIGHT="68"
                          WIDTH="200"
                          VPOS="2673"
                          HPOS="1445"
                          CONTENT="illegale,"/>
                  <SP HEIGHT="68" WIDTH="15" VPOS="2673" HPOS="1645"/>
                  <String HEIGHT="68" WIDTH="77" VPOS="2673" HPOS="1598" CONTENT="&amp;"/>
                  <SP HEIGHT="68" WIDTH="15" VPOS="2673" HPOS="1675"/>
                  <String HEIGHT="68"
                          WIDTH="154"
                          VPOS="2673"
                          HPOS="1629"
                          CONTENT="contra"/>
                  <SP HEIGHT="68" WIDTH="15" VPOS="2673" HPOS="1783"/>
                  <String HEIGHT="68"
                          WIDTH="185"
                          VPOS="2673"
                          HPOS="1721"
                          CONTENT="sanctiones"/>
               </TextLine>
               <TextLine ID="r1l58"
                         BASELINE="255,2772 337,2771 420,2771 502,2771 585,2769 667,2769 750,2768 832,2768 915,2766 997,2765 1080,2765 1162,2763 1245,2762 1327,2760 1410,2760 1492,2759 1575,2757 1657,2756 1740,2754 1822,2753 1905,2753"
                         HEIGHT="78"
                         WIDTH="1672"
                         VPOS="2714"
                         HPOS="245">
                  <String HEIGHT="78"
                          WIDTH="155"
                          VPOS="2714"
                          HPOS="230"
                          CONTENT="legum:"/>
                  <SP HEIGHT="78" WIDTH="15" VPOS="2714" HPOS="384"/>
                  <String HEIGHT="78"
                          WIDTH="108"
                          VPOS="2714"
                          HPOS="338"
                          CONTENT="sed"/>
                  <SP HEIGHT="78" WIDTH="15" VPOS="2714" HPOS="446"/>
                  <String HEIGHT="78"
                          WIDTH="108"
                          VPOS="2714"
                          HPOS="400"
                          CONTENT="non"/>
                  <SP HEIGHT="78" WIDTH="15" VPOS="2714" HPOS="508"/>
                  <String HEIGHT="78"
                          WIDTH="170"
                          VPOS="2714"
                          HPOS="462"
                          CONTENT="contra."/>
                  <SP HEIGHT="78" WIDTH="15" VPOS="2714" HPOS="632"/>
                  <String HEIGHT="78"
                          WIDTH="217"
                          VPOS="2714"
                          HPOS="586"
                          CONTENT="Temulentia"/>
                  <SP HEIGHT="78" WIDTH="15" VPOS="2714" HPOS="802"/>
                  <String HEIGHT="78"
                          WIDTH="108"
                          VPOS="2714"
                          HPOS="756"
                          CONTENT="est"/>
                  <SP HEIGHT="78" WIDTH="15" VPOS="2714" HPOS="864"/>
                  <String HEIGHT="78"
                          WIDTH="124"
                          VPOS="2714"
                          HPOS="818"
                          CONTENT="quid"/>
                  <SP HEIGHT="78" WIDTH="15" VPOS="2714" HPOS="942"/>
                  <String HEIGHT="78"
                          WIDTH="201"
                          VPOS="2714"
                          HPOS="895"
                          CONTENT="illegale,"/>
                  <SP HEIGHT="78" WIDTH="15" VPOS="2714" HPOS="1096"/>
                  <String HEIGHT="78"
                          WIDTH="124"
                          VPOS="2714"
                          HPOS="1050"
                          CONTENT="quia"/>
                  <SP HEIGHT="78" WIDTH="15" VPOS="2714" HPOS="1174"/>
                  <String HEIGHT="78"
                          WIDTH="124"
                          VPOS="2714"
                          HPOS="1127"
                          CONTENT="legi"/>
                  <SP HEIGHT="78" WIDTH="15" VPOS="2714" HPOS="1251"/>
                  <String HEIGHT="78"
                          WIDTH="232"
                          VPOS="2714"
                          HPOS="1205"
                          CONTENT="contrarium:"/>
                  <SP HEIGHT="78" WIDTH="15" VPOS="2714" HPOS="1437"/>
                  <String HEIGHT="78" WIDTH="77" VPOS="2714" HPOS="1391" CONTENT="&amp;"/>
                  <SP HEIGHT="78" WIDTH="15" VPOS="2714" HPOS="1468"/>
                  <String HEIGHT="78"
                          WIDTH="139"
                          VPOS="2714"
                          HPOS="1422"
                          CONTENT="tamen"/>
                  <SP HEIGHT="78" WIDTH="15" VPOS="2714" HPOS="1561"/>
                  <String HEIGHT="78"
                          WIDTH="108"
                          VPOS="2714"
                          HPOS="1514"
                          CONTENT="non"/>
                  <SP HEIGHT="78" WIDTH="15" VPOS="2714" HPOS="1623"/>
                  <String HEIGHT="78"
                          WIDTH="108"
                          VPOS="2714"
                          HPOS="1576"
                          CONTENT="est"/>
                  <SP HEIGHT="78" WIDTH="15" VPOS="2714" HPOS="1685"/>
                  <String HEIGHT="78"
                          WIDTH="201"
                          VPOS="2714"
                          HPOS="1638"
                          CONTENT="inaequale"/>
                  <SP HEIGHT="78" WIDTH="15" VPOS="2714" HPOS="1840"/>
                  <String HEIGHT="78" WIDTH="93" VPOS="2714" HPOS="1793" CONTENT="in"/>
                  <SP HEIGHT="78" WIDTH="15" VPOS="2714" HPOS="1886"/>
                  <String HEIGHT="78"
                          WIDTH="93"
                          VPOS="2714"
                          HPOS="1824"
                          CONTENT="homi"/>
               </TextLine>
               <TextLine ID="r1l59"
                         BASELINE="248,2819 331,2819 414,2819 497,2817 580,2817 663,2816 746,2816 829,2814 912,2814 995,2813 1078,2811 1161,2811 1244,2810 1327,2808 1410,2807 1493,2806 1576,2805 1659,2804 1742,2802 1825,2801 1908,2799"
                         HEIGHT="61"
                         WIDTH="1682"
                         VPOS="2771"
                         HPOS="236">
                  <String HEIGHT="61"
                          WIDTH="108"
                          VPOS="2771"
                          HPOS="221"
                          CONTENT="num"/>
                  <SP HEIGHT="61" WIDTH="15" VPOS="2771" HPOS="329"/>
                  <String HEIGHT="61"
                          WIDTH="262"
                          VPOS="2771"
                          HPOS="282"
                          CONTENT="commutatione:"/>
                  <SP HEIGHT="61" WIDTH="15" VPOS="2771" HPOS="545"/>
                  <String HEIGHT="61"
                          WIDTH="170"
                          VPOS="2771"
                          HPOS="498"
                          CONTENT="perinde"/>
                  <SP HEIGHT="61" WIDTH="15" VPOS="2771" HPOS="668"/>
                  <String HEIGHT="61"
                          WIDTH="185"
                          VPOS="2771"
                          HPOS="622"
                          CONTENT="iniustum"/>
                  <SP HEIGHT="61" WIDTH="15" VPOS="2771" HPOS="807"/>
                  <String HEIGHT="61" WIDTH="77" VPOS="2771" HPOS="761" CONTENT="&amp;"/>
                  <SP HEIGHT="61" WIDTH="15" VPOS="2771" HPOS="838"/>
                  <String HEIGHT="61"
                          WIDTH="216"
                          VPOS="2771"
                          HPOS="792"
                          CONTENT="iniustitia"/>
                  <SP HEIGHT="61" WIDTH="15" VPOS="2771" HPOS="1008"/>
                  <String HEIGHT="61"
                          WIDTH="170"
                          VPOS="2771"
                          HPOS="961"
                          CONTENT="vtroque"/>
                  <SP HEIGHT="61" WIDTH="15" VPOS="2771" HPOS="1131"/>
                  <String HEIGHT="61"
                          WIDTH="123"
                          VPOS="2771"
                          HPOS="1085"
                          CONTENT="modo"/>
                  <SP HEIGHT="61" WIDTH="15" VPOS="2771" HPOS="1208"/>
                  <String HEIGHT="61"
                          WIDTH="154"
                          VPOS="2771"
                          HPOS="1162"
                          CONTENT="sumpta"/>
                  <SP HEIGHT="61" WIDTH="15" VPOS="2771" HPOS="1316"/>
                  <String HEIGHT="61"
                          WIDTH="108"
                          VPOS="2771"
                          HPOS="1270"
                          CONTENT="non"/>
                  <SP HEIGHT="61" WIDTH="15" VPOS="2771" HPOS="1378"/>
                  <String HEIGHT="61"
                          WIDTH="123"
                          VPOS="2771"
                          HPOS="1332"
                          CONTENT="sunt"/>
                  <SP HEIGHT="61" WIDTH="15" VPOS="2771" HPOS="1455"/>
                  <String HEIGHT="61"
                          WIDTH="139"
                          VPOS="2771"
                          HPOS="1409"
                          CONTENT="eadem"/>
                  <SP HEIGHT="61" WIDTH="15" VPOS="2771" HPOS="1548"/>
                  <String HEIGHT="61"
                          WIDTH="108"
                          VPOS="2771"
                          HPOS="1501"
                          CONTENT="sed"/>
                  <SP HEIGHT="61" WIDTH="15" VPOS="2771" HPOS="1609"/>
                  <String HEIGHT="61"
                          WIDTH="170"
                          VPOS="2771"
                          HPOS="1563"
                          CONTENT="altera:"/>
                  <SP HEIGHT="61" WIDTH="15" VPOS="2771" HPOS="1733"/>
                  <String HEIGHT="61"
                          WIDTH="123"
                          VPOS="2771"
                          HPOS="1687"
                          CONTENT="quia"/>
                  <SP HEIGHT="61" WIDTH="15" VPOS="2771" HPOS="1810"/>
                  <String HEIGHT="61" WIDTH="93" VPOS="2771" HPOS="1764" CONTENT="se"/>
                  <SP HEIGHT="61" WIDTH="15" VPOS="2771" HPOS="1856"/>
                  <String HEIGHT="61"
                          WIDTH="123"
                          VPOS="2771"
                          HPOS="1795"
                          CONTENT="habent"/>
               </TextLine>
               <TextLine ID="r1l60"
                         BASELINE="243,2867 326,2867 410,2867 493,2865 577,2865 660,2865 744,2864 827,2864 911,2862 994,2861 1078,2861 1162,2859 1245,2858 1329,2856 1412,2855 1496,2853 1579,2852 1663,2850 1746,2849 1830,2847 1914,2846"
                         HEIGHT="82"
                         WIDTH="1693"
                         VPOS="2811"
                         HPOS="231">
                  <String HEIGHT="82"
                          WIDTH="128"
                          VPOS="2811"
                          HPOS="217"
                          CONTENT="sicut"/>
                  <SP HEIGHT="82" WIDTH="14" VPOS="2811" HPOS="345"/>
                  <String HEIGHT="82"
                          WIDTH="128"
                          VPOS="2811"
                          HPOS="302"
                          CONTENT="totum"/>
                  <SP HEIGHT="82" WIDTH="14" VPOS="2811" HPOS="430"/>
                  <String HEIGHT="82" WIDTH="71" VPOS="2811" HPOS="387" CONTENT="&amp;"/>
                  <SP HEIGHT="82" WIDTH="14" VPOS="2811" HPOS="459"/>
                  <String HEIGHT="82"
                          WIDTH="128"
                          VPOS="2811"
                          HPOS="416"
                          CONTENT="pars."/>
                  <SP HEIGHT="82" WIDTH="14" VPOS="2811" HPOS="544"/>
                  <String HEIGHT="82"
                          WIDTH="114"
                          VPOS="2811"
                          HPOS="501"
                          CONTENT="Quia"/>
                  <SP HEIGHT="82" WIDTH="14" VPOS="2811" HPOS="615"/>
                  <String HEIGHT="82"
                          WIDTH="171"
                          VPOS="2811"
                          HPOS="572"
                          CONTENT="iniustum"/>
                  <SP HEIGHT="82" WIDTH="14" VPOS="2811" HPOS="743"/>
                  <String HEIGHT="82"
                          WIDTH="185"
                          VPOS="2811"
                          HPOS="700"
                          CONTENT="inaequale"/>
                  <SP HEIGHT="82" WIDTH="14" VPOS="2811" HPOS="885"/>
                  <String HEIGHT="82" WIDTH="71" VPOS="2811" HPOS="843" CONTENT="&amp;"/>
                  <SP HEIGHT="82" WIDTH="14" VPOS="2811" HPOS="914"/>
                  <String HEIGHT="82"
                          WIDTH="199"
                          VPOS="2811"
                          HPOS="871"
                          CONTENT="iniustitia"/>
                  <SP HEIGHT="82" WIDTH="14" VPOS="2811" HPOS="1070"/>
                  <String HEIGHT="82"
                          WIDTH="199"
                          VPOS="2811"
                          HPOS="1028"
                          CONTENT="inaequalis"/>
                  <SP HEIGHT="82" WIDTH="14" VPOS="2811" HPOS="1227"/>
                  <String HEIGHT="82"
                          WIDTH="114"
                          VPOS="2811"
                          HPOS="1184"
                          CONTENT="sunt"/>
                  <SP HEIGHT="82" WIDTH="14" VPOS="2811" HPOS="1298"/>
                  <String HEIGHT="82"
                          WIDTH="156"
                          VPOS="2811"
                          HPOS="1255"
                          CONTENT="partes,"/>
                  <SP HEIGHT="82" WIDTH="14" VPOS="2811" HPOS="1412"/>
                  <String HEIGHT="82" WIDTH="71" VPOS="2811" HPOS="1369" CONTENT="&amp;"/>
                  <SP HEIGHT="82" WIDTH="14" VPOS="2811" HPOS="1440"/>
                  <String HEIGHT="82"
                          WIDTH="171"
                          VPOS="2811"
                          HPOS="1398"
                          CONTENT="iniustum"/>
                  <SP HEIGHT="82" WIDTH="14" VPOS="2811" HPOS="1568"/>
                  <String HEIGHT="82"
                          WIDTH="171"
                          VPOS="2811"
                          HPOS="1526"
                          CONTENT="illegile"/>
                  <SP HEIGHT="82" WIDTH="14" VPOS="2811" HPOS="1696"/>
                  <String HEIGHT="82" WIDTH="71" VPOS="2811" HPOS="1654" CONTENT="&amp;"/>
                  <SP HEIGHT="82" WIDTH="14" VPOS="2811" HPOS="1725"/>
                  <String HEIGHT="82"
                          WIDTH="199"
                          VPOS="2811"
                          HPOS="1682"
                          CONTENT="iniustitia"/>
                  <SP HEIGHT="82" WIDTH="14" VPOS="2811" HPOS="1881"/>
                  <String HEIGHT="82"
                          WIDTH="100"
                          VPOS="2811"
                          HPOS="1824"
                          CONTENT="ille¬"
                          SUBS_TYPE="HypPart1"
                          SUBS_CONTENT="illegalis"/>
                  <HYP CONTENT="-"/>
               </TextLine>
               <TextLine ID="r1l61"
                         BASELINE="248,2915 330,2915 413,2913 496,2913 579,2913 662,2912 745,2911 827,2910 910,2909 993,2909 1076,2907 1159,2906 1242,2904 1325,2903 1407,2903 1490,2901 1573,2900 1656,2898 1739,2895 1822,2894 1905,2892"
                         HEIGHT="80"
                         WIDTH="1678"
                         VPOS="2857"
                         HPOS="237">
                  <String HEIGHT="80"
                          WIDTH="135"
                          VPOS="2857"
                          HPOS="222"
                          CONTENT="galis"
                          SUBS_TYPE="HypPart2"
                          SUBS_CONTENT="illegalis"/>
                  <SP HEIGHT="80" WIDTH="15" VPOS="2857" HPOS="357"/>
                  <String HEIGHT="80"
                          WIDTH="120"
                          VPOS="2857"
                          HPOS="312"
                          CONTENT="sunt"/>
                  <SP HEIGHT="80" WIDTH="15" VPOS="2857" HPOS="432"/>
                  <String HEIGHT="80"
                          WIDTH="135"
                          VPOS="2857"
                          HPOS="387"
                          CONTENT="quasi"/>
                  <SP HEIGHT="80" WIDTH="15" VPOS="2857" HPOS="522"/>
                  <String HEIGHT="80"
                          WIDTH="135"
                          VPOS="2857"
                          HPOS="477"
                          CONTENT="tota,"/>
                  <SP HEIGHT="80" WIDTH="15" VPOS="2857" HPOS="612"/>
                  <String HEIGHT="80" WIDTH="90" VPOS="2857" HPOS="567" CONTENT="vt"/>
                  <SP HEIGHT="80" WIDTH="15" VPOS="2857" HPOS="657"/>
                  <String HEIGHT="80" WIDTH="90" VPOS="2857" HPOS="612" CONTENT="in"/>
                  <SP HEIGHT="80" WIDTH="15" VPOS="2857" HPOS="701"/>
                  <String HEIGHT="80"
                          WIDTH="120"
                          VPOS="2857"
                          HPOS="657"
                          CONTENT="fine"/>
                  <SP HEIGHT="80" WIDTH="15" VPOS="2857" HPOS="776"/>
                  <String HEIGHT="80"
                          WIDTH="165"
                          VPOS="2857"
                          HPOS="731"
                          CONTENT="capitis"/>
                  <SP HEIGHT="80" WIDTH="15" VPOS="2857" HPOS="896"/>
                  <String HEIGHT="80"
                          WIDTH="240"
                          VPOS="2857"
                          HPOS="851"
                          CONTENT="praecedentis"/>
                  <SP HEIGHT="80" WIDTH="15" VPOS="2857" HPOS="1091"/>
                  <String HEIGHT="80"
                          WIDTH="180"
                          VPOS="2857"
                          HPOS="1046"
                          CONTENT="diximus."/>
                  <SP HEIGHT="80" WIDTH="15" VPOS="2857" HPOS="1226"/>
                  <String HEIGHT="80"
                          WIDTH="135"
                          VPOS="2857"
                          HPOS="1181"
                          CONTENT="Capio"/>
                  <SP HEIGHT="80" WIDTH="15" VPOS="2857" HPOS="1316"/>
                  <String HEIGHT="80"
                          WIDTH="240"
                          VPOS="2857"
                          HPOS="1271"
                          CONTENT="traductionem"/>
                  <SP HEIGHT="80" WIDTH="15" VPOS="2857" HPOS="1510"/>
                  <String HEIGHT="80"
                          WIDTH="210"
                          VPOS="2857"
                          HPOS="1466"
                          CONTENT="argyropili"/>
                  <SP HEIGHT="80" WIDTH="15" VPOS="2857" HPOS="1675"/>
                  <String HEIGHT="80"
                          WIDTH="120"
                          VPOS="2857"
                          HPOS="1630"
                          CONTENT="quam"/>
                  <SP HEIGHT="80" WIDTH="15" VPOS="2857" HPOS="1750"/>
                  <String HEIGHT="80"
                          WIDTH="150"
                          VPOS="2857"
                          HPOS="1705"
                          CONTENT="aliqui"/>
                  <SP HEIGHT="80" WIDTH="15" VPOS="2857" HPOS="1855"/>
                  <String HEIGHT="80"
                          WIDTH="120"
                          VPOS="2857"
                          HPOS="1795"
                          CONTENT="intri¬"
                          SUBS_TYPE="HypPart1"
                          SUBS_CONTENT="intricatam"/>
                  <HYP CONTENT="-"/>
               </TextLine>
               <TextLine ID="r1l62"
                         BASELINE="245,2961 332,2961 419,2960 506,2960 594,2960 681,2958 768,2958 856,2957 943,2957 1030,2955 1118,2954 1205,2952 1292,2952 1380,2951 1467,2949 1554,2947 1642,2946 1729,2943 1816,2942 1904,2939"
                         HEIGHT="67"
                         WIDTH="1682"
                         VPOS="2902"
                         HPOS="234">
                  <String HEIGHT="67"
                          WIDTH="139"
                          VPOS="2902"
                          HPOS="219"
                          CONTENT="catam"
                          SUBS_TYPE="HypPart2"
                          SUBS_CONTENT="intricatam"/>
                  <SP HEIGHT="67" WIDTH="15" VPOS="2902" HPOS="357"/>
                  <String HEIGHT="67"
                          WIDTH="170"
                          VPOS="2902"
                          HPOS="311"
                          CONTENT="censent"/>
                  <SP HEIGHT="67" WIDTH="15" VPOS="2902" HPOS="481"/>
                  <String HEIGHT="67"
                          WIDTH="108"
                          VPOS="2902"
                          HPOS="435"
                          CONTENT="sed"/>
                  <SP HEIGHT="67" WIDTH="15" VPOS="2902" HPOS="543"/>
                  <String HEIGHT="67"
                          WIDTH="278"
                          VPOS="2902"
                          HPOS="496"
                          CONTENT="animaduertenti"/>
                  <SP HEIGHT="67" WIDTH="15" VPOS="2902" HPOS="774"/>
                  <String HEIGHT="67"
                          WIDTH="108"
                          VPOS="2902"
                          HPOS="728"
                          CONTENT="est"/>
                  <SP HEIGHT="67" WIDTH="15" VPOS="2902" HPOS="836"/>
                  <String HEIGHT="67"
                          WIDTH="216"
                          VPOS="2902"
                          HPOS="790"
                          CONTENT="perspicua."/>
                  <SP HEIGHT="67" WIDTH="15" VPOS="2902" HPOS="1006"/>
                  <String HEIGHT="67" WIDTH="93" VPOS="2902" HPOS="959" CONTENT="At"/>
                  <SP HEIGHT="67" WIDTH="15" VPOS="2902" HPOS="1052"/>
                  <String HEIGHT="67"
                          WIDTH="108"
                          VPOS="2902"
                          HPOS="1006"
                          CONTENT="cum"/>
                  <SP HEIGHT="67" WIDTH="15" VPOS="2902" HPOS="1114"/>
                  <String HEIGHT="67"
                          WIDTH="170"
                          VPOS="2902"
                          HPOS="1067"
                          CONTENT="iniquum"/>
                  <SP HEIGHT="67" WIDTH="15" VPOS="2902" HPOS="1237"/>
                  <String HEIGHT="67" WIDTH="77" VPOS="2902" HPOS="1191" CONTENT="&amp;"/>
                  <SP HEIGHT="67" WIDTH="15" VPOS="2902" HPOS="1268"/>
                  <String HEIGHT="67"
                          WIDTH="185"
                          VPOS="2902"
                          HPOS="1222"
                          CONTENT="iniustum"/>
                  <SP HEIGHT="67" WIDTH="15" VPOS="2902" HPOS="1407"/>
                  <String HEIGHT="67"
                          WIDTH="123"
                          VPOS="2902"
                          HPOS="1360"
                          CONTENT="quod"/>
                  <SP HEIGHT="67" WIDTH="15" VPOS="2902" HPOS="1484"/>
                  <String HEIGHT="67"
                          WIDTH="154"
                          VPOS="2902"
                          HPOS="1438"
                          CONTENT="contra"/>
                  <SP HEIGHT="67" WIDTH="15" VPOS="2902" HPOS="1592"/>
                  <String HEIGHT="67"
                          WIDTH="139"
                          VPOS="2902"
                          HPOS="1546"
                          CONTENT="leges"/>
                  <SP HEIGHT="67" WIDTH="15" VPOS="2902" HPOS="1685"/>
                  <String HEIGHT="67"
                          WIDTH="108"
                          VPOS="2902"
                          HPOS="1638"
                          CONTENT="est"/>
                  <SP HEIGHT="67" WIDTH="15" VPOS="2902" HPOS="1746"/>
                  <String HEIGHT="67"
                          WIDTH="108"
                          VPOS="2902"
                          HPOS="1700"
                          CONTENT="non"/>
                  <SP HEIGHT="67" WIDTH="15" VPOS="2902" HPOS="1808"/>
                  <String HEIGHT="67"
                          WIDTH="123"
                          VPOS="2902"
                          HPOS="1762"
                          CONTENT="idem"/>
                  <SP HEIGHT="67" WIDTH="15" VPOS="2902" HPOS="1885"/>
                  <String HEIGHT="67"
                          WIDTH="93"
                          VPOS="2902"
                          HPOS="1823"
                          CONTENT="sint"/>
               </TextLine>
               <TextLine ID="r1l63"
                         BASELINE="239,3011 322,3009 406,3008 490,3008 574,3006 658,3005 742,3005 825,3003 909,3003 993,3003 1077,3002 1161,3000 1245,3000 1329,2999 1412,2997 1496,2996 1580,2994 1664,2993 1748,2990 1832,2987 1916,2984"
                         HEIGHT="76"
                         WIDTH="1699"
                         VPOS="2952"
                         HPOS="227">
                  <String HEIGHT="76"
                          WIDTH="142"
                          VPOS="2952"
                          HPOS="213"
                          CONTENT="supple"/>
                  <SP HEIGHT="76" WIDTH="14" VPOS="2952" HPOS="354"/>
                  <String HEIGHT="76"
                          WIDTH="283"
                          VPOS="2952"
                          HPOS="312"
                          CONTENT="convertibiliter:"/>
                  <SP HEIGHT="76" WIDTH="14" VPOS="2952" HPOS="595"/>
                  <String HEIGHT="76" WIDTH="99" VPOS="2952" HPOS="553" CONTENT="sed"/>
                  <SP HEIGHT="76" WIDTH="14" VPOS="2952" HPOS="652"/>
                  <String HEIGHT="76"
                          WIDTH="156"
                          VPOS="2952"
                          HPOS="609"
                          CONTENT="alterum"/>
                  <SP HEIGHT="76" WIDTH="14" VPOS="2952" HPOS="765"/>
                  <String HEIGHT="76" WIDTH="85" VPOS="2952" HPOS="723" CONTENT="se"/>
                  <SP HEIGHT="76" WIDTH="14" VPOS="2952" HPOS="807"/>
                  <String HEIGHT="76"
                          WIDTH="127"
                          VPOS="2952"
                          HPOS="765"
                          CONTENT="habet"/>
                  <SP HEIGHT="76" WIDTH="14" VPOS="2952" HPOS="892"/>
                  <String HEIGHT="76" WIDTH="85" VPOS="2952" HPOS="850" CONTENT="vt"/>
                  <SP HEIGHT="76" WIDTH="14" VPOS="2952" HPOS="935"/>
                  <String HEIGHT="76"
                          WIDTH="127"
                          VPOS="2952"
                          HPOS="892"
                          CONTENT="pars,"/>
                  <SP HEIGHT="76" WIDTH="14" VPOS="2952" HPOS="1020"/>
                  <String HEIGHT="76"
                          WIDTH="156"
                          VPOS="2952"
                          HPOS="977"
                          CONTENT="alterum"/>
                  <SP HEIGHT="76" WIDTH="14" VPOS="2952" HPOS="1133"/>
                  <String HEIGHT="76" WIDTH="85" VPOS="2952" HPOS="1091" CONTENT="vt"/>
                  <SP HEIGHT="76" WIDTH="14" VPOS="2952" HPOS="1176"/>
                  <String HEIGHT="76"
                          WIDTH="142"
                          VPOS="2952"
                          HPOS="1133"
                          CONTENT="totum."/>
                  <SP HEIGHT="76" WIDTH="14" VPOS="2952" HPOS="1275"/>
                  <String HEIGHT="76"
                          WIDTH="99"
                          VPOS="2952"
                          HPOS="1232"
                          CONTENT="Nam"/>
                  <SP HEIGHT="76" WIDTH="14" VPOS="2952" HPOS="1331"/>
                  <String HEIGHT="76"
                          WIDTH="156"
                          VPOS="2952"
                          HPOS="1289"
                          CONTENT="iniquum"/>
                  <SP HEIGHT="76" WIDTH="14" VPOS="2952" HPOS="1445"/>
                  <String HEIGHT="76"
                          WIDTH="113"
                          VPOS="2952"
                          HPOS="1402"
                          CONTENT="omne"/>
                  <SP HEIGHT="76" WIDTH="14" VPOS="2952" HPOS="1515"/>
                  <String HEIGHT="76"
                          WIDTH="170"
                          VPOS="2952"
                          HPOS="1473"
                          CONTENT="iniustum"/>
                  <SP HEIGHT="76" WIDTH="14" VPOS="2952" HPOS="1643"/>
                  <String HEIGHT="76"
                          WIDTH="113"
                          VPOS="2952"
                          HPOS="1600"
                          CONTENT="est,"/>
                  <SP HEIGHT="76" WIDTH="14" VPOS="2952" HPOS="1714"/>
                  <String HEIGHT="76"
                          WIDTH="113"
                          VPOS="2952"
                          HPOS="1671"
                          CONTENT="quod"/>
                  <SP HEIGHT="76" WIDTH="14" VPOS="2952" HPOS="1784"/>
                  <String HEIGHT="76"
                          WIDTH="142"
                          VPOS="2952"
                          HPOS="1742"
                          CONTENT="contra"/>
                  <SP HEIGHT="76" WIDTH="14" VPOS="2952" HPOS="1884"/>
                  <String HEIGHT="76"
                          WIDTH="99"
                          VPOS="2952"
                          HPOS="1827"
                          CONTENT="leges"/>
               </TextLine>
               <TextLine ID="r1l64"
                         BASELINE="258,3057 341,3056 424,3056 507,3054 590,3054 673,3053 756,3052 839,3051 922,3050 1005,3050 1088,3048 1171,3047 1254,3047 1337,3045 1420,3044 1503,3042 1586,3041 1669,3039 1752,3038 1835,3036 1919,3035"
                         HEIGHT="71"
                         WIDTH="1685"
                         VPOS="2997"
                         HPOS="246">
                  <String HEIGHT="71" WIDTH="87" VPOS="2997" HPOS="234" CONTENT="est"/>
                  <SP HEIGHT="71" WIDTH="12" VPOS="2997" HPOS="321"/>
                  <String HEIGHT="71"
                          WIDTH="100"
                          VPOS="2997"
                          HPOS="283"
                          CONTENT="quae"/>
                  <SP HEIGHT="71" WIDTH="12" VPOS="2997" HPOS="383"/>
                  <String HEIGHT="71"
                          WIDTH="112"
                          VPOS="2997"
                          HPOS="346"
                          CONTENT="illud"/>
                  <SP HEIGHT="71" WIDTH="12" VPOS="2997" HPOS="458"/>
                  <String HEIGHT="71"
                          WIDTH="137"
                          VPOS="2997"
                          HPOS="421"
                          CONTENT="vetant,"/>
                  <SP HEIGHT="71" WIDTH="12" VPOS="2997" HPOS="558"/>
                  <String HEIGHT="71" WIDTH="75" VPOS="2997" HPOS="521" CONTENT="si"/>
                  <SP HEIGHT="71" WIDTH="12" VPOS="2997" HPOS="595"/>
                  <String HEIGHT="71"
                          WIDTH="100"
                          VPOS="2997"
                          HPOS="558"
                          CONTENT="enim"/>
                  <SP HEIGHT="71" WIDTH="12" VPOS="2997" HPOS="658"/>
                  <String HEIGHT="71" WIDTH="87" VPOS="2997" HPOS="620" CONTENT="est"/>
                  <SP HEIGHT="71" WIDTH="12" VPOS="2997" HPOS="708"/>
                  <String HEIGHT="71"
                          WIDTH="137"
                          VPOS="2997"
                          HPOS="670"
                          CONTENT="iniquum"/>
                  <SP HEIGHT="71" WIDTH="12" VPOS="2997" HPOS="808"/>
                  <String HEIGHT="71"
                          WIDTH="137"
                          VPOS="2997"
                          HPOS="770"
                          CONTENT="vetatur"/>
                  <SP HEIGHT="71" WIDTH="12" VPOS="2997" HPOS="908"/>
                  <String HEIGHT="71" WIDTH="62" VPOS="2997" HPOS="870" CONTENT="a"/>
                  <SP HEIGHT="71" WIDTH="12" VPOS="2997" HPOS="932"/>
                  <String HEIGHT="71"
                          WIDTH="112"
                          VPOS="2997"
                          HPOS="895"
                          CONTENT="lege,"/>
                  <SP HEIGHT="71" WIDTH="12" VPOS="2997" HPOS="1007"/>
                  <String HEIGHT="71"
                          WIDTH="150"
                          VPOS="2997"
                          HPOS="970"
                          CONTENT="iniustum"/>
                  <SP HEIGHT="71" WIDTH="12" VPOS="2997" HPOS="1120"/>
                  <String HEIGHT="71"
                          WIDTH="112"
                          VPOS="2997"
                          HPOS="1082"
                          CONTENT="autem"/>
                  <SP HEIGHT="71" WIDTH="12" VPOS="2997" HPOS="1195"/>
                  <String HEIGHT="71"
                          WIDTH="100"
                          VPOS="2997"
                          HPOS="1157"
                          CONTENT="quod"/>
                  <SP HEIGHT="71" WIDTH="12" VPOS="2997" HPOS="1257"/>
                  <String HEIGHT="71"
                          WIDTH="87"
                          VPOS="2997"
                          HPOS="1220"
                          CONTENT="est"/>
                  <SP HEIGHT="71" WIDTH="12" VPOS="2997" HPOS="1307"/>
                  <String HEIGHT="71"
                          WIDTH="125"
                          VPOS="2997"
                          HPOS="1269"
                          CONTENT="contra"/>
                  <SP HEIGHT="71" WIDTH="12" VPOS="2997" HPOS="1394"/>
                  <String HEIGHT="71"
                          WIDTH="112"
                          VPOS="2997"
                          HPOS="1357"
                          CONTENT="leges"/>
                  <SP HEIGHT="71" WIDTH="12" VPOS="2997" HPOS="1469"/>
                  <String HEIGHT="71"
                          WIDTH="87"
                          VPOS="2997"
                          HPOS="1432"
                          CONTENT="non"/>
                  <SP HEIGHT="71" WIDTH="12" VPOS="2997" HPOS="1519"/>
                  <String HEIGHT="71"
                          WIDTH="100"
                          VPOS="2997"
                          HPOS="1482"
                          CONTENT="omne"/>
                  <SP HEIGHT="71" WIDTH="12" VPOS="2997" HPOS="1582"/>
                  <String HEIGHT="71"
                          WIDTH="137"
                          VPOS="2997"
                          HPOS="1544"
                          CONTENT="iniquum"/>
                  <SP HEIGHT="71" WIDTH="12" VPOS="2997" HPOS="1681"/>
                  <String HEIGHT="71" WIDTH="75" VPOS="2997" HPOS="1644" CONTENT="vt"/>
                  <SP HEIGHT="71" WIDTH="12" VPOS="2997" HPOS="1719"/>
                  <String HEIGHT="71"
                          WIDTH="187"
                          VPOS="2997"
                          HPOS="1681"
                          CONTENT="temulentia,"/>
                  <SP HEIGHT="71" WIDTH="12" VPOS="2997" HPOS="1869"/>
                  <String HEIGHT="71"
                          WIDTH="112"
                          VPOS="2997"
                          HPOS="1819"
                          CONTENT="iniquum"/>
               </TextLine>
               <TextLine ID="r1l65"
                         BASELINE="246,3105 329,3104 412,3104 495,3102 578,3101 661,3101 744,3099 827,3099 910,3098 993,3098 1076,3096 1159,3095 1242,3095 1325,3093 1408,3092 1491,3090 1574,3089 1657,3087 1740,3086 1823,3084 1907,3083"
                         HEIGHT="59"
                         WIDTH="1682"
                         VPOS="3057"
                         HPOS="236">
                  <String HEIGHT="59" WIDTH="94" VPOS="3057" HPOS="223" CONTENT="est"/>
                  <SP HEIGHT="59" WIDTH="13" VPOS="3057" HPOS="317"/>
                  <String HEIGHT="59"
                          WIDTH="188"
                          VPOS="3057"
                          HPOS="276"
                          CONTENT="iniustitia"/>
                  <SP HEIGHT="59" WIDTH="13" VPOS="3057" HPOS="465"/>
                  <String HEIGHT="59"
                          WIDTH="215"
                          VPOS="3057"
                          HPOS="424"
                          CONTENT="particularis"/>
                  <SP HEIGHT="59" WIDTH="13" VPOS="3057" HPOS="640"/>
                  <String HEIGHT="59"
                          WIDTH="135"
                          VPOS="3057"
                          HPOS="599"
                          CONTENT="solum,"/>
                  <SP HEIGHT="59" WIDTH="13" VPOS="3057" HPOS="734"/>
                  <String HEIGHT="59"
                          WIDTH="108"
                          VPOS="3057"
                          HPOS="694"
                          CONTENT="plus"/>
                  <SP HEIGHT="59" WIDTH="13" VPOS="3057" HPOS="801"/>
                  <String HEIGHT="59"
                          WIDTH="108"
                          VPOS="3057"
                          HPOS="761"
                          CONTENT="omne"/>
                  <SP HEIGHT="59" WIDTH="13" VPOS="3057" HPOS="868"/>
                  <String HEIGHT="59" WIDTH="94" VPOS="3057" HPOS="828" CONTENT="est"/>
                  <SP HEIGHT="59" WIDTH="13" VPOS="3057" HPOS="922"/>
                  <String HEIGHT="59"
                          WIDTH="161"
                          VPOS="3057"
                          HPOS="882"
                          CONTENT="iniquum."/>
                  <SP HEIGHT="59" WIDTH="13" VPOS="3057" HPOS="1043"/>
                  <String HEIGHT="59"
                          WIDTH="135"
                          VPOS="3057"
                          HPOS="1003"
                          CONTENT="habere"/>
                  <SP HEIGHT="59" WIDTH="13" VPOS="3057" HPOS="1138"/>
                  <String HEIGHT="59"
                          WIDTH="108"
                          VPOS="3057"
                          HPOS="1097"
                          CONTENT="plus"/>
                  <SP HEIGHT="59" WIDTH="13" VPOS="3057" HPOS="1205"/>
                  <String HEIGHT="59"
                          WIDTH="108"
                          VPOS="3057"
                          HPOS="1164"
                          CONTENT="quam"/>
                  <SP HEIGHT="59" WIDTH="13" VPOS="3057" HPOS="1272"/>
                  <String HEIGHT="59"
                          WIDTH="94"
                          VPOS="3057"
                          HPOS="1232"
                          CONTENT="par"/>
                  <SP HEIGHT="59" WIDTH="13" VPOS="3057" HPOS="1326"/>
                  <String HEIGHT="59"
                          WIDTH="94"
                          VPOS="3057"
                          HPOS="1286"
                          CONTENT="sit"/>
                  <SP HEIGHT="59" WIDTH="13" VPOS="3057" HPOS="1380"/>
                  <String HEIGHT="59"
                          WIDTH="94"
                          VPOS="3057"
                          HPOS="1339"
                          CONTENT="est"/>
                  <SP HEIGHT="59" WIDTH="13" VPOS="3057" HPOS="1434"/>
                  <String HEIGHT="59"
                          WIDTH="161"
                          VPOS="3057"
                          HPOS="1393"
                          CONTENT="iniquum,"/>
                  <SP HEIGHT="59" WIDTH="13" VPOS="3057" HPOS="1555"/>
                  <String HEIGHT="59"
                          WIDTH="94"
                          VPOS="3057"
                          HPOS="1514"
                          CONTENT="sed"/>
                  <SP HEIGHT="59" WIDTH="13" VPOS="3057" HPOS="1609"/>
                  <String HEIGHT="59"
                          WIDTH="94"
                          VPOS="3057"
                          HPOS="1568"
                          CONTENT="non"/>
                  <SP HEIGHT="59" WIDTH="13" VPOS="3057" HPOS="1662"/>
                  <String HEIGHT="59"
                          WIDTH="108"
                          VPOS="3057"
                          HPOS="1622"
                          CONTENT="omne"/>
                  <SP HEIGHT="59" WIDTH="13" VPOS="3057" HPOS="1730"/>
                  <String HEIGHT="59"
                          WIDTH="148"
                          VPOS="3057"
                          HPOS="1689"
                          CONTENT="iniquum"/>
                  <SP HEIGHT="59" WIDTH="13" VPOS="3057" HPOS="1837"/>
                  <String HEIGHT="59"
                          WIDTH="94"
                          VPOS="3057"
                          HPOS="1797"
                          CONTENT="est"/>
                  <SP HEIGHT="59" WIDTH="13" VPOS="3057" HPOS="1891"/>
                  <String HEIGHT="59"
                          WIDTH="81"
                          VPOS="3057"
                          HPOS="1837"
                          CONTENT="plus"/>
               </TextLine>
               <TextLine ID="r1l66"
                         BASELINE="252,3152 334,3150 417,3149 500,3149 583,3147 665,3147 748,3146 831,3146 914,3144 996,3144 1079,3143 1162,3141 1245,3140 1327,3140 1410,3138 1493,3137 1576,3135 1658,3134 1741,3132 1824,3131 1907,3128"
                         HEIGHT="72"
                         WIDTH="1679"
                         VPOS="3093"
                         HPOS="240">
                  <String HEIGHT="72"
                          WIDTH="159"
                          VPOS="3093"
                          HPOS="226"
                          CONTENT="habens."/>
                  <SP HEIGHT="72" WIDTH="14" VPOS="3093" HPOS="385"/>
                  <String HEIGHT="72"
                          WIDTH="130"
                          VPOS="3093"
                          HPOS="341"
                          CONTENT="Minus"/>
                  <SP HEIGHT="72" WIDTH="14" VPOS="3093" HPOS="472"/>
                  <String HEIGHT="72" WIDTH="87" VPOS="3093" HPOS="428" CONTENT="in"/>
                  <SP HEIGHT="72" WIDTH="14" VPOS="3093" HPOS="515"/>
                  <String HEIGHT="72"
                          WIDTH="130"
                          VPOS="3093"
                          HPOS="472"
                          CONTENT="malis"/>
                  <SP HEIGHT="72" WIDTH="14" VPOS="3093" HPOS="602"/>
                  <String HEIGHT="72"
                          WIDTH="145"
                          VPOS="3093"
                          HPOS="558"
                          CONTENT="habens"/>
                  <SP HEIGHT="72" WIDTH="14" VPOS="3093" HPOS="703"/>
                  <String HEIGHT="72"
                          WIDTH="101"
                          VPOS="3093"
                          HPOS="660"
                          CONTENT="qui"/>
                  <SP HEIGHT="72" WIDTH="14" VPOS="3093" HPOS="761"/>
                  <String HEIGHT="72"
                          WIDTH="130"
                          VPOS="3093"
                          HPOS="718"
                          CONTENT="ratio"/>
                  <SP HEIGHT="72" WIDTH="14" VPOS="3093" HPOS="848"/>
                  <String HEIGHT="72"
                          WIDTH="145"
                          VPOS="3093"
                          HPOS="804"
                          CONTENT="dictat"/>
                  <SP HEIGHT="72" WIDTH="14" VPOS="3093" HPOS="949"/>
                  <String HEIGHT="72"
                          WIDTH="159"
                          VPOS="3093"
                          HPOS="906"
                          CONTENT="iniquum"/>
                  <SP HEIGHT="72" WIDTH="14" VPOS="3093" HPOS="1065"/>
                  <String HEIGHT="72"
                          WIDTH="145"
                          VPOS="3093"
                          HPOS="1022"
                          CONTENT="habet,"/>
                  <SP HEIGHT="72" WIDTH="14" VPOS="3093" HPOS="1166"/>
                  <String HEIGHT="72" WIDTH="72" VPOS="3093" HPOS="1123" CONTENT="&amp;"/>
                  <SP HEIGHT="72" WIDTH="14" VPOS="3093" HPOS="1195"/>
                  <String HEIGHT="72" WIDTH="87" VPOS="3093" HPOS="1152" CONTENT="no"/>
                  <SP HEIGHT="72" WIDTH="14" VPOS="3093" HPOS="1239"/>
                  <String HEIGHT="72"
                          WIDTH="130"
                          VPOS="3093"
                          HPOS="1195"
                          CONTENT="habet"/>
                  <SP HEIGHT="72" WIDTH="14" VPOS="3093" HPOS="1326"/>
                  <String HEIGHT="72"
                          WIDTH="130"
                          VPOS="3093"
                          HPOS="1282"
                          CONTENT="plus:"/>
                  <SP HEIGHT="72" WIDTH="14" VPOS="3093" HPOS="1412"/>
                  <String HEIGHT="72"
                          WIDTH="174"
                          VPOS="3093"
                          HPOS="1369"
                          CONTENT="iniustum"/>
                  <SP HEIGHT="72" WIDTH="14" VPOS="3093" HPOS="1543"/>
                  <String HEIGHT="72"
                          WIDTH="130"
                          VPOS="3093"
                          HPOS="1499"
                          CONTENT="etiam"/>
                  <SP HEIGHT="72" WIDTH="14" VPOS="3093" HPOS="1630"/>
                  <String HEIGHT="72" WIDTH="72" VPOS="3093" HPOS="1586" CONTENT="&amp;"/>
                  <SP HEIGHT="72" WIDTH="14" VPOS="3093" HPOS="1658"/>
                  <String HEIGHT="72"
                          WIDTH="203"
                          VPOS="3093"
                          HPOS="1615"
                          CONTENT="iniustitia"/>
                  <SP HEIGHT="72" WIDTH="14" VPOS="3093" HPOS="1818"/>
                  <String HEIGHT="72"
                          WIDTH="101"
                          VPOS="3093"
                          HPOS="1774"
                          CONTENT="non"/>
                  <SP HEIGHT="72" WIDTH="14" VPOS="3093" HPOS="1876"/>
                  <String HEIGHT="72"
                          WIDTH="101"
                          VPOS="3093"
                          HPOS="1818"
                          CONTENT="eadem"/>
               </TextLine>
               <TextLine ID="r1l67"
                         BASELINE="258,3201 340,3200 423,3198 506,3197 589,3195 672,3195 755,3194 838,3194 921,3192 1004,3192 1087,3191 1169,3189 1252,3189 1335,3188 1418,3186 1501,3185 1584,3183 1667,3182 1750,3180 1833,3177 1916,3176"
                         HEIGHT="84"
                         WIDTH="1678"
                         VPOS="3142"
                         HPOS="248">
                  <String HEIGHT="84"
                          WIDTH="106"
                          VPOS="3142"
                          HPOS="235"
                          CONTENT="sunt"/>
                  <SP HEIGHT="84" WIDTH="13" VPOS="3142" HPOS="340"/>
                  <String HEIGHT="84" WIDTH="92" VPOS="3142" HPOS="301" CONTENT="sed"/>
                  <SP HEIGHT="84" WIDTH="13" VPOS="3142" HPOS="393"/>
                  <String HEIGHT="84"
                          WIDTH="145"
                          VPOS="3142"
                          HPOS="354"
                          CONTENT="diuersa"/>
                  <SP HEIGHT="84" WIDTH="13" VPOS="3142" HPOS="499"/>
                  <String HEIGHT="84" WIDTH="79" VPOS="3142" HPOS="459" CONTENT="ab"/>
                  <SP HEIGHT="84" WIDTH="13" VPOS="3142" HPOS="539"/>
                  <String HEIGHT="84"
                          WIDTH="119"
                          VPOS="3142"
                          HPOS="499"
                          CONTENT="illis"/>
                  <SP HEIGHT="84" WIDTH="13" VPOS="3142" HPOS="618"/>
                  <String HEIGHT="84"
                          WIDTH="159"
                          VPOS="3142"
                          HPOS="578"
                          CONTENT="scilicet"/>
                  <SP HEIGHT="84" WIDTH="13" VPOS="3142" HPOS="737"/>
                  <String HEIGHT="84" WIDTH="66" VPOS="3142" HPOS="697" CONTENT="a"/>
                  <SP HEIGHT="84" WIDTH="13" VPOS="3142" HPOS="763"/>
                  <String HEIGHT="84"
                          WIDTH="119"
                          VPOS="3142"
                          HPOS="724"
                          CONTENT="pluri"/>
                  <SP HEIGHT="84" WIDTH="13" VPOS="3142" HPOS="843"/>
                  <String HEIGHT="84" WIDTH="66" VPOS="3142" HPOS="803" CONTENT="&amp;"/>
                  <SP HEIGHT="84" WIDTH="13" VPOS="3142" HPOS="869"/>
                  <String HEIGHT="84"
                          WIDTH="145"
                          VPOS="3142"
                          HPOS="829"
                          CONTENT="iniquo."/>
                  <SP HEIGHT="84" WIDTH="13" VPOS="3142" HPOS="975"/>
                  <String HEIGHT="84"
                          WIDTH="106"
                          VPOS="3142"
                          HPOS="935"
                          CONTENT="Haec"/>
                  <SP HEIGHT="84" WIDTH="13" VPOS="3142" HPOS="1041"/>
                  <String HEIGHT="84"
                          WIDTH="106"
                          VPOS="3142"
                          HPOS="1001"
                          CONTENT="sunt"/>
                  <SP HEIGHT="84" WIDTH="13" VPOS="3142" HPOS="1107"/>
                  <String HEIGHT="84" WIDTH="79" VPOS="3142" HPOS="1067" CONTENT="vt"/>
                  <SP HEIGHT="84" WIDTH="13" VPOS="3142" HPOS="1146"/>
                  <String HEIGHT="84"
                          WIDTH="145"
                          VPOS="3142"
                          HPOS="1107"
                          CONTENT="partes,"/>
                  <SP HEIGHT="84" WIDTH="13" VPOS="3142" HPOS="1252"/>
                  <String HEIGHT="84"
                          WIDTH="106"
                          VPOS="3142"
                          HPOS="1213"
                          CONTENT="illa"/>
                  <SP HEIGHT="84" WIDTH="13" VPOS="3142" HPOS="1318"/>
                  <String HEIGHT="84" WIDTH="79" VPOS="3142" HPOS="1279" CONTENT="vt"/>
                  <SP HEIGHT="84" WIDTH="13" VPOS="3142" HPOS="1358"/>
                  <String HEIGHT="84"
                          WIDTH="119"
                          VPOS="3142"
                          HPOS="1318"
                          CONTENT="tota."/>
                  <SP HEIGHT="84" WIDTH="13" VPOS="3142" HPOS="1437"/>
                  <String HEIGHT="84"
                          WIDTH="159"
                          VPOS="3142"
                          HPOS="1397"
                          CONTENT="Summatim"/>
                  <SP HEIGHT="84" WIDTH="13" VPOS="3142" HPOS="1556"/>
                  <String HEIGHT="84"
                          WIDTH="106"
                          VPOS="3142"
                          HPOS="1516"
                          CONTENT="omne"/>
                  <SP HEIGHT="84" WIDTH="13" VPOS="3142" HPOS="1622"/>
                  <String HEIGHT="84"
                          WIDTH="106"
                          VPOS="3142"
                          HPOS="1582"
                          CONTENT="plus"/>
                  <SP HEIGHT="84" WIDTH="13" VPOS="3142" HPOS="1688"/>
                  <String HEIGHT="84"
                          WIDTH="92"
                          VPOS="3142"
                          HPOS="1649"
                          CONTENT="est"/>
                  <SP HEIGHT="84" WIDTH="13" VPOS="3142" HPOS="1741"/>
                  <String HEIGHT="84"
                          WIDTH="159"
                          VPOS="3142"
                          HPOS="1701"
                          CONTENT="iniquum,"/>
                  <SP HEIGHT="84" WIDTH="13" VPOS="3142" HPOS="1860"/>
                  <String HEIGHT="84" WIDTH="79" VPOS="3142" HPOS="1820" CONTENT="at"/>
                  <SP HEIGHT="84" WIDTH="13" VPOS="3142" HPOS="1900"/>
                  <String HEIGHT="84"
                          WIDTH="79"
                          VPOS="3142"
                          HPOS="1847"
                          CONTENT="omne"/>
               </TextLine>
               <TextLine ID="r1l68"
                         BASELINE="252,3246 335,3245 419,3245 502,3243 586,3243 669,3242 753,3242 836,3240 920,3240 1003,3239 1087,3238 1170,3237 1254,3236 1337,3234 1421,3233 1504,3232 1588,3231 1671,3230 1755,3228 1838,3226 1922,3224"
                         HEIGHT="65"
                         WIDTH="1693"
                         VPOS="3188"
                         HPOS="240">
                  <String HEIGHT="65"
                          WIDTH="149"
                          VPOS="3188"
                          HPOS="226"
                          CONTENT="iniquum"/>
                  <SP HEIGHT="65" WIDTH="14" VPOS="3188" HPOS="375"/>
                  <String HEIGHT="65"
                          WIDTH="163"
                          VPOS="3188"
                          HPOS="335"
                          CONTENT="iniustum"/>
                  <SP HEIGHT="65" WIDTH="14" VPOS="3188" HPOS="497"/>
                  <String HEIGHT="65"
                          WIDTH="176"
                          VPOS="3188"
                          HPOS="457"
                          CONTENT="illegale."/>
                  <SP HEIGHT="65" WIDTH="14" VPOS="3188" HPOS="633"/>
                  <String HEIGHT="65"
                          WIDTH="230"
                          VPOS="3188"
                          HPOS="592"
                          CONTENT="Superuacaneum"/>
                  <SP HEIGHT="65" WIDTH="14" VPOS="3188" HPOS="822"/>
                  <String HEIGHT="65"
                          WIDTH="108"
                          VPOS="3188"
                          HPOS="782"
                          CONTENT="reor"/>
                  <SP HEIGHT="65" WIDTH="14" VPOS="3188" HPOS="890"/>
                  <String HEIGHT="65"
                          WIDTH="122"
                          VPOS="3188"
                          HPOS="849"
                          CONTENT="vltra"/>
                  <SP HEIGHT="65" WIDTH="14" VPOS="3188" HPOS="971"/>
                  <String HEIGHT="65"
                          WIDTH="122"
                          VPOS="3188"
                          HPOS="931"
                          CONTENT="dicta"/>
                  <SP HEIGHT="65" WIDTH="14" VPOS="3188" HPOS="1053"/>
                  <String HEIGHT="65"
                          WIDTH="149"
                          VPOS="3188"
                          HPOS="1012"
                          CONTENT="aliquid"/>
                  <SP HEIGHT="65" WIDTH="14" VPOS="3188" HPOS="1161"/>
                  <String HEIGHT="65"
                          WIDTH="176"
                          VPOS="3188"
                          HPOS="1120"
                          CONTENT="exponere,"/>
                  <SP HEIGHT="65" WIDTH="14" VPOS="3188" HPOS="1296"/>
                  <String HEIGHT="65"
                          WIDTH="95"
                          VPOS="3188"
                          HPOS="1256"
                          CONTENT="imo"/>
                  <SP HEIGHT="65" WIDTH="14" VPOS="3188" HPOS="1351"/>
                  <String HEIGHT="65" WIDTH="81" VPOS="3188" HPOS="1310" CONTENT="vt"/>
                  <SP HEIGHT="65" WIDTH="14" VPOS="3188" HPOS="1391"/>
                  <String HEIGHT="65"
                          WIDTH="149"
                          VPOS="3188"
                          HPOS="1351"
                          CONTENT="clarius"/>
                  <SP HEIGHT="65" WIDTH="14" VPOS="3188" HPOS="1500"/>
                  <String HEIGHT="65"
                          WIDTH="108"
                          VPOS="3188"
                          HPOS="1459"
                          CONTENT="fiam"/>
                  <SP HEIGHT="65" WIDTH="14" VPOS="3188" HPOS="1567"/>
                  <String HEIGHT="65"
                          WIDTH="149"
                          VPOS="3188"
                          HPOS="1527"
                          CONTENT="saepius"/>
                  <SP HEIGHT="65" WIDTH="14" VPOS="3188" HPOS="1676"/>
                  <String HEIGHT="65"
                          WIDTH="149"
                          VPOS="3188"
                          HPOS="1635"
                          CONTENT="praeter"/>
                  <SP HEIGHT="65" WIDTH="14" VPOS="3188" HPOS="1784"/>
                  <String HEIGHT="65"
                          WIDTH="108"
                          VPOS="3188"
                          HPOS="1743"
                          CONTENT="meum"/>
                  <SP HEIGHT="65" WIDTH="14" VPOS="3188" HPOS="1852"/>
                  <String HEIGHT="65"
                          WIDTH="122"
                          VPOS="3188"
                          HPOS="1811"
                          CONTENT="modum"/>
                  <SP HEIGHT="65" WIDTH="14" VPOS="3188" HPOS="1933"/>
                  <String HEIGHT="65" WIDTH="54" VPOS="3188" HPOS="1879" CONTENT="in"/>
               </TextLine>
               <TextLine ID="r1l69"
                         BASELINE="252,3294 335,3294 418,3293 501,3291 584,3291 668,3290 751,3290 834,3288 917,3288 1000,3287 1084,3287 1167,3285 1250,3284 1333,3284 1416,3282 1500,3281 1583,3279 1666,3278 1749,3276 1832,3273 1916,3272"
                         HEIGHT="76"
                         WIDTH="1686"
                         VPOS="3236"
                         HPOS="241">
                  <String HEIGHT="76"
                          WIDTH="138"
                          VPOS="3236"
                          HPOS="227"
                          CONTENT="legedo"/>
                  <SP HEIGHT="76" WIDTH="14" VPOS="3236" HPOS="365"/>
                  <String HEIGHT="76" WIDTH="97" VPOS="3236" HPOS="324" CONTENT="sum"/>
                  <SP HEIGHT="76" WIDTH="14" VPOS="3236" HPOS="421"/>
                  <String HEIGHT="76"
                          WIDTH="166"
                          VPOS="3236"
                          HPOS="379"
                          CONTENT="verbosus"/>
                  <SP HEIGHT="76" WIDTH="14" VPOS="3236" HPOS="545"/>
                  <String HEIGHT="76"
                          WIDTH="180"
                          VPOS="3236"
                          HPOS="504"
                          CONTENT="exarando."/>
                  <SP HEIGHT="76" WIDTH="14" VPOS="3236" HPOS="683"/>
                  <String HEIGHT="76"
                          WIDTH="124"
                          VPOS="3236"
                          HPOS="642"
                          CONTENT="Verum"/>
                  <SP HEIGHT="76" WIDTH="14" VPOS="3236" HPOS="766"/>
                  <String HEIGHT="76" WIDTH="97" VPOS="3236" HPOS="725" CONTENT="hic"/>
                  <SP HEIGHT="76" WIDTH="14" VPOS="3236" HPOS="821"/>
                  <String HEIGHT="76"
                          WIDTH="180"
                          VPOS="3236"
                          HPOS="780"
                          CONTENT="insultas."/>
                  <SP HEIGHT="76" WIDTH="14" VPOS="3236" HPOS="960"/>
                  <String HEIGHT="76" WIDTH="83" VPOS="3236" HPOS="918" CONTENT="In"/>
                  <SP HEIGHT="76" WIDTH="14" VPOS="3236" HPOS="1001"/>
                  <String HEIGHT="76"
                          WIDTH="207"
                          VPOS="3236"
                          HPOS="960"
                          CONTENT="praecedenti"/>
                  <SP HEIGHT="76" WIDTH="14" VPOS="3236" HPOS="1167"/>
                  <String HEIGHT="76"
                          WIDTH="138"
                          VPOS="3236"
                          HPOS="1125"
                          CONTENT="capite"/>
                  <SP HEIGHT="76" WIDTH="14" VPOS="3236" HPOS="1264"/>
                  <String HEIGHT="76"
                          WIDTH="111"
                          VPOS="3236"
                          HPOS="1222"
                          CONTENT="ante"/>
                  <SP HEIGHT="76" WIDTH="14" VPOS="3236" HPOS="1333"/>
                  <String HEIGHT="76"
                          WIDTH="138"
                          VPOS="3236"
                          HPOS="1291"
                          CONTENT="illius"/>
                  <SP HEIGHT="76" WIDTH="14" VPOS="3236" HPOS="1429"/>
                  <String HEIGHT="76"
                          WIDTH="138"
                          VPOS="3236"
                          HPOS="1388"
                          CONTENT="medium"/>
                  <SP HEIGHT="76" WIDTH="14" VPOS="3236" HPOS="1526"/>
                  <String HEIGHT="76"
                          WIDTH="166"
                          VPOS="3236"
                          HPOS="1485"
                          CONTENT="dicebat:"/>
                  <SP HEIGHT="76" WIDTH="14" VPOS="3236" HPOS="1651"/>
                  <String HEIGHT="76"
                          WIDTH="97"
                          VPOS="3236"
                          HPOS="1609"
                          CONTENT="est"/>
                  <SP HEIGHT="76" WIDTH="14" VPOS="3236" HPOS="1706"/>
                  <String HEIGHT="76"
                          WIDTH="124"
                          VPOS="3236"
                          HPOS="1664"
                          CONTENT="autem"/>
                  <SP HEIGHT="76" WIDTH="14" VPOS="3236" HPOS="1789"/>
                  <String HEIGHT="76"
                          WIDTH="166"
                          VPOS="3236"
                          HPOS="1747"
                          CONTENT="iniquus,"/>
                  <SP HEIGHT="76" WIDTH="14" VPOS="3236" HPOS="1913"/>
                  <String HEIGHT="76"
                          WIDTH="69"
                          VPOS="3236"
                          HPOS="1858"
                          CONTENT="hoc"/>
               </TextLine>
               <TextLine ID="r1l70"
                         BASELINE="255,3344 338,3344 422,3342 505,3341 589,3341 672,3339 756,3338 839,3338 923,3336 1006,3335 1090,3333 1174,3333 1257,3332 1341,3330 1424,3329 1508,3327 1591,3326 1675,3325 1758,3323 1842,3322 1926,3321"
                         HEIGHT="93"
                         WIDTH="1693"
                         VPOS="3282"
                         HPOS="243">
                  <String HEIGHT="93"
                          WIDTH="169"
                          VPOS="3282"
                          HPOS="229"
                          CONTENT="continet"/>
                  <SP HEIGHT="93" WIDTH="14" VPOS="3282" HPOS="398"/>
                  <String HEIGHT="93" WIDTH="71" VPOS="3282" HPOS="356" CONTENT="&amp;"/>
                  <SP HEIGHT="93" WIDTH="14" VPOS="3282" HPOS="426"/>
                  <String HEIGHT="93" WIDTH="99" VPOS="3282" HPOS="384" CONTENT="est"/>
                  <SP HEIGHT="93" WIDTH="14" VPOS="3282" HPOS="483"/>
                  <String HEIGHT="93"
                          WIDTH="169"
                          VPOS="3282"
                          HPOS="441"
                          CONTENT="commune."/>
                  <SP HEIGHT="93" WIDTH="14" VPOS="3282" HPOS="610"/>
                  <String HEIGHT="93"
                          WIDTH="141"
                          VPOS="3282"
                          HPOS="567"
                          CONTENT="Paucis"/>
                  <SP HEIGHT="93" WIDTH="14" VPOS="3282" HPOS="709"/>
                  <String HEIGHT="93"
                          WIDTH="141"
                          VPOS="3282"
                          HPOS="666"
                          CONTENT="verbis"/>
                  <SP HEIGHT="93" WIDTH="14" VPOS="3282" HPOS="807"/>
                  <String HEIGHT="93"
                          WIDTH="212"
                          VPOS="3282"
                          HPOS="765"
                          CONTENT="interiectis"/>
                  <SP HEIGHT="93" WIDTH="14" VPOS="3282" HPOS="977"/>
                  <String HEIGHT="93"
                          WIDTH="183"
                          VPOS="3282"
                          HPOS="934"
                          CONTENT="subdidit:"/>
                  <SP HEIGHT="93" WIDTH="14" VPOS="3282" HPOS="1118"/>
                  <String HEIGHT="93"
                          WIDTH="183"
                          VPOS="3282"
                          HPOS="1075"
                          CONTENT="Iniquitas"/>
                  <SP HEIGHT="93" WIDTH="14" VPOS="3282" HPOS="1259"/>
                  <String HEIGHT="93"
                          WIDTH="127"
                          VPOS="3282"
                          HPOS="1216"
                          CONTENT="omnem"/>
                  <SP HEIGHT="93" WIDTH="14" VPOS="3282" HPOS="1343"/>
                  <String HEIGHT="93"
                          WIDTH="212"
                          VPOS="3282"
                          HPOS="1301"
                          CONTENT="iniustitiam"/>
                  <SP HEIGHT="93" WIDTH="14" VPOS="3282" HPOS="1513"/>
                  <String HEIGHT="93"
                          WIDTH="183"
                          VPOS="3282"
                          HPOS="1470"
                          CONTENT="continet,"/>
                  <SP HEIGHT="93" WIDTH="14" VPOS="3282" HPOS="1654"/>
                  <String HEIGHT="93"
                          WIDTH="127"
                          VPOS="3282"
                          HPOS="1612"
                          CONTENT="illic"/>
                  <SP HEIGHT="93" WIDTH="14" VPOS="3282" HPOS="1738"/>
                  <String HEIGHT="93"
                          WIDTH="155"
                          VPOS="3282"
                          HPOS="1696"
                          CONTENT="iniquum"/>
                  <SP HEIGHT="93" WIDTH="14" VPOS="3282" HPOS="1851"/>
                  <String HEIGHT="93" WIDTH="85" VPOS="3282" HPOS="1809" CONTENT="ad"/>
                  <SP HEIGHT="93" WIDTH="14" VPOS="3282" HPOS="1894"/>
                  <String HEIGHT="93"
                          WIDTH="99"
                          VPOS="3282"
                          HPOS="1837"
                          CONTENT="omnem"/>
               </TextLine>
            </TextBlock>
         </PrintSpace>
      </Page>
   </Layout>
</alto>
