2355 3600
320 300 183 87 Talem
442 300 183 87 autem
564 300 244 87 rationum
747 300 366 87 comparationem,
1052 300 305 87 mathematici
1296 300 346 87 genomentricam
1581 300 224 87 vocant.
1744 300 122 87 In
1785 300 142 87 geno¬-

230 373 194 72 metria
365 373 194 72 nanque
501 373 155 72 fit,
598 373 116 72 vt
656 373 97 72 &
694 373 174 72 totum
811 373 116 72 ad
869 373 174 72 totum
985 373 213 72 perinde
1140 373 116 72 se
1198 373 116 72 se
1256 373 213 72 habeat,
1411 373 174 72 atque
1527 373 116 72 ad
1585 373 232 72 vtrunque
1760 373 116 72 se
1798 373 136 72 habet

220 437 258 71 vtrunque.
419 437 139 71 Non
498 437 139 71 est
578 437 179 71 autem
697 437 239 71 continua
876 437 159 71 haec
976 437 278 71 comparatio
1194 437 258 71 rationum:
1393 437 139 71 non
1473 437 159 71 enim
1572 437 139 71 fit
1652 437 239 71 terminus
1811 437 119 71 vnus

224 496 211 68 numero,
377 496 153 68 cui,
473 496 96 68 &
511 496 173 68 quod.
626 496 192 68 lustum
761 496 192 68 igitur
895 496 153 68 hoc,
991 496 115 68 in
1048 496 307 68 comparatione
1297 496 230 68 rationum
1470 496 268 68 consistit.
1681 496 230 68 Iniustum
1834 496 96 68 au¬-

219 545 130 83 tem
294 545 130 83 est
368 545 130 83 id,
443 545 149 83 quod
536 545 93 83 a
573 545 298 83 comparatione
815 545 205 83 ratione
964 545 261 83 exorbitat.
1169 545 130 83 Fit
1244 545 186 83 igitur
1374 545 168 83 aliud
1486 545 168 83 plus:
1598 545 168 83 aliud
1709 545 186 83 minus.
1821 545 112 83 Quod

222 607 190 64 quidem
355 607 95 64 &
393 607 114 64 in
450 607 171 64 ipsis
564 607 228 64 operibus
734 607 228 64 accidit.
905 607 114 64 In
962 607 171 64 bonis
1076 607 152 64 enim
1171 607 133 64 qui
1247 607 228 64 iniuriam
1418 607 190 64 facit.
1550 607 152 64 plus
1645 607 190 64 habet:
1778 607 133 64 qui
1835 607 95 64 in¬-

225 660 201 58 iuriam
366 660 242 58 patitur,
547 660 201 58 minus.
688 660 121 58 In
748 660 181 58 malis
869 660 181 58 autem
990 660 221 58 contra.
1151 660 161 58 Boni
1252 660 201 58 nanque
1392 660 242 58 rationem
1574 660 181 58 subit
1694 660 181 58 minus
1795 660 141 58 malum

222 708 174 97 maius
338 708 193 97 malum.
473 708 174 97 Minus
589 708 155 97 enim
686 708 193 97 malum:
821 708 174 97 magis
937 708 155 97 quam
1034 708 174 97 maius
1150 708 135 97 est
1228 708 290 97 expetibile.
1460 708 116 97 At
1518 708 155 97 quod
1614 708 251 97 expetitur
1789 708 135 97 bonum

227 770 144 77 est:
317 770 90 77 &
353 770 144 77 quod
443 770 180 77 magis:
569 770 180 77 maius.
695 770 144 77 Haec
785 770 126 77 est
857 770 180 77 igitur
983 770 126 77 vna
1055 770 198 77 species
1181 770 144 77 iusti.

278 888 100 66 Fm
328 888 150 66 autem
429 888 200 66 iniustus
579 888 117 66 &c.
646 888 200 66 Superius
796 888 250 66 philosophus
996 888 184 66 diuisit
1130 888 217 66 iustitiam
1297 888 267 66 particularem
1514 888 83 66 a
1547 888 217 66 legitima,
1714 888 100 66 et
1747 888 184 66 iustitiae

309 940 253 51 particularis
515 940 126 51 duas
593 940 158 51 posuit
704 940 174 51 species
830 940 253 51 subalternas,
1036 940 190 51 scilicet
1178 940 268 51 distributiuam
1399 940 79 51 &
1430 940 268 51 commutatiuam.
1652 940 111 51 hic
1715 940 142 51 autem
1794 940 126 51 conse¬-

306 985 184 55 quenter
440 985 100 55 de
490 985 268 55 distributiua
708 985 218 55 loquitur,
876 985 184 55 aliquot
1010 985 268 55 conclusiones
1227 985 184 55 ponens:
1361 985 167 55 quarum
1479 985 151 55 prima
1579 985 117 55 est
1646 985 151 55 haec,
1747 985 167 55 lustum
1847 985 67 55 es

212 1035 160 49 medium
324 1035 241 49 iniustorum.
517 1035 128 49 Hanc
597 1035 112 49 sic
661 1035 177 49 probat.
790 1035 128 49 omne
870 1035 160 49 aequum
982 1035 177 49 aequale
1111 1035 112 49 est
1175 1035 160 49 medium
1287 1035 241 49 iniustorum:
1480 1035 112 49 sed
1544 1035 160 49 iustum
1656 1035 112 49 est
1720 1035 144 49 illud
1801 1035 112 49 aequa

212 1080 109 53 le,
275 1080 140 53 quare
368 1080 156 53 iustum
477 1080 109 53 est
539 1080 156 53 medium
648 1080 233 53 iniustorum.
834 1080 171 53 Maiorem
959 1080 109 53 sic
1021 1080 171 53 probat.
1145 1080 93 53 In
1192 1080 202 53 quacunque
1348 1080 233 53 oppositione
1534 1080 109 53 est
1596 1080 124 53 plus
1674 1080 78 53 &
1705 1080 140 53 minus
1799 1080 109 53 ibi
1845 1080 78 53 est

213 1131 74 57 &
243 1131 162 57 medium:
360 1131 103 57 sed
419 1131 88 57 in
463 1131 221 57 oppositione
640 1131 177 57 iniusta,
772 1131 118 57 viri
846 1131 162 57 iniusti
964 1131 103 57 est
1023 1131 118 57 plus
1096 1131 74 57 &
1126 1131 147 57 minus,
1229 1131 118 57 ergo
1302 1131 88 57 in
1346 1131 118 57 tali
1420 1131 206 57 potestesse
1582 1131 162 57 aequale
1700 1131 118 57 quod
1773 1131 103 57 est
1817 1131 118 57 medium

227 1174 151 52 inter
328 1174 134 52 plus
412 1174 202 52 iniustum
563 1174 101 52 et
614 1174 151 52 minus
714 1174 218 52 iniustum.
882 1174 151 52 Huius
983 1174 269 52 prosologismi
1202 1174 151 52 primo
1302 1174 151 52 ponit
1403 1174 185 52 minorem
1538 1174 185 52 dicens.
1672 1174 151 52 Sicut
1756 1174 168 52 superius

224 1219 157 54 dictum
334 1219 126 54 est,
413 1219 189 54 iniustus
555 1219 110 54 est
618 1219 220 54 inaequalis
791 1219 252 54 inaequaliter
996 1219 173 54 operans
1122 1219 94 54 et
1169 1219 126 54 opus
1248 1219 189 54 iniustum
1390 1219 189 54 iniquum:
1531 1219 79 54 &
1563 1219 110 54 per
1626 1219 220 54 consequens
1799 1219 94 54 in
1831 1219 94 54 tali

228 1270 220 56 oppositione
405 1270 162 56 iniusta
522 1270 103 56 est
581 1270 117 56 plus
654 1270 73 56 &
684 1270 147 56 minus.
786 1270 162 56 Insuper
904 1270 176 56 iniustum
1036 1270 103 56 est
1095 1270 176 56 iniquum,
1227 1270 117 56 ergo
1300 1270 147 56 iustum
1403 1270 103 56 est
1462 1270 162 56 aequum.
1580 1270 235 56 Consequentia
1770 1270 147 56 tenet.
1859 1270 73 56 con

228 1316 205 50 trariorum
386 1316 205 50 contraria
543 1316 126 50 sunt
622 1316 268 50 consequentia.
842 1316 157 50 Accedo
953 1316 94 50 ad
1000 1316 173 50 literam
1126 1316 205 50 positurus
1283 1316 268 50 explicationem
1504 1316 236 50 prolixiorem
1693 1316 142 50 circa
1772 1316 157 50 diffici¬-

222 1359 126 61 lia:
301 1359 141 61 circa
395 1359 173 61 facilia
521 1359 141 61 autem
615 1359 157 61 paucis
725 1359 188 61 materiam
866 1359 251 61 absoluturus.
1070 1359 110 61 Cum
1133 1359 188 61 iniustus
1274 1359 110 61 sit
1337 1359 173 61 iniquus
1462 1359 78 61 &
1494 1359 188 61 iniustum
1635 1359 188 61 iniquum,
1776 1359 141 61 patet
1855 1359 78 61 ali

220 1408 126 57 quid
299 1408 126 57 esse
378 1408 157 57 medium
488 1408 173 57 iniqui:
614 1408 94 57 id
661 1408 142 57 autem
756 1408 110 57 est
819 1408 173 57 aequum.
945 1408 94 57 In
992 1408 110 57 qua
1055 1408 126 57 enim
1134 1408 94 57 re
1181 1408 110 57 est
1244 1408 126 57 plus
1323 1408 79 57 &
1354 1408 157 57 minus,
1464 1408 94 57 in
1512 1408 142 57 eadem
1606 1408 110 57 est
1669 1408 173 57 aequum.
1795 1408 94 57 Si
1827 1408 94 57 ergo

222 1455 193 50 iniustum
367 1455 112 50 est
431 1455 193 50 iniquum,
575 1455 161 50 iustum
688 1455 112 50 est
752 1455 177 50 aequum.
881 1455 129 50 haec
961 1455 129 50 sine
1041 1455 225 50 probatione
1218 1455 112 50 est
1282 1455 145 50 clara
1379 1455 112 50 per
1443 1455 177 50 regulam
1572 1455 193 50 topicam:
1716 1455 96 50 si
1748 1455 177 50 oppositum

211 1497 100 71 de
261 1497 199 71 opposito
411 1497 100 71 et
461 1497 233 71 propositum
643 1497 100 71 de
693 1497 233 71 proposito.
876 1497 83 71 ⁋
909 1497 183 71 Secunda
1042 1497 233 71 conclusio.
1225 1497 199 71 lustitia
1375 1497 266 71 distributiua
1591 1497 150 71 mediu
1690 1497 183 71 quoddam
1823 1497 116 71 est
1873 1497 50 71 &

226 1549 152 61 aequum
332 1549 91 61 et
378 1549 91 61 ad
424 1549 152 61 aliud:
530 1549 76 61 &
561 1549 198 61 quibusdam
713 1549 137 61 eadem
804 1549 107 61 res
865 1549 107 61 est
926 1549 152 61 medium
1032 1549 183 61 aequitas
1169 1549 183 61 iustitia
1306 1549 76 61 &
1337 1549 243 61 mediocritas,
1534 1549 137 61 licet
1626 1549 107 61 sit
1687 1549 183 61 rationis
1808 1549 122 61 discri

219 1597 131 64 men,
300 1597 82 64 &
333 1597 147 64 etiam
431 1597 229 64 quibusdam:
611 1597 147 64 atque
709 1597 115 64 quo
775 1597 164 64 medium
889 1597 131 64 est,
971 1597 115 64 hoc
1037 1597 115 64 est
1102 1597 213 64 aliquorum
1266 1597 131 64 quae
1347 1597 164 64 quidem
1462 1597 131 64 sunt
1544 1597 131 64 plus
1626 1597 98 64 et
1675 1597 164 64 minus:
1789 1597 131 64 ergo
1855 1597 65 64 me

225 1645 129 61 dium
305 1645 129 61 siue
386 1645 241 61 mediocritas
579 1645 113 61 est
643 1645 193 61 respectu
788 1645 193 61 excessus
933 1645 97 61 et
981 1645 209 61 defectus.
1142 1645 113 61 Quo
1206 1645 145 61 autem
1303 1645 161 61 aequum
1415 1645 129 61 est,
1496 1645 161 61 duobus
1608 1645 129 61 est,
1689 1645 113 61 hoc
1753 1645 113 61 est
1801 1645 129 61 duabus

218 1692 159 60 rebus.
329 1692 95 60 At
377 1692 111 60 quo
440 1692 159 60 iustum
551 1692 111 60 est
615 1692 222 60 quibusdam,
789 1692 111 60 hoc
853 1692 111 60 est
916 1692 159 60 duabus
1027 1692 190 60 personis
1170 1692 95 60 ad
1218 1692 190 60 minimum.
1361 1692 175 60 Proinde
1488 1692 143 60 ipsum
1583 1692 159 60 iustum
1694 1692 175 60 existit
1821 1692 111 60 in.
1868 1692 48 60 5

218 1738 200 59 minimis.
369 1738 134 59 Sunt
452 1738 134 59 enim
536 1738 117 59 duo
602 1738 100 59 ad
653 1738 184 59 minimum
786 1738 167 59 quibus
903 1738 150 59 ipsum
1003 1738 167 59 iustum
1120 1738 234 59 exhibetur,
1304 1738 84 59 &
1337 1738 134 59 duae
1421 1738 117 59 res
1488 1738 167 59 munera
1605 1738 117 59 aut
1671 1738 234 59 dignitates
1855 1738 100 59 in

225 1788 147 55 quibus
328 1788 147 55 iustum
431 1788 205 55 consistit.
592 1788 103 55 Hoc
651 1788 117 55 est,
724 1788 117 55 sunt
797 1788 117 55 duae
871 1788 103 55 res
929 1788 88 55 et
973 1788 117 55 duae
1047 1788 176 55 personae
1179 1788 88 55 et
1223 1788 117 55 sic.
1296 1788 176 55 &minima.
1428 1788 147 55 Tertia
1531 1788 205 55 conclusio.
1692 1788 132 55 Eadem
1780 1788 103 55 est
1824 1788 103 55 aequi

224 1830 112 56 tas
288 1830 144 56 rerum
384 1830 80 56 &
417 1830 225 56 personarum
593 1830 128 56 quae
673 1830 289 56 distribuuntur.
914 1830 193 56 Probatur
1058 1830 128 56 haec
1139 1830 209 56 conclusio
1299 1830 144 56 primo
1395 1830 128 56 sic.
1476 1830 144 56 Sicut
1572 1830 96 56 se
1620 1830 160 56 habent
1732 1830 112 56 res
1797 1830 96 56 in
1829 1830 96 56 qui¬-

227 1879 104 58 bus
287 1879 194 58 consistit
436 1879 179 58 iustitia
570 1879 253 58 distributiua,
779 1879 104 58 ita
838 1879 75 58 &
868 1879 119 58 illa
943 1879 149 58 quibus
1047 1879 224 58 partiuntur.
1226 1879 179 58 Opposito
1360 1879 134 58 dato,
1450 1879 89 58 si
1495 1879 104 58 non
1554 1879 119 58 sunt
1629 1879 134 58 aequi
1718 1879 149 58 quibus
1823 1879 104 58 fit
1867 1879 60 58 di

226 1924 212 62 stributio,
393 1924 106 62 non
453 1924 182 62 aequalia
590 1924 212 62 accipient.
757 1924 121 62 Hinc
832 1924 167 62 pugnae,
954 1924 243 62 inculationes
1151 1924 76 62 &
1181 1924 182 62 querelae
1318 1924 212 62 insurgunt:
1484 1924 152 62 igitur
1590 1924 106 62 est
1651 1924 212 62 consimilis
1803 1924 121 62 aequi¬-

217 1977 106 60 tas
278 1977 137 60 rerum
369 1977 182 60 personis
505 1977 152 60 quibus
611 1977 106 60 res
672 1977 137 60 ipsae
763 1977 167 60 dantur.
884 1977 167 60 Secundo
1006 1977 137 60 illud
1097 1977 106 60 ita
1157 1977 167 60 constat
1279 1977 91 60 ex
1324 1977 91 60 eo
1370 1977 121 60 quod
1446 1977 106 60 pro
1506 1977 197 60 dignitate
1658 1977 121 60 fit.
1734 1977 106 60 Nam
1795 1977 106 60 vno
1840 1977 76 60 ore

215 2020 242 72 confitentur
409 2020 145 72 omnes
506 2020 162 72 iustum
619 2020 97 72 in
667 2020 323 72 distributionibus
942 2020 113 72 pro
1006 2020 210 72 dignitate
1168 2020 178 72 quadam,
1297 2020 81 72 &
1329 2020 97 72 vt
1378 2020 194 72 quilibet
1523 2020 162 72 dignus
1636 2020 113 72 sit
1701 2020 97 72 vt
1749 2020 81 72 &
1765 2020 162 72 mereatur

218 2069 130 56 esse
299 2069 211 56 oportere.
461 2069 114 56 Qui
526 2069 130 56 plus
607 2069 162 56 igitur
721 2069 178 56 meretur
850 2069 130 56 plus
932 2069 195 56 recipit:
1077 2069 81 56 &
1110 2069 114 56 qui
1175 2069 146 56 minus
1272 2069 97 56 in
1321 2069 211 56 republica
1483 2069 195 56 profuit,
1629 2069 146 56 minus
1726 2069 178 56 praemii
1840 2069 81 56 ha¬-

216 2114 153 65 bebit.
323 2114 199 65 Propterea
476 2114 123 65 rite
553 2114 138 65 dicit
645 2114 214 65 conclusio:
813 2114 107 65 est
874 2114 214 65 personarum
1043 2114 77 65 &
1073 2114 138 65 rerum
1165 2114 123 65 quae
1242 2114 214 65 partiuntur
1410 2114 214 65 consimilis
1579 2114 199 65 aequitas,
1732 2114 107 65 sed
1793 2114 138 65 ipsam
1870 2114 61 65 di

217 2169 191 60 gnitatem
360 2169 80 60 &
392 2169 111 60 rem
456 2169 111 60 eam
519 2169 127 60 quae
599 2169 111 60 pro
663 2169 207 60 dignitate
822 2169 127 60 dari
901 2169 143 60 debet
997 2169 111 60 non
1061 2169 143 60 omnes
1156 2169 159 60 eandem
1267 2169 191 60 inquiunt
1411 2169 143 60 esse:
1506 2169 111 60 sed
1570 2169 207 60 populares
1729 2169 111 60 eam
1777 2169 143 60 liberta

222 2220 112 59 tem
286 2220 144 59 aiunt
382 2220 144 59 esse,
479 2220 80 59 &
511 2220 144 59 pauci
607 2220 209 59 potentes,
768 2220 160 59 quidam
880 2220 128 59 opum
960 2220 257 59 affluentiam,
1169 2220 160 59 quidam
1281 2220 177 59 generis
1409 2220 257 59 nobilitatem.
1618 2220 209 59 Optimates
1779 2220 112 59 qui
1827 2220 96 59 sunt

222 2261 142 55 pauci
317 2261 79 55 &
348 2261 189 55 studiosi
490 2261 204 55 virtutem.
647 2261 94 55 de
694 2261 142 55 hisce
789 2261 157 55 videto
899 2261 173 55 decimum
1024 2261 142 55 caput
1119 2261 157 55 octaui
1229 2261 142 55 huius
1323 2261 157 55 operis
1433 2261 220 55 ethicorum.
1606 2261 79 55 ⁋
1638 2261 157 55 Quarta
1732 2261 189 55 conclusio.

219 2304 163 70 lustum
333 2304 147 70 subit
431 2304 180 70 quandam
561 2304 277 70 comparationem
790 2304 212 70 rationum.
953 2304 196 70 Rationum
1100 2304 228 70 comparatio
1280 2304 114 70 est
1345 2304 326 70 proportionalitas
1622 2304 131 70 siue
1688 2304 228 70 proportionum

218 2351 255 72 similitudo.
422 2351 102 72 Et
473 2351 221 72 proportio
643 2351 119 72 est
711 2351 170 72 duarum
830 2351 153 72 rerum
932 2351 153 72 vnius
1034 2351 102 72 ad
1085 2351 187 72 alteram
1221 2351 102 72 in
1272 2351 170 72 aliquo
1391 2351 102 72 in
1442 2351 119 72 quo
1510 2351 238 72 conueniunt
1697 2351 153 72 certa
1782 2351 136 72 habitu

215 2397 151 73 tudo.
316 2397 368 73 Proportionalitatem
634 2397 167 73 subire
751 2397 117 73 non
818 2397 151 73 solum
918 2397 117 73 est
985 2397 201 73 monadici
1136 2397 184 73 numeri.
1269 2397 184 73 Numerus
1403 2397 201 73 formalis
1554 2397 117 73 est
1621 2397 234 73 abstractus
1805 2397 100 73 ab
1838 2397 84 73 om¬-

216 2446 96 61 ni
264 2446 176 61 materia
392 2446 192 61 secundum
537 2446 192 61 rationem
681 2446 144 61 suam.
777 2446 96 61 Ex
825 2446 224 61 vnitatibus
1001 2446 176 61 constat
1130 2446 192 61 absolute
1274 2446 144 61 nulli
1370 2446 192 61 materiae
1514 2446 240 61 applicatis.
1707 2446 176 61 Dicitur
1819 2446 96 61 cumu

218 2493 124 61 lus
289 2493 124 61 vel
360 2493 195 61 aceruus
502 2493 231 61 vnitatum.
680 2493 124 61 Non
751 2493 142 61 pono
840 2493 195 61 numerum
982 2493 213 61 formalem
1142 2493 142 61 more
1231 2493 302 61 realizantium.
1480 2493 124 61 Hoc
1551 2493 142 61 enim
1640 2493 160 61 pacto
1728 2493 178 61 loquitur

209 2544 278 59 arithmeticus
434 2544 104 59 de
486 2544 174 59 numero
608 2544 104 59 vt
660 2544 191 59 numerus
799 2544 139 59 est,
885 2544 208 59 materiam
1041 2544 260 59 negligendo.
1250 2544 191 59 Numerus
1388 2544 243 59 materialis
1579 2544 104 59 in
1631 2544 156 59 rebus
1718 2544 191 59 numeratis

220 2587 210 65 inuenitur,
385 2587 90 65 in
430 2587 180 65 praemiis
565 2587 75 65 &
595 2587 180 65 caeteris
730 2587 90 65 id
775 2587 150 65 genus.
880 2587 120 65 Quid
955 2587 90 65 de
1000 2587 165 65 numeris
1121 2587 195 65 sentiamus
1271 2587 90 65 in
1316 2587 150 65 primum
1421 2587 210 65 physicorum
1586 2587 120 65 olim
1661 2587 225 65 scripsimus.
1826 2587 90 65 Simi

214 2636 168 67 litudo
332 2636 201 67 rationum
483 2636 117 67 non
550 2636 117 67 est
617 2636 151 67 solum
718 2636 201 67 monadici
869 2636 185 67 numeri,
1003 2636 117 67 sed
1070 2636 151 67 etiam
1171 2636 101 67 in
1221 2636 151 67 rebus
1322 2636 218 67 numeratis
1490 2636 151 67 istis
1590 2636 151 67 bobus
1691 2636 101 67 ac
1724 2636 185 67 caballis.

222 2683 132 67 Quia
304 2683 165 67 iustum
419 2683 99 67 in
469 2683 379 67 proportionabilitate
798 2683 214 67 consistit
963 2683 214 67 probatur.
1128 2683 115 67 Nam
1194 2683 363 67 proportionabilitas
1507 2683 115 67 est
1573 2683 165 67 duarum
1672 2683 231 67 proportionum

211 2730 227 61 aequalitas,
392 2730 182 61 secundum
529 2730 182 61 Euclidem
665 2730 151 61 quinto
771 2730 227 61 geometriae.
952 2730 106 61 Et,
1013 2730 91 61 vt
1058 2730 136 61 paulo
1149 2730 121 61 ante
1225 2730 91 61 me
1270 2730 182 61 minimus,
1407 2730 106 61 in.
1467 2730 91 61 a.
1512 2730 166 61 minimis
1634 2730 121 61 est.
1709 2730 91 61 In
1740 2730 166 61 disiuncta

215 2778 126 57 siue
294 2778 188 57 discreta
435 2778 330 57 proportionalitate
718 2778 188 57 liquidum
859 2778 126 57 est:
937 2778 126 57 quia
1016 2778 141 57 illic
1110 2778 157 57 nullus
1220 2778 126 57 idem
1298 2778 188 57 terminus
1439 2778 110 57 bis
1502 2778 188 57 sumitur.
1644 2778 110 57 Sed
1706 2778 141 57 etiam
1800 2778 94 57 in
1832 2778 94 57 con¬-

215 2824 172 73 iuncta
335 2824 396 73 proportionabilitate
680 2824 138 73 siue
766 2824 207 73 continua
921 2824 138 73 quae
1007 2824 121 73 vno
1076 2824 190 73 termino
1214 2824 121 73 bis
1283 2824 190 73 vtitur.
1421 2824 207 73 Exemplum
1576 2824 172 73 primi,
1697 2824 103 73 vt
1731 2824 224 73 quemadmodum

218 2871 91 70 se
263 2871 168 70 habent.
385 2871 107 70 &S.
446 2871 107 70 ad.
507 2871 76 70 &
538 2871 107 70 sic
598 2871 91 70 se
644 2871 152 70 habent
751 2871 107 70 sex
812 2871 91 70 in
857 2871 152 70 ordine
964 2871 91 70 ad
1010 2871 137 70 tria.
1101 2871 183 70 Exemplum
1238 2871 183 70 secundi,
1375 2871 91 70 vt
1421 2871 228 70 quemadmodum
1603 2871 91 70 se
1649 2871 168 70 habent.
1771 2871 107 70 ac.
1832 2871 107 70 ad.

212 2920 90 63 &.
257 2920 105 63 ita
317 2920 90 63 se
362 2920 165 63 habent.
483 2920 90 63 &.
528 2920 105 63 ad.
588 2920 90 63 x.
633 2920 196 63 propterea
784 2920 150 63 iustum
889 2920 105 63 in.
949 2920 90 63 x.
994 2920 165 63 minimis
1115 2920 211 63 consistit.
1280 2920 75 63 ⁋
1310 2920 150 63 Quinta
1416 2920 211 63 conclusio.
1581 2920 181 63 lustitia
1701 2920 211 63 distributiua

210 2966 96 67 in
258 2966 336 67 proportionalitate
546 2966 208 67 disiuncta
705 2966 224 67 consistit.
881 2966 176 67 Tametsi
1009 2966 96 67 in
1057 2966 160 67 altero
1169 2966 256 67 arithmetices
1377 2966 176 67 libello
1504 2966 128 67 olim
1584 2966 80 67 a
1616 2966 144 67 nobis
1712 2966 144 67 edito
1792 2966 112 67 omnia

210 3011 129 67 quae
291 3011 113 67 pro
355 3011 113 67 hac
420 3011 162 67 litera
533 3011 226 67 sufficiunt
711 3011 242 67 ostendimus:
905 3011 145 67 tamen
1002 3011 97 67 vt
1050 3011 145 67 nihil
1147 3011 210 67 tenebrosi
1309 3011 162 67 maneat
1422 3011 145 67 pauca
1519 3011 97 67 ex
1568 3011 259 67 speculatiua,
1762 3011 145 67 arithme

213 3066 129 58 tica
293 3066 177 58 dicenda
422 3066 193 58 veniunt.
567 3066 193 58 Medietas
712 3066 225 58 geometrica
889 3066 113 58 est
953 3066 193 58 medietas
1098 3066 145 58 cuius
1195 3066 177 58 termini
1324 3066 241 58 differentia
1517 3066 193 58 neglecta
1662 3066 161 58 aequas
1758 3066 145 58 seruant

204 3111 256 70 proportiones.
415 3111 226 70 differentia
595 3111 105 70 est
655 3111 196 70 excessus,
806 3111 105 70 vt.
866 3111 105 70 xx.
926 3111 75 70 .
956 3111 90 70 S.
1001 3111 150 70 Vbique
1107 3111 105 70 hic
1167 3111 196 70 proportio
1317 3111 135 70 dupla
1408 3111 196 70 seruatur.
1558 3111 105 70 Sed
1618 3111 165 70 iniquus
1739 3111 105 70 est
1784 3111 120 70 exces¬-

210 3165 108 60 sus
271 3165 124 60 cum.
349 3165 93 60 &.
395 3165 93 60 S.
441 3165 108 60 in.
503 3165 93 60 &.
550 3165 263 60 transcendant,
766 3165 77 60 &
797 3165 108 60 duo
859 3165 186 60 vnitatem
998 3165 93 60 in
1044 3165 124 60 sola
1122 3165 170 60 vnitate
1245 3165 201 60 superant.
1400 3165 124 60 quae
1477 3165 247 60 proportiones
1678 3165 124 60 sunt
1755 3165 124 60 quae
1817 3165 93 60 sunt

218 3210 169 64 eiusdem
341 3210 292 64 denominationis.
587 3210 138 64 Omnes
679 3210 154 64 duplae
787 3210 123 64 sunt
864 3210 185 64 aequales
1002 3210 138 64 inter
1094 3210 108 64 se:
1156 3210 108 64 sic
1217 3210 169 64 triplae
1340 3210 138 64 atque
1433 3210 261 64 sesquialterae
1648 3210 138 64 inter
1740 3210 108 64 se.
1786 3210 108 64 Huius

210 3254 229 69 medietatis
390 3254 180 69 aliquae
521 3254 131 69 sunt
603 3254 262 69 proprietates
816 3254 213 69 proposito
979 3254 278 69 deseruientes:
1209 3254 164 69 quarum
1323 3254 115 69 vna
1389 3254 131 69 est.
1471 3254 213 69 Permutato
1635 3254 164 69 ordine
1749 3254 131 69 rite
1815 3254 98 69 pro¬-

210 3301 194 81 ceditur,
355 3301 97 81 si
403 3301 161 81 fuerit
516 3301 161 81 primus
629 3301 97 81 ad
678 3301 194 81 secundum
823 3301 145 81 sicut
919 3301 177 81 tertius
1048 3301 97 81 ad
1097 3301 194 81 quartum:
1242 3301 129 81 erit
1323 3301 226 81 permutatim
1500 3301 145 81 sicut
1597 3301 161 81 primus
1710 3301 97 81 ad
1742 3301 161 81 tertium,
