2340 3609
417 323 111 62 ita
481 323 191 62 secundus
624 323 96 62 ad
672 323 191 62 quartum.
815 323 143 62 Patet
911 323 191 62 exemplo.
1054 323 143 62 Sicut
1150 323 96 62 se
1197 323 175 62 habent.
1325 323 111 62 io.
1389 323 111 62 ad.
1452 323 127 62 5ita
1532 323 96 62 se
1580 323 175 62 habent.
1707 323 96 62 &.
1755 323 111 62 ad.
1818 323 96 62 a.
1866 323 127 62 ldeo
1930 323 207 62 permutatim.

412 364 138 67 sicut
504 364 92 67 se
550 364 168 67 habent.
672 364 107 67 io.
733 364 107 67 ad.
795 364 123 67 Sita
871 364 92 67 se
917 364 168 67 habent.
1040 364 92 67 s.
1085 364 107 67 ad.
1147 364 77 67 .
1177 364 92 67 In
1223 364 153 67 primis
1330 364 123 67 erat
1407 364 199 67 proportio
1560 364 153 67 dupla,
1667 364 92 67 in
1713 364 214 67 posteriore
1882 364 92 67 ac
1928 364 199 67 illatione
2065 364 77 67 est

420 411 210 73 proportio
582 411 275 73 sesquiquarta.
808 411 307 73 Demonstrationem
1067 411 162 73 istius
1180 411 113 73 ex.
1245 411 97 73 s.
1293 411 178 73 secundi
1422 411 178 73 lordani
1552 411 194 73 accipito
1697 411 113 73 pro
1762 411 178 73 negocio
1891 411 162 73 nostro
2005 411 113 73 sat
2053 411 81 73 est

410 446 102 71 ad
461 446 171 71 oculum
581 446 256 71 paradigmate
785 446 154 71 istud
888 446 222 71 explanare
1059 446 119 71 quo
1127 446 273 71 argumentandi
1349 446 137 71 modo
1434 446 256 71 Aristoteles
1639 446 102 71 in
1690 446 154 71 calce
1793 446 188 71 secundi
1929 446 137 71 peri
1997 446 137 71 herme¬-

418 499 150 69 nias,
518 499 83 69 ,
551 499 233 69 topicorum,
734 499 83 69 &
768 499 316 69 impraesentiarum
1034 499 183 69 vtitur.
1167 499 83 69 ⁋
1200 499 133 69 Alia
1284 499 233 69 proprietas
1467 499 133 69 huic
1550 499 349 69 proportionalitati
1849 499 250 69 geometricae
2032 499 100 69 con¬-

422 552 176 69 ueniens
550 552 128 69 est.
630 552 96 69 Et
679 552 160 69 tursus
791 552 144 69 sicut
887 552 160 69 primus
999 552 96 69 ad
1047 552 208 69 secundum,
1208 552 80 69 &
1240 552 176 69 tertius
1368 552 96 69 ad
1416 552 192 69 quartum:
1561 552 112 69 ita
1625 552 96 69 se
1673 552 144 69 habet
1769 552 160 69 primus
1881 552 112 69 cum
1946 552 160 69 tertio
2042 552 80 69 si¬-

415 592 124 71 mul
486 592 107 71 ad
540 592 213 71 secundum
700 592 124 71 cum
771 592 178 71 quarto
895 592 178 71 simul.
1020 592 124 71 Cum
1091 592 124 71 hoc
1162 592 196 71 propter
1304 592 213 71 rudiores
1464 592 196 71 literam
1607 592 302 71 enucleabimus.
1856 592 178 71 lustum
1980 592 142 71 ergo
2051 592 89 71 ra¬-

416 651 173 59 tionum
537 651 191 59 quandam
676 651 295 59 comparationem
919 651 173 59 subit,
1040 651 121 59 hoc
1110 651 121 59 est
1179 651 156 59 dictu
1283 651 173 59 iustum
1404 651 121 59 est
1474 651 312 59 proportionale:
1734 651 295 59 comparationem
1960 651 173 59 rationum

422 689 170 64 subire,
545 689 108 64 non
607 689 108 64 est
669 689 186 64 absoluti
809 689 155 64 numeri
917 689 77 64 a
948 689 139 64 rebus
1041 689 263 64 numerabilibus
1258 689 217 64 abstracti,
1428 689 108 64 sed
1490 689 217 64 cuiusiibet
1660 689 108 64 rei
1722 689 232 64 numerabilis
1908 689 108 64 est
1955 689 170 64 proprium.

417 739 146 63 Etiam
514 739 227 63 comparatio
693 739 195 63 rationum
839 739 114 63 hoc
904 739 114 63 est
969 739 341 63 proportionalitas,
1261 739 227 63 aequalitas
1439 739 114 63 est
1504 739 211 63 rationum,
1667 739 114 63 hoc
1731 739 114 63 est
1796 739 276 63 proportionum:
2024 739 114 63 in.
2072 739 49 63 5

417 794 183 58 minimis
550 794 116 58 est
617 794 100 58 ad
666 794 199 58 minimum:
816 794 133 58 quia
899 794 100 58 in
948 794 166 58 duobus
1065 794 216 58 praemiis,
1230 794 116 58 aut
1297 794 249 58 suppliciis:
1496 794 83 58 &
1529 794 100 58 in
1579 794 166 58 duabus
1695 794 199 58 personis
1844 794 166 58 quando
1960 794 116 58 est
2010 794 133 58 colla¬-

425 841 115 56 tio
490 841 148 56 inter
589 841 164 56 multos
704 841 98 56 vt
753 841 213 56 communius
917 841 131 56 fit.
999 841 180 56 IPotest
1130 841 131 56 enim
1212 841 115 56 rex
1278 841 197 56 strennuo
1425 841 164 56 militi
1540 841 148 56 citra
1639 841 197 56 alterius
1786 841 246 56 collationem
1967 841 164 56 salarium

416 892 95 58 eo
464 892 158 58 dignum
574 892 205 58 praebere.
732 892 95 58 Et
779 892 110 58 est
842 892 110 58 hoc
905 892 95 58 ex
952 892 173 58 illatis
1079 892 221 58 perspicuum
1252 892 110 58 cum
1315 892 110 58 res
1378 892 221 58 distinctae
1552 892 142 58 sicut
1646 892 142 58 ipsae
1741 892 205 58 personae,
1898 892 142 58 omnia
1993 892 126 58 sunt
2056 892 79 58 lu¬-

419 924 142 64 cida:
514 924 189 64 quousque
656 924 142 64 dicit
750 924 95 64 vt
798 924 79 64 a
829 924 126 64 sese
908 924 142 64 habet
1003 924 95 64 ad
1050 924 79 64 b
1082 924 110 64 &c.
1145 924 237 64 elementorum
1334 924 126 64 vice
1413 924 268 64 praestabilius
1633 924 110 64 est
1696 924 173 64 notiora
1823 924 173 64 exempla
1949 924 173 64 capere:
2059 924 79 64 sit

427 974 199 66 Achilles
577 974 166 66 meriti
693 974 100 66 ac
743 974 232 66 dignitatis
925 974 116 66 vt.
991 974 83 66 .
1025 974 133 66 Aiax
1108 974 249 66 Thelamonius
1307 974 116 66 vt.
1373 974 100 66 e,
1423 974 133 66 sint
1506 974 133 66 duae
1589 974 116 66 res
1655 974 100 66 ab
1705 974 232 66 Agamemnone
1887 974 149 66 illis
1970 974 166 66 partien¬-

1343 1021 111 60 dae,
1412 1021 83 60 vt
1454 1021 111 60 pote
1523 1021 111 60 vnus
1592 1021 166 60 caballus
1716 1021 83 60 a,
1758 1021 97 60 vt.
1813 1021 83 60 &.
1855 1021 124 60 alter
1938 1021 83 60 b.
1979 1021 97 60 vt.
2034 1021 83 60 &.
2062 1021 69 60 ta¬-

1340 1072 214 56 lentorum,
1504 1072 132 56 tunc
1587 1072 132 56 sic.
1669 1072 148 56 Sicut
1768 1072 99 56 se
1818 1072 148 56 habet
1917 1072 198 56 Achilles
2049 1072 82 56 vt.

1343 1112 97 65 n.
1391 1112 97 65 ad
1440 1112 162 65 Aiacem
1553 1112 113 65 qui
1618 1112 113 65 est
1682 1112 113 65 vt.
1747 1112 129 65 Sita
1828 1112 97 65 se
1876 1112 145 65 habet
1973 1112 81 65 a
1989 1112 162 65 caballus

1346 1167 107 61 ad
1400 1167 249 61 bcaballum:
1595 1167 196 61 proinde
1738 1167 231 61 permutato
1916 1167 178 61 ordine
2022 1167 125 61 sicut

1344 1220 92 59 se
1390 1220 138 59 habet
1482 1220 184 59 Achilles
1619 1220 107 59 ad.
1681 1220 77 59 S
1711 1220 107 59 ita
1773 1220 123 59 Aiax
1849 1220 107 59 ad.
1911 1220 92 59 S.
1956 1220 107 59 Est
2002 1220 123 59 propor

427 1261 115 67 tio
492 1261 280 67 sesquialtera:
723 1261 165 67 iterum
839 1261 198 67 Achillem
987 1261 115 67 cum
1053 1261 115 67 suo
1119 1261 198 67 praemio,
1268 1261 148 67 iunge
1366 1261 198 67 viginti.
1515 1261 148 67 Habes
1614 1261 165 67 aiacem
1729 1261 115 67 vt.
1795 1261 132 67 Scum
1878 1261 115 67 suo
1944 1261 181 67 praemio
2059 1261 66 67 ca

429 1302 141 76 ballo
523 1302 110 76 vt.
586 1302 94 76 &,
633 1302 156 76 necto,
742 1302 141 76 sunt,
836 1302 110 76 ro.
899 1302 156 76 iterum
1008 1302 156 76 totius
1118 1302 94 76 ad
1165 1302 141 76 totum
1259 1302 110 76 est
1321 1302 203 76 proportio
1478 1302 141 76 dupla
1572 1302 250 76 subduplaque,
1775 1302 125 76 tunc
1853 1302 110 76 fit
1916 1302 141 76 ipsum
1994 1302 141 76 iustum:

416 1352 77 67 &
446 1352 138 67 totum
538 1352 184 67 negocium
676 1352 199 67 iustitiae
829 1352 260 67 distributiuae
1043 1352 230 67 perficitur.
1227 1352 138 67 Breui
1319 1352 138 67 nihil
1410 1352 138 67 aliud
1502 1352 122 67 vult
1579 1352 153 67 dicere
1686 1352 122 67 nisi
1762 1352 122 67 quae
1839 1352 107 67 est
1900 1352 199 67 proportio
2038 1352 107 67 multi

429 1400 120 78 plex
504 1400 135 78 super
594 1400 240 78 particularis
789 1400 225 78 suppartiens
970 1400 105 78 aut
1030 1400 135 78 mixta
1120 1400 135 78 inter
1210 1400 180 78 aliquos,
1345 1400 165 78 homines
1465 1400 135 78 eadem
1555 1400 135 78 inter
1645 1400 165 78 praemia
1766 1400 195 78 seruetur:
1916 1400 75 78 &
1946 1400 135 78 illud
2036 1400 105 78 est
2081 1400 60 78 me

429 1448 128 69 dium
509 1448 128 69 eius
588 1448 191 69 scilicet
732 1448 159 69 iniqui
844 1448 128 69 quod
923 1448 271 69 comparationem
1147 1448 112 69 non
1210 1448 159 69 subit,
1322 1448 128 69 quia
1402 1448 112 69 est
1465 1448 207 69 extremum:
1625 1448 112 69 sin
1689 1448 159 69 aliter
1800 1448 128 69 fiat
1880 1448 255 69 distributio,
2071 1448 64 69 pu

434 1495 92 66 ta
480 1495 168 66 achilli
602 1495 168 66 dentur.
724 1495 92 66 a.
770 1495 76 66 &
801 1495 153 66 Aiaci.
908 1495 153 66 iniqua
1015 1495 107 66 est
1076 1495 245 66 distributio.
1275 1495 122 66 Alia
1351 1495 199 66 conclusio
1504 1495 92 66 in
1550 1495 183 66 operibus
1688 1495 168 66 accidit
1810 1495 199 66 iniustum:
1963 1495 138 66 porro
2039 1495 92 66 iniu

419 1541 127 70 riam
499 1541 175 70 faciens
626 1541 95 70 in
673 1541 143 70 bonis
768 1541 143 70 habet
864 1541 127 70 plus
943 1541 159 70 aequo:
1054 1541 143 70 atque
1150 1541 127 70 ille
1229 1541 111 70 qui
1292 1541 191 70 iniuriam
1435 1541 175 70 patitur
1562 1541 143 70 minus
1658 1541 143 70 habet
1753 1541 127 70 quam
1832 1541 111 70 par
1896 1541 127 70 sit.
1975 1541 95 70 Et
2007 1541 127 70 contra

424 1586 97 71 in
472 1586 161 71 malis,
585 1586 113 71 qui
650 1586 194 71 iniuriam
795 1586 145 71 facit
892 1586 145 71 alium
989 1586 194 71 pulsando
1134 1586 113 71 vel
1199 1586 194 71 fortunas
1344 1586 242 71 surripiendo
1538 1586 145 71 minus
1635 1586 145 71 habet
1731 1586 129 71 mali
1812 1586 113 71 (de
1877 1586 129 71 malo
1957 1586 161 71 culpae
2054 1586 81 71 non

421 1639 212 78 loquitur:
584 1639 130 78 quia
665 1639 98 78 id
714 1639 147 78 malum
812 1639 98 78 in
861 1639 130 78 foro
942 1639 114 78 dei
1007 1639 163 78 abdito
1122 1639 196 78 punitur.
1268 1639 147 78 Dubio
1366 1639 163 78 procul
1480 1639 147 78 alium
1578 1639 179 78 laedens
1708 1639 147 78 prius
1806 1639 147 78 animo
1904 1639 212 78 ringitur,
2051 1639 81 78 ira

423 1687 111 72 aut
486 1687 127 72 odio
566 1687 221 72 torquetur,
739 1687 142 72 atque
834 1687 127 72 post
913 1687 174 72 illatam
1040 1687 190 72 iniuriam
1182 1687 237 72 resipiscit,
1372 1687 206 72 stimulans
1530 1687 237 72 conscientia
1720 1687 111 72 eum
1783 1687 206 72 remordet:
1941 1687 95 72 vt
1989 1687 95 72 de
2020 1687 111 72 perpe

423 1734 125 65 ram
494 1734 249 65 perpetrato
690 1734 196 65 doleat.
833 1734 125 65 Qui
904 1734 178 65 scelus
1028 1734 231 65 commissum
1206 1734 125 65 non
1278 1734 231 65 auersatur
1456 1734 320 65 christianismum
1723 1734 178 65 minime
1847 1734 214 65 redolet.
2007 1734 89 65 ⁋
2025 1734 107 65 Ambi

449 1784 144 65 gitur
545 1784 96 65 an
593 1784 224 65 personarum
769 1784 192 65 acceptio
913 1784 272 65 distributiuae
1137 1784 208 65 iustitiae
1298 1784 240 65 aduersetur.
1490 1784 224 65 Responsio.
1666 1784 192 65 Acceptio
1810 1784 224 65 personarum
1986 1784 112 65 est
2034 1784 96 65 vnam

427 1845 161 53 alteri
540 1845 193 53 indebite
684 1845 225 53 preponere.
861 1845 97 53 Et
910 1845 177 53 capitur
1039 1845 193 53 indebite
1183 1845 225 53 contrarie.
1360 1845 113 53 Hoc
1425 1845 209 53 supposito
1586 1845 241 53 affirmatiue
1779 1845 258 53 respondetur.
1972 1845 161 53 Deutero¬-

436 1870 141 77 nomii
531 1870 157 77 primo.
640 1870 110 77 Non
703 1870 220 77 acceptetis
876 1870 204 77 cuiusquam
1033 1870 204 77 personam:
1190 1870 94 77 et
1237 1870 173 77 lacobi.
1363 1870 94 77 x.
1410 1870 157 77 Nolite
1520 1870 94 77 in
1567 1870 220 77 personarum
1739 1870 220 77 acceptione
1912 1870 157 77 habere
2006 1870 126 77 fidem.

448 1917 161 71 Contra
561 1917 129 71 deus
642 1917 258 71 praeacceptat
851 1917 194 71 personam
997 1917 210 71 personae:
1158 1917 81 71 &
1191 1917 113 71 non
1255 1917 178 71 peccat:
1384 1917 178 71 igitur,
1513 1917 258 71 consequentia
1723 1917 145 71 tenet
1820 1917 113 71 cum
1885 1917 178 71 minore.
1998 1917 129 71 Proba¬-

433 1968 113 71 tur
497 1968 145 71 autem
594 1968 145 71 maior
691 1968 113 71 per
755 1968 145 71 illud
852 1968 129 71 quod
932 1968 225 71 scribitur.
1109 1968 193 71 Matthei.
1254 1968 113 71 aa.
1319 1968 113 71 duo
1383 1968 145 71 etunt
1480 1968 97 71 in
1528 1968 161 71 lecto:
1641 1968 129 71 vnus
1721 1968 209 71 assumetur
1882 1968 97 71 et
1931 1968 145 71 alter
2011 1968 129 71 relin¬-

426 2013 200 69 quetur.
572 2013 200 69 Secundo
717 2013 255 69 praeponere
918 2013 164 69 minus
1027 2013 200 69 idoneum
1173 2013 164 69 magis
1282 2013 182 69 idoneo
1410 2013 109 69 ad
1465 2013 164 69 curam
1574 2013 219 69 animarum
1738 2013 128 69 est
1811 2013 219 69 acceptio
1957 2013 182 69 persona¬-

433 2074 139 56 rum,
520 2074 122 56 cum
589 2074 122 56 non
659 2074 157 56 insit
764 2074 157 56 causa
868 2074 174 56 debita
990 2074 157 56 quare
1095 2074 157 56 magis
1199 2074 192 56 idoneus
1339 2074 296 56 posthabeatur.
1582 2074 192 56 Tertio,
1722 2074 192 56 maximus
1861 2074 209 56 pontifex
2001 2074 139 56 potius

434 2107 109 73 cum
497 2107 141 73 princ
591 2107 156 73 ipibus
700 2107 94 73 in
747 2107 187 73 gradibus
887 2107 219 73 prohibitis
1059 2107 219 73 dispensat,
1231 2107 125 73 quam
1309 2107 109 73 cum
1372 2107 203 73 inopibus:
1528 2107 125 73 ergo
1606 2107 109 73 est
1668 2107 219 73 acceptator
1840 2107 234 73 personarum:
2028 2107 78 73 &
2059 2107 109 73 non

447 2158 176 69 videtur
575 2158 96 69 in
623 2158 112 69 hoc
687 2158 192 69 peccare.
831 2158 96 69 Ad
879 2158 160 69 primum
991 2158 176 69 dicitur
1119 2158 128 69 quod
1199 2158 128 69 Deus
1279 2158 144 69 nihil
1376 2158 192 69 indebite
1520 2158 160 69 facit,
1632 2158 192 69 capiendo
1776 2158 192 69 indebite
1920 2158 208 69 contrarie
2064 2158 64 69 ad

433 2199 177 80 debite.
562 2199 177 80 Dominus
691 2199 129 80 deus
771 2199 145 80 nulli
868 2199 113 80 est
933 2199 210 80 obnoxius.
1094 2199 177 80 Insuper
1223 2199 129 80 huic
1304 2199 226 80 beneficium
1481 2199 339 80 praedestinationis
1771 2199 145 80 dando
1868 2199 97 80 et
1916 2199 113 80 non
1981 2199 145 80 illi,
2061 2199 81 80 al¬-

449 2250 130 73 teri
530 2250 114 73 non
595 2250 147 73 facit
693 2250 196 73 iniuriam
840 2250 82 73 &
873 2250 114 73 non
938 2250 163 73 gratis
1052 2250 212 73 reprobat.
1215 2250 163 73 Doctor
1329 2250 179 73 gentium
1459 2250 98 73 ad
1508 2250 196 73 Ephesios
1655 2250 147 73 sexto
1753 2250 179 73 scribit
1883 2250 228 73 personarum
2046 2250 98 73 acce

449 2300 131 74 ptio
531 2300 115 74 non
596 2300 115 74 est
662 2300 131 74 apud
744 2300 148 74 deum.
842 2300 98 74 Ad
891 2300 213 74 secundum,
1055 2300 180 74 concedo
1187 2300 230 74 collatorem
1367 2300 230 74 sacerdotii
1548 2300 98 74 eo
1597 2300 98 74 in
1646 2300 131 74 casu
1728 2300 246 74 delinquere,
1925 2300 115 74 cum
1974 2300 164 74 personam

441 2349 206 68 acceptet
595 2349 86 68 &
629 2349 206 68 negligat
784 2349 223 68 procurare
955 2349 189 68 optimos
1092 2349 223 68 ministros
1264 2349 103 68 in
1315 2349 154 68 vinea
1418 2349 189 68 domini.
1555 2349 171 68 Nullus
1675 2349 120 68 non
1744 2349 206 68 argueret
1898 2349 154 68 illum
2001 2349 120 68 qui
2069 2349 103 68 in

442 2398 137 63 mari
527 2398 222 63 aestuanti
698 2398 154 63 inter
800 2398 188 63 Scillam
937 2398 102 63 et
988 2398 222 63 Charibdim
1159 2398 188 63 caperet
1296 2398 222 63 nauclerum
1466 2398 154 63 minus
1569 2398 205 63 idoneum,
1722 2398 120 63 vbi
1791 2398 171 63 potest
1910 2398 171 63 habere
2013 2398 120 63 magis

443 2442 186 72 idoneum.
582 2442 108 72 Non
644 2442 139 72 tamen
736 2442 155 72 semper
845 2442 186 72 sanctior
984 2442 108 72 est
1046 2442 139 72 magis
1139 2442 170 72 idoneus
1262 2442 139 72 neque
1355 2442 186 72 doctior:
1494 2442 108 72 sed
1556 2442 186 72 doctrina
1695 2442 155 72 semper
1804 2442 201 72 exigitur:
1958 2442 155 72 quando
2051 2442 93 72 ipsa

449 2490 239 68 prudentiae
637 2490 239 68 copulatur,
824 2490 188 68 hominem
960 2490 188 68 ornant.
1097 2490 273 68 Contaminatus
1319 2490 119 68 est
1387 2490 222 68 imprudens
1557 2490 153 68 sexto
1660 2490 239 68 ethicorum.
1847 2490 256 68 Illustribus
2035 2490 102 68 quan

440 2538 91 67 do
485 2538 121 67 sunt
561 2538 136 67 bonae
651 2538 241 67 literaturae.
847 2538 75 67 &
878 2538 136 67 morum
968 2538 211 67 probatorum
1134 2538 211 67 sacerdotia
1300 2538 121 67 sunt
1375 2538 211 67 conferenda
1541 2538 91 67 vt
1587 2538 241 67 possessiones
1783 2538 196 67 ecclesiae
1919 2538 211 67 manuteneant,

438 2591 107 63 sed
499 2591 229 63 spiritualis
682 2591 198 63 profectus
834 2591 107 63 est
895 2591 137 63 magis
987 2591 244 63 ponderandus.
1185 2591 122 63 Sane
1261 2591 183 63 plerique
1398 2591 183 63 praelati
1535 2591 213 63 exorbitant
1703 2591 168 63 fructus
1825 2591 198 63 ecclesiae
1978 2591 183 63 augendo,

442 2634 128 64 quia
522 2634 96 64 in
570 2634 225 64 subditorum
747 2634 128 64 onus
827 2634 225 64 sepenumero
1003 2634 112 64 sub
1067 2634 192 64 pietatis
1212 2634 208 64 praetextu
1372 2634 96 64 id
1420 2634 225 64 factitant.
1597 2634 112 64 Ad.
1661 2634 80 64 .
1693 2634 192 64 dicitur,
1837 2634 128 64 quod
1917 2634 160 64 summus
2014 2634 128 64 ponti¬-

439 2684 108 63 fex
500 2684 92 63 id
546 2684 123 63 sine
623 2684 184 63 penccato
761 2684 154 63 facit:
869 2684 123 63 quia
946 2684 108 63 pro
1007 2684 123 63 pace
1084 2684 92 63 in
1130 2684 200 63 republica
1284 2684 169 63 habenda
1407 2684 154 63 facit,
1514 2684 123 63 quae
1591 2684 154 63 melius
1698 2684 77 63 &
1729 2684 246 63 vniuersalius
1929 2684 108 63 per
1975 2684 169 63 principes

442 2722 125 84 quam
521 2722 110 84 per
583 2722 219 84 infericres
756 2722 235 84 procuratur:
944 2722 125 84 ergo
1022 2722 94 84 id
1069 2722 110 84 non
1132 2722 141 84 facit
1226 2722 204 84 indebite.
1382 2722 78 84 ⁋
1414 2722 157 84 Quarto
1523 2722 219 84 obiicitur:
1696 2722 204 84 opulentos
1852 2722 172 84 ratione
1978 2722 125 84 opum
2040 2722 110 84 hono¬-

447 2770 148 71 ramus
545 2770 132 71 sine
627 2770 148 71 labe:
726 2770 181 71 alioqui
858 2770 197 71 plurimos
1006 2770 197 71 lapsibus
1154 2770 230 71 innodabis:
1334 2770 82 71 &
1367 2770 99 71 si
1417 2770 99 71 id
1466 2770 115 71 non
1532 2770 181 71 liceat,
1663 2770 115 71 nec
1729 2770 148 71 regem
1828 2770 148 71 malum
1910 2770 230 71 honorabimus,

448 2819 79 69 &
480 2819 142 69 illos
574 2819 173 69 ratione
700 2819 220 69 maiestatis
873 2819 79 69 &
904 2819 173 69 timoris
1030 2819 204 69 honorare,
1188 2819 94 69 et
1235 2819 110 69 non
1298 2819 173 69 ratione
1423 2819 189 69 virtutis
1565 2819 110 69 est
1628 2819 189 69 accipere
1770 2819 189 69 personas
1911 2819 173 69 igitur.
2021 2819 126 69 Respon

444 2869 141 67 detur
538 2869 125 67 quod
617 2869 204 67 honoramus
773 2869 141 67 regem
867 2869 141 67 atque
961 2869 141 67 alios
1055 2869 219 67 superiores
1228 2869 172 67 ratione
1353 2869 188 67 virtutis
1494 2869 125 67 quam
1572 2869 172 67 habent,
1697 2869 110 67 vel
1760 2869 172 67 ratione
1885 2869 251 67 praelationis
2073 2869 63 67 in

440 2913 113 72 qua
504 2913 129 72 sunt
585 2913 113 72 dei
650 2913 178 72 vicarii
779 2913 97 72 et
828 2913 210 72 ministri.
989 2913 162 72 Patrem
1102 2913 81 72 &
1135 2913 162 72 matrem
1248 2913 145 72 licet
1345 2913 194 72 iniustos
1490 2913 226 72 honoramus:
1668 2913 129 72 quia
1749 2913 113 72 ita
1814 2913 129 72 lege
1894 2913 162 72 cautum
2008 2913 113 72 est
2056 2913 97 72 Exo¬-

439 2963 117 69 di.
506 2963 117 69 io.
573 2963 167 69 honora
689 2963 167 69 patrem
806 2963 133 69 tuum
889 2963 100 69 et
939 2963 167 69 matrem
1056 2963 150 69 tuam:
1156 2963 133 69 sunt
1239 2963 133 69 enim
1322 2963 167 69 nostri
1439 2963 150 69 origo
1539 2963 83 69 &
1572 2963 150 69 nobis
1672 2963 267 69 benefactiui:
1888 2963 233 69 rationeque
2055 2963 100 69 bene

436 3010 199 69 ficiorum
585 3010 149 69 illos
685 3010 215 69 veneramur
850 3010 165 69 Graues
966 3010 149 69 annis
1065 3010 182 69 iubemur
1198 3010 215 69 reuereri,
1363 3010 199 69 leuitici
1512 3010 132 69 vnde
1595 3010 215 69 vigesimo.
1760 3010 149 69 Coram
1860 3010 132 69 cano
1942 3010 165 69 capite
2042 3010 99 69 con¬-

440 3058 156 67 surge,
549 3058 78 67 &
581 3058 156 67 honora
689 3058 187 67 personam
830 3058 156 67 senis:
939 3058 140 67 Licet
1032 3058 125 67 enim
1110 3058 202 67 aliquibus
1265 3058 156 67 vitiis
1374 3058 187 67 madeant,
1514 3058 202 67 nonnullis
1670 3058 140 67 tamen
1763 3058 187 67 virtutum
1904 3058 202 67 flosculis
2044 3058 93 67 sunt

438 3102 205 82 praediti:
596 3102 158 82 gratia
706 3102 158 82 quorum
816 3102 142 82 illos
911 3102 205 82 salutamus
1069 3102 158 82 atque,
1179 3102 142 82 senes
1273 3102 205 82 plerumque
1431 3102 126 82 sunt
1510 3102 252 82 considerati.
1715 3102 110 82 Non
1778 3102 158 82 itaque
1888 3102 221 82 diuitiarum
2045 3102 95 82 gra¬-

444 3151 76 76 t
474 3151 91 76 ae
520 3151 213 76 locupletem
687 3151 213 76 honoramus.
854 3151 152 76 Glossa
960 3151 167 76 iacobi.
1082 3151 91 76 a.
1127 3151 91 76 id
1173 3151 167 76 asserit
1294 3151 122 76 esse
1370 3151 197 76 peccatum:
1522 3151 106 76 sed
1583 3151 152 76 aliqua
1689 3151 122 76 alia
1765 3151 167 76 ratione
1887 3151 122 76 quia
1948 3151 197 76 magistratum

443 3211 148 60 cerit
541 3211 82 60 &
574 3211 213 60 plerisque
738 3211 230 60 benefacit:
918 3211 180 60 nostram
1050 3211 131 60 item
1132 3211 213 60 modestiam
1296 3211 131 60 sine
1378 3211 230 60 supercilio
1558 3211 246 60 ostendemus,
1755 3211 115 60 nec
1821 3211 131 60 illi
1903 3211 148 60 bilem
1985 3211 164 60 concita¬

427 3267 169 59 bimus.
