2341 3607
409 289 133 88 sic.
493 289 133 88 ergo
576 289 116 88 non
642 289 166 88 teneor
759 289 233 88 restituere
942 289 150 88 equum
1041 289 100 88 C,
1091 289 116 88 cum
1158 289 133 88 dedi
1241 289 200 88 pecuniam
1391 289 116 88 pro
1457 289 100 88 eo
1507 289 83 88 &
1540 289 150 88 tamen
1640 289 116 88 est
1707 289 116 88 res
1773 289 166 88 aliena
1890 289 183 88 igitur.
2006 289 133 88 Quarto

428 355 224 67 episcopus
600 355 86 67 &
635 355 172 67 pingue
755 355 259 67 sacerdotium
962 355 172 67 habens
1083 355 190 67 prodige
1221 355 207 67 exponens
1376 355 121 67 non
1445 355 190 67 tenetur
1583 355 241 67 restituere
1773 355 190 67 profuse
1894 355 241 67 delapidatum,

425 409 89 63 &
461 409 159 63 tamen
567 409 195 63 iniuste
709 409 124 63 rem
780 409 195 63 alienam
921 409 213 63 scilicet
1081 409 159 63 bonum
1187 409 195 63 commune
1329 409 248 63 pauperibus
1524 409 195 63 debitum
1666 409 213 63 exponit:
1825 409 195 63 igitur.
1967 409 106 63 Ad
2002 409 142 63 primum

427 452 247 69 respondetur
624 452 214 69 probabile
789 452 132 69 esse
871 452 132 69 quod
954 452 198 69 Socrates
1102 452 115 69 non
1168 452 181 69 tenetur
1300 452 148 69 illud
1399 452 181 69 ablatum
1530 452 214 69 refundere
1695 452 132 69 quia
1778 452 99 69 in
1827 452 181 69 extrema
1942 452 198 69 necessita¬-

422 499 97 67 te
470 499 145 67 omnia
567 499 129 67 sunt
647 499 193 67 communia
792 499 97 67 et
840 499 113 67 per
905 499 258 67 possessionem
1114 499 193 67 Socratis
1259 499 193 67 antiquus
1404 499 177 67 titulus
1532 499 177 67 dominii
1661 499 145 67 huius
1758 499 113 67 rei
1822 499 113 67 est
1887 499 193 67 sopitus,
2031 499 80 67 &
2048 499 80 67 pe¬-

430 541 148 67 nitus
528 541 231 67 extinctus.
710 541 99 67 At
759 541 99 67 si
808 541 148 67 Plato
907 541 115 67 non
973 541 148 67 simul
1072 541 231 67 incidisset
1253 541 99 67 in
1302 541 264 67 necessitatem
1517 541 198 67 Socrates
1665 541 148 67 nulla
1764 541 115 67 via
1830 541 214 67 teneretur
1978 541 148 67 refunde

427 586 101 77 re
478 586 117 77 iam
545 586 252 77 consumptum,
746 586 134 77 esto
830 586 134 77 quod
914 586 101 77 ad
964 586 235 77 pinguiorem
1149 586 201 77 fortunam
1300 586 235 77 deuenerit.
1484 586 101 77 Ad
1535 586 201 77 secundum
1686 586 185 77 dicitur
1820 586 134 77 quod
1904 586 168 77 Titius
2021 586 101 77 in
2055 586 67 77 ex

428 647 141 57 trema
522 647 235 57 necessitate
710 647 172 57 soluere
836 647 110 57 non
898 647 188 57 tenetur,
1039 647 94 57 vt
1086 647 141 57 patet
1180 647 94 57 ex
1227 647 251 57 praecedenti:
1431 647 110 57 sed
1494 647 94 57 an
1541 647 188 57 teneatur
1682 647 141 57 citra
1776 647 188 57 extremam
1901 647 235 57 necessitatem,

431 694 122 58 dato
507 694 122 58 quod
583 694 183 58 mendicet
721 694 153 58 alteri
828 694 168 58 nolenti
950 694 198 58 expectate
1102 694 229 58 dilationem,
1285 694 137 58 nimis
1377 694 137 58 durum
1469 694 107 58 est
1530 694 229 58 affirmatiue
1713 694 229 58 respondere.
1896 694 122 58 Dico
1972 694 137 58 autem
2048 694 92 58 quod

424 740 198 63 sufficit
573 740 149 63 illic
672 740 165 63 petere
788 740 231 63 dilationem
970 740 99 63 ad
1020 740 182 63 tempus:
1152 740 165 63 quando
1268 740 165 63 Titius
1383 740 99 63 in
1433 740 149 63 rebus
1532 740 198 63 propriis
1681 740 182 63 grandem
1813 740 198 63 iacturam
1946 740 198 63 incurreret

423 791 190 61 soluendo
566 791 143 61 nunc,
661 791 79 61 &
693 791 222 61 Sempronius
867 791 111 61 est
931 791 206 61 locuplex,
1090 791 111 61 sat
1153 791 111 61 est
1217 791 127 61 quod
1296 791 222 61 Sempronius
1470 791 175 61 dominus
1597 791 111 61 rei
1661 791 143 61 debet
1756 791 143 61 velle
1851 791 190 61 differre
1978 791 159 61 solutio¬-

432 842 120 47 nem,
507 842 75 47 &
537 842 135 47 debet
627 842 135 47 nolle
718 842 120 47 quod
793 842 120 47 tunc
868 842 195 47 solueret.
1018 842 180 47 Probatur
1154 842 135 47 illud
1244 842 105 47 per
1304 842 105 47 ca,
1364 842 90 47 si
1409 842 120 47 quis
1484 842 165 47 propter
1605 842 90 47 de
1650 842 120 47 fur.
1725 842 135 47 secus
1815 842 135 47 esset
1905 842 90 47 si
1936 842 180 47 Sempronius

422 881 166 60 simile
539 881 233 60 incommodum
722 881 100 60 ex
772 881 116 60 rei
838 881 133 60 suae
921 881 200 60 neglecta
1071 881 216 60 solutione
1237 881 249 60 incurreret:
1437 881 133 60 quia
1520 881 133 60 tunc
1603 881 233 60 Sempronius
1786 881 183 60 dominus
1919 881 116 60 rei
1985 881 133 60 suae
2052 881 83 60 po¬-

435 933 130 56 test
516 933 326 56 rationabilissime
793 933 147 56 velle
891 933 163 56 habere
1005 933 147 56 suum.
1103 933 163 56 Contra
1217 933 147 56 illud
1315 933 228 56 obiicitur.
1495 933 196 56 Creditor
1641 933 114 56 non
1707 933 147 56 debet
1805 933 130 56 esse
1886 933 228 56 deterioris
2049 933 98 56 con¬-

418 981 248 53 conditionis
617 981 132 53 quam
699 981 99 53 si
749 981 116 53 rem
815 981 132 53 suam
897 981 132 53 puta
980 981 182 53 debitum
1112 981 99 53 in
1161 981 132 53 manu
1244 981 182 53 propria
1376 981 198 53 haberet,
1525 981 132 53 puta
1607 981 149 53 mille
1706 981 165 53 aureos
1822 981 182 53 nummos:
1954 981 116 53 sed
2020 981 99 53 in
2053 981 99 53 illo

423 1028 127 60 casu
502 1028 159 60 potest
613 1028 159 60 sinere
724 1028 143 60 illum
819 1028 127 60 quin
899 1028 159 60 debito
1010 1028 174 60 accepit
1136 1028 190 60 pecuniam
1279 1028 143 60 agros
1374 1028 127 60 suos
1453 1028 174 60 vendere
1580 1028 174 60 minoris
1707 1028 127 60 quam
1786 1028 127 60 sit.
1866 1028 159 60 Potest
1976 1028 143 60 velle
2056 1028 79 60 vti

425 1063 99 65 re
475 1063 116 65 sua
541 1063 116 65 non
607 1063 182 65 curando
740 1063 99 65 de
789 1063 149 65 damno
888 1063 215 65 alterius.
1054 1063 215 65 Respondeo
1219 1063 149 65 primo
1318 1063 132 65 quod
1401 1063 182 65 deberet
1533 1063 99 65 in
1583 1063 132 65 tali
1665 1063 132 65 casu
1748 1063 132 65 dare
1830 1063 165 65 fratri
1946 1063 165 65 mutuo.
2045 1063 83 65 Se¬-

428 1128 144 56 cundo
524 1128 128 56 quod
604 1128 112 56 cum
668 1128 144 56 dedit
763 1128 128 56 illi
843 1128 144 56 mutuo
939 1128 192 56 creditor
1083 1128 144 56 habet
1179 1128 192 56 differre
1322 1128 240 56 solutionem.
1514 1128 192 56 Pluribus
1658 1128 160 56 verbis
1770 1128 160 56 iterum
1881 1128 192 56 tangatur
2009 1128 112 56 casus

424 1167 132 60 quia
506 1167 181 60 saepius
638 1167 214 60 occurrit,
803 1167 99 60 si
852 1167 198 60 creditor
1001 1167 115 60 est
1066 1167 198 60 locuples
1215 1167 82 60 &
1248 1167 181 60 debitor
1380 1167 99 60 si
1429 1167 165 60 soluat
1545 1167 99 60 in
1594 1167 115 60 die
1660 1167 181 60 statuto
1792 1167 181 60 cogetur
1924 1167 148 60 agros
2006 1167 132 60 valen¬-

421 1207 116 69 tes
488 1207 116 69 bis
554 1207 166 69 mille,
670 1207 182 69 vendere
803 1207 149 69 mille
902 1207 249 69 octingintis
1101 1207 116 69 aut
1167 1207 149 69 mille
1266 1207 249 69 quingentis,
1465 1207 199 69 creditor
1614 1207 149 69 etiam
1714 1207 215 69 impeditur
1879 1207 83 69 a
1896 1207 232 69 consequtione

438 1257 206 66 partialis
597 1257 159 66 lucri,
708 1257 127 66 quia
787 1257 95 66 ei
835 1257 111 66 non
899 1257 206 66 soluitur:
1057 1257 159 66 nihilo
1168 1257 143 66 tamen
1264 1257 159 66 secius
1375 1257 143 66 manet
1470 1257 238 66 pecuniosus,
1661 1257 111 66 iam
1724 1257 143 66 illud
1819 1257 175 66 membrum
1946 1257 143 66 esset
2026 1257 95 66 apud

429 1305 167 62 varios
546 1305 217 62 ambiguum:
713 1305 83 62 &
746 1305 100 62 in
796 1305 117 62 hoc
863 1305 167 62 membro
980 1305 117 62 ego
1047 1305 133 62 reor
1130 1305 234 62 solutionem
1314 1305 267 62 differendam,
1530 1305 117 62 aut
1597 1305 133 62 quod
1681 1305 200 62 creditor
1831 1305 100 62 ei
1881 1305 150 62 mutuo
1981 1305 133 62 dare
2048 1305 83 62 te¬-

427 1350 156 61 netur,
537 1350 94 61 in
584 1350 110 61 hoc
646 1350 125 61 casu
725 1350 94 61 de
772 1350 125 61 nouo
850 1350 156 61 habita
959 1350 219 61 securitate
1132 1350 94 61 de
1178 1350 219 61 solutione:
1351 1350 110 61 aut
1413 1350 125 61 quod
1491 1350 125 61 post
1570 1350 156 61 mutuum
1679 1350 141 61 datum
1773 1350 110 61 eum
1836 1350 203 61 expectare
1977 1350 156 61 convenit

441 1399 97 66 et
489 1399 145 66 alter
586 1399 97 66 ad
635 1399 162 66 tempus
748 1399 178 66 soluere
877 1399 113 66 non
942 1399 113 66 est
1007 1399 210 66 obnoxius.
1168 1399 81 66 A
1201 1399 194 66 fortiori
1346 1399 97 66 si
1395 1399 194 66 soluendo
1540 1399 113 66 iam
1605 1399 162 66 statim
1718 1399 97 66 in
1766 1399 194 66 extremam
1912 1399 178 66 inopiam
2041 1399 113 66 aut

421 1445 267 59 mendicitatem
638 1445 234 59 incideret,
822 1445 117 59 vel
889 1445 200 59 impotens
1039 1445 150 59 esset
1139 1445 200 59 soluere,
1289 1445 117 59 iam
1356 1445 117 59 non
1423 1445 117 59 est
1490 1445 217 59 deuinctus
1657 1445 250 59 persoluere.
1857 1445 117 59 Non
1924 1445 150 59 ausim
2007 1445 117 59 tamen

438 1494 186 63 excusare
577 1494 201 63 debitorem
732 1494 108 63 vbi
793 1494 170 63 modicam
917 1494 186 63 iacturam
1056 1494 93 63 ex
1103 1494 201 63 solutione
1258 1494 232 63 incurreret.
1443 1494 93 63 ld
1490 1494 170 63 saepius
1613 1494 201 63 contingit
1768 1494 139 63 etiam
1861 1494 93 63 ni
1907 1494 139 63 debet
1985 1494 139 63 seruare

434 1552 220 50 creditorem
607 1552 79 50 a
638 1552 173 50 iactura
764 1552 188 50 immunem:
905 1552 173 50 alioqui
1031 1552 173 50 debitor
1157 1552 110 50 est
1219 1552 94 50 in
1266 1552 126 50 mora
1345 1552 94 50 et
1392 1552 173 50 peccat,
1518 1552 79 50 a
1549 1552 188 50 fortiori
1690 1552 157 50 plures
1800 1552 173 50 peccant
1926 1552 173 50 alentes
2036 1552 94 50 sub¬-

428 1589 149 59 limem
528 1589 166 59 statum
644 1589 116 59 cum
710 1589 182 59 iactura
843 1589 182 59 aliena.
976 1589 100 59 Ad
1025 1589 182 59 tertium
1158 1589 182 59 dicitur
1291 1589 133 59 quod
1374 1589 133 59 siue
1457 1589 116 59 emo
1523 1589 149 59 equum
1622 1589 133 59 quem
1705 1589 149 59 credo
1805 1589 149 59 furis
1904 1589 216 59 vendentis
2054 1589 66 59 bo

430 1638 103 57 na
481 1638 137 57 fide
567 1638 137 57 siue
652 1638 137 57 mala
738 1638 154 57 fide,
841 1638 171 57 semper
961 1638 154 57 equus
1063 1638 120 57 est
1132 1638 137 57 veri
1218 1638 171 57 domini
1337 1638 171 57 capiet
1457 1638 154 57 equum
1560 1638 137 57 suum
1646 1638 223 57 vbicumque
1817 1638 205 57 inuentum
1954 1638 171 57 probatum

425 1682 144 61 suum:
521 1682 80 61 &
553 1682 192 61 actionem
697 1682 96 61 in
745 1682 144 61 furem
841 1682 176 61 habebo,
969 1682 128 61 quod
1049 1682 96 61 si
1097 1682 208 61 euaserit:
1257 1682 224 61 imposterum
1434 1682 160 61 discam
1546 1682 176 61 cautius
1674 1682 224 61 negociari.
1850 1682 128 61 plus
1930 1682 144 61 valet
2010 1682 112 61 empta

418 1735 136 57 satis
509 1735 197 57 sapientia
660 1735 121 57 quam
736 1735 121 57 data
812 1735 152 57 gratis
918 1735 91 57 vt
964 1735 197 57 referunt.
1115 1735 91 57 At
1161 1735 91 57 si
1206 1735 121 57 bona
1282 1735 121 57 fide
1358 1735 167 57 aliquid
1479 1735 106 57 emi
1540 1735 136 57 equum
1631 1735 106 57 aut
1691 1735 152 57 aliud,
1797 1735 167 57 credens
1919 1735 76 57 a
1949 1735 121 57 vero
2010 1735 121 57 domino

427 1781 157 59 emere
531 1781 122 59 cum
601 1781 227 59 veritatem
776 1781 210 59 agnouero
934 1781 157 59 equum
1039 1781 140 59 vero
1126 1781 175 59 domino
1249 1781 245 59 restituere
1441 1781 122 59 sum
1511 1781 227 59 obnoxius,
1686 1781 122 59 nec
1756 1781 175 59 possum
1878 1781 87 59 a
1913 1781 175 59 domino
2018 1781 105 59 pre¬-

420 1834 130 50 cium
501 1834 130 50 equi
583 1834 163 50 petere
697 1834 98 50 C.
746 1834 98 50 de
795 1834 130 50 fur.
876 1834 98 50 L.
925 1834 228 50 inciuilem.
1105 1834 179 50 durante
1235 1834 130 50 bona
1317 1834 130 50 fide
1398 1834 147 50 tamen
1496 1834 179 50 tenendo
1627 1834 179 50 alienum
1757 1834 114 50 non
1822 1834 163 50 pecco,
1937 1834 98 50 ex
1969 1834 147 50 ignoran

419 1871 114 65 tia
484 1871 260 65 inuincibili:
695 1871 146 65 credo
793 1871 130 65 enim
874 1871 130 65 esse
956 1871 146 65 meum,
1053 1871 81 65 &
1086 1871 114 65 sic
1151 1871 179 65 moriens
1281 1871 114 65 cum
1346 1871 163 65 alieno
1460 1871 114 65 non
1526 1871 163 65 pecco,
1639 1871 114 65 nec
1705 1871 163 65 teneor
1818 1871 179 65 fructus
1932 1871 212 65 consumptos.

421 1913 119 67 bona
496 1913 119 67 fide
570 1913 224 67 restituere.
750 1913 105 67 ii.
809 1913 90 67 de
854 1913 149 67 acqui.
959 1913 105 67 re.
1018 1913 105 67 do.
1078 1913 90 67 E.
1123 1913 134 67 bonae
1212 1913 149 67 fidei:
1317 1913 105 67 sed
1377 1913 164 67 fructus
1496 1913 179 67 extantes
1630 1913 105 67 vel
1690 1913 149 67 quanto
1795 1913 149 67 factus
1899 1913 105 67 sum
1944 1913 194 67 locupletior

422 1962 228 76 restituere
601 1962 114 76 sum
666 1962 228 76 obligatus.
845 1962 98 76 At
894 1962 98 76 si
943 1962 114 76 res
1008 1962 114 76 mea
1073 1962 98 76 in
1122 1962 147 76 manum
1220 1962 179 76 pereat,
1350 1962 114 76 non
1415 1962 212 76 restituam
1578 1962 130 76 quia
1660 1962 179 76 propter
1790 1962 147 76 bonam
1888 1962 147 76 fidem
1985 1962 114 76 non
2034 1962 98 76 eram

424 2002 96 70 in
472 2002 127 70 mora
551 2002 96 70 et
599 2002 96 70 si
647 2002 111 70 rem
711 2002 175 70 alienam
838 2002 111 70 non
902 2002 159 70 reddam
1013 2002 143 70 neque
1109 2002 191 70 pretium:
1252 2002 127 70 quia
1332 2002 175 70 pretium
1459 2002 111 70 rei
1523 2002 191 70 furtiuae
1666 2002 111 70 non
1730 2002 111 70 est
1794 2002 175 70 furtum.
1921 2002 127 70 fide
2001 2002 127 70 fur.
2064 2002 64 70 I.

432 2053 115 70 qui
497 2053 131 70 vas.
579 2053 181 70 Insuper
711 2053 164 70 possum
826 2053 197 70 retinere
974 2053 197 70 expensas
1122 2053 164 70 factas
1237 2053 99 70 ad
1286 2053 296 70 conseruationem
1532 2053 115 70 rei
1598 2053 115 70 vel
1664 2053 131 70 eius
1746 2053 296 70 meliorationem.
1992 2053 82 70 A
2009 2053 131 70 fortio

419 2112 99 56 ri
469 2112 99 56 si
519 2112 116 56 rem
585 2112 198 56 furtiuam
733 2112 132 56 mala
816 2112 132 56 fide
898 2112 116 56 emi
964 2112 132 56 quam
1047 2112 182 56 sciebam
1179 2112 116 56 vel
1245 2112 198 56 opinabar
1394 2112 132 56 esse
1476 2112 215 56 furtiuam,
1641 2112 182 56 tenebor
1773 2112 149 56 illam
1872 2112 132 56 vero
1955 2112 165 56 domino
2054 2112 99 56 pe¬¬-

430 2149 138 61 tenti
521 2149 199 61 conferre,
674 2149 107 61 vel
736 2149 92 61 eo
782 2149 107 61 non
843 2149 168 61 petente
965 2149 92 61 ei
1011 2149 138 61 dare,
1103 2149 107 61 cum
1164 2149 107 61 eum
1225 2149 122 61 esse
1302 2149 168 61 dominum
1424 2149 184 61 sciuero.
1562 2149 92 61 Et
1608 2149 138 61 illud
1699 2149 107 61 est
1761 2149 138 61 verum
1852 2149 92 61 de
1898 2149 153 61 primo,
1990 2149 153 61 secundo¬-

434 2201 155 65 tertio
543 2201 171 65 emptore
668 2201 93 65 et
714 2201 264 65 quamtuncumque
932 2201 171 65 remoto:
1056 2201 124 65 dato
1134 2201 124 65 quod
1212 2201 93 65 in
1258 2201 124 65 foro
1336 2201 249 65 communissimo
1538 2201 140 65 equus
1631 2201 109 65 sit
1693 2201 171 65 emptus.
1818 2201 93 65 Et
1864 2201 93 65 si
1911 2201 109 65 res
1973 2201 140 65 empta
2066 2201 78 65 a
2082 2201 62 65 me

443 2252 191 62 violentia
590 2252 103 62 aut
649 2252 132 62 furto
737 2252 206 62 auferatur,
899 2252 162 62 tenebor
1016 2252 103 62 rem
1075 2252 132 62 ipsam
1163 2252 206 62 restituere
1325 2252 176 62 secundum
1457 2252 162 62 optimum
1574 2252 147 62 statum
1677 2252 88 62 in
1721 2252 103 62 quo
1780 2252 132 62 erat.
1868 2252 88 62 de
1912 2252 147 62 resti,
2000 2252 118 62 spoli.

423 2294 112 58 ca.
487 2294 176 58 grauis.
615 2294 112 58 Fur
679 2294 160 58 semper
792 2294 112 58 est
856 2294 96 58 in
904 2294 144 58 mora.
1000 2294 128 58 iti.
1080 2294 96 58 de
1128 2294 160 58 condi.
1240 2294 128 58 fur,
1321 2294 128 58 nisi
1401 2294 128 58 vero
1481 2294 112 58 dmo
1545 2294 112 58 rei
1609 2294 112 58 rem
1673 2294 192 58 furtiuam
1817 2294 208 58 obtulerim
1978 2294 128 58 quam
2042 2294 96 58 ipse

436 2340 195 63 recusauit
586 2340 195 63 recipere:
737 2340 120 63 tunc
812 2340 105 63 eum
872 2340 165 63 purgaui
992 2340 135 63 moram
1082 2340 75 63 &
1112 2340 120 63 tunc
1187 2340 90 63 si
1232 2340 135 63 equus
1323 2340 120 63 siue
1398 2340 105 63 mea
1458 2340 135 63 culpa
1548 2340 150 63 pereat
1653 2340 105 63 eum
1713 2340 210 63 restituere
1879 2340 105 63 non
1939 2340 180 63 tenebor,
2059 2340 75 63 nec

429 2393 168 60 precium
551 2393 122 60 loco
627 2393 137 60 eius:
719 2393 107 60 non
780 2393 122 60 enim
856 2393 137 60 pecco
948 2393 92 60 in
993 2393 137 60 mora.
1085 2393 168 60 Insuper
1207 2393 137 60 omnes
1299 2393 168 60 fructus
1421 2393 198 60 perceptos
1573 2393 92 60 et
1619 2393 107 60 qui
1680 2393 168 60 percipi
1802 2393 168 60 possunt
1924 2393 214 60 restituam.
2077 2393 61 60 Pa

439 2447 108 57 tet
500 2447 123 57 per.
577 2447 108 57 ca.
638 2447 154 57 grauis
746 2447 200 57 nominatim
900 2447 108 57 nec
961 2447 169 57 precium
1084 2447 138 57 vllum
1176 2447 77 57 a
1207 2447 108 57 dmo
1268 2447 108 57 rei
1330 2447 154 57 petere
1437 2447 184 57 possunt.
1576 2447 92 57 Ad
1622 2447 169 57 quartum
1745 2447 123 57 dico
1821 2447 123 57 quod
1898 2447 123 57 bona
1960 2447 184 57 ecclesiae¬-

428 2486 155 63 partim
537 2486 202 63 ministris
693 2486 249 63 seruientibus
895 2486 155 63 dantur
1003 2486 109 63 pro
1066 2486 140 63 eorum
1159 2486 202 63 alimonia,
1314 2486 155 63 partim
1423 2486 155 63 dantur
1532 2486 109 63 eis
1594 2486 171 63 tanquam
1718 2486 202 63 fidelibus
1858 2486 280 63 dispensatoribus,

436 2533 94 65 vt
483 2533 110 65 res
546 2533 204 65 ecclesiae
704 2533 94 65 in
751 2533 126 65 pios
829 2533 126 65 vsus
908 2533 204 65 exponant,
1065 2533 94 65 vt
1113 2533 94 65 in
1160 2533 142 65 aedis
1254 2533 110 65 deo
1317 2533 173 65 dicatae
1443 2533 252 65 reparationem
1647 2533 236 65 structuram,
1836 2533 110 65 aut
1899 2533 94 65 in
1931 2533 204 65 eleemosinam

440 2579 187 57 inopibus,
583 2579 144 57 quorum
684 2579 144 57 patres
785 2579 115 57 esse
857 2579 158 57 debent,
972 2579 129 57 sicut
1058 2579 72 57 a
1087 2579 187 57 principio
1231 2579 129 57 erant
1317 2579 101 57 cum
1375 2579 129 57 dotes
1461 2579 187 57 ecclesiae
1605 2579 201 57 creuerunt:
1763 2579 115 57 tunc
1835 2579 115 57 dico
1907 2579 115 57 quod
1979 2579 129 57 licet
2051 2579 72 57 pec

428 2626 128 64 cent
508 2626 96 64 in
556 2626 145 64 parte
653 2626 177 64 bonorum
781 2626 128 64 quae
861 2626 193 64 sufficit
1006 2626 193 64 ministro
1151 2626 112 64 pro
1215 2626 112 64 sua
1279 2626 80 64 &
1311 2626 161 64 suorum
1423 2626 273 64 sustentatione
1648 2626 241 64 competenti,
1841 2626 145 64 tamen
1937 2626 177 64 profuse
2050 2626 80 64 ex¬-

449 2683 170 56 positum
572 2683 217 56 restituere
743 2683 93 56 vt
789 2683 124 56 reor
867 2683 108 56 non
929 2683 108 56 est
991 2683 201 56 obnoxius.
1146 2683 93 56 In
1192 2683 170 56 reliqua
1316 2683 139 56 parte
1409 2683 124 56 quae
1486 2683 108 56 est
1548 2683 139 56 vltra
1641 2683 248 56 sufficientem
1843 2683 124 56 vsum
1920 2683 108 56 non
1982 2683 139 56 solum
2060 2683 77 56 pec

431 2722 108 59 cat
492 2722 169 59 prodige
615 2722 215 59 exponendo,
784 2722 108 59 sed
846 2722 169 59 profuse
968 2722 200 59 expositum
1122 2722 215 59 restituere
1291 2722 231 59 deuincitur.
1476 2722 123 59 hoc.
1552 2722 92 59 a.
1599 2722 108 59 xt.
1660 2722 138 59 annis
1752 2722 169 59 elapsis
1875 2722 92 59 in
1906 2722 215 59 sententiarum

434 2765 167 69 quartum
555 2765 167 69 ostendi
677 2765 212 69 seriosius,
843 2765 137 69 quare
934 2765 121 69 nunc
1010 2765 152 69 raptim
1117 2765 228 69 pertranseo,
1299 2765 121 69 vnde
1374 2765 106 69 fit
1435 2765 91 69 vt
1481 2765 197 69 aliquando
1632 2765 182 69 quispiam
1769 2765 91 69 ad
1814 2765 243 69 restituendum
1996 2765 137 69 prodige

427 2819 187 66 expositum
571 2819 101 66 non
628 2819 101 66 sit
686 2819 202 66 obligatus:
845 2819 130 66 patet
931 2819 101 66 cum
989 2819 216 66 sacerdotium
1162 2819 115 66 eius
1234 2819 101 66 non
1292 2819 173 66 sufficit
1421 2819 115 66 plus
1494 2819 115 66 quam
1566 2819 130 66 ipsum
1652 2819 130 66 etiam
1739 2819 216 66 competenter
1912 2819 144 66 alere.
2013 2819 115 66 vero
2070 2819 58 66 si

431 2860 126 84 mile
510 2860 126 84 enim
589 2860 111 84 est
653 2860 126 84 tale
732 2860 237 84 sacerdotium
921 2860 190 84 mediocre
1064 2860 126 84 esse
1143 2860 190 84 collatum
1285 2860 111 84 pro
1348 2860 190 84 famulatu
1490 2860 79 84 &
1522 2860 269 84 sustentatione
1743 2860 142 84 talis
1822 2860 111 84 viri.

875 2909 295 76 Lib.
1060 2909 184 76 V
1133 2909 369 76 Tract.
1391 2909 221 76 I.
1502 2909 295 76 Cap.
1650 2909 148 76 V.

699 2939 211 101 Fldetur
852 2939 173 101 autem
967 2939 249 101 nonnullis
1159 2939 96 101 &
1197 2939 153 101 ipsa
1293 2939 230 101 repassio
1466 2939 288 101 simpliciter
1696 2939 153 101 esse
1792 2939 211 101 iustum,
1945 2939 115 101 vt
1984 2939 134 101 Pytha

724 3025 194 82 gorici
859 3025 290 82 censuerunt.
1091 3025 135 82 Qui
1169 3025 194 82 quidem
1304 3025 232 82 absolute
1478 3025 310 82 diffinientes
1730 3025 213 82 iustum,
1865 3025 252 82 repassionem

735 3072 95 91 T
773 3072 152 91 esse
868 3072 247 91 dicebant:
1058 3072 171 91 verum
1172 3072 228 91 repassio
1343 3072 133 91 nec
1419 3072 114 91 ad
1476 3072 323 91 distributiuum
1742 3072 209 91 iustum,
1894 3072 133 91 nec
1970 3072 114 91 ad
2008 3072 114 91 emen

739 3133 212 84 datiuum
893 3133 96 84 a
932 3133 309 84 ccommodatur.
1182 3133 212 84 Qamquam
1336 3133 231 84 eamipsam
1510 3133 96 84 &
1549 3133 270 84 Rhadamanti
1761 3133 193 84 ipsius
1896 3133 193 84 iustum
2011 3133 116 84 asse

737 3191 160 79 runt
817 3191 140 79 esse.

579 3230 170 102 EtSa.
693 3230 114 102 Si
750 3230 152 102 quae
844 3230 227 102 fecerit,
1015 3230 152 102 haec
1109 3230 170 102 etiam
1223 3230 227 102 patietur
1393 3230 95 102 &
1412 3230 133 102 ipse.
