2357 3603
175 270 222 95 ludicium
342 270 185 95 fuerit
472 270 259 95 perrectum,
676 270 167 95 atque
787 270 185 95 exitus
898 270 167 95 aequus.

182 330 99 90 ⁋
222 330 237 90 Persaepe
400 330 158 90 enim
499 330 277 90 discrepat,
716 330 138 90 nam
795 330 119 90 si
855 330 138 90 qui
934 330 297 90 magistratum
1171 330 198 90 gerens
1310 330 297 90 percusserit
1547 330 257 90 quempiam:
1745 330 138 90 non
1804 330 99 90 de¬-

179 415 129 67 cet
252 415 129 67 eum
326 415 257 67 repercuri.
527 415 110 67 Et
583 415 110 67 si
638 415 220 67 quispiam
803 415 129 67 eum
876 415 129 67 qui
950 415 275 67 magistratum
1170 415 165 67 gerit
1280 415 294 67 percusserit:
1519 415 110 67 is
1574 415 129 67 non
1647 415 165 67 solum
1739 415 147 67 reper¬-

176 470 247 65 cutiendus
366 470 152 65 est,
461 470 171 65 verum
575 470 171 65 etiam
689 470 247 65 supplicio
879 470 304 65 afficiendus.
1126 470 247 65 Praeterea
1316 470 190 65 multum
1449 470 171 65 inter
1563 470 114 65 se
1620 470 266 65 differunt,
1810 470 76 65 id

183 523 152 70 quod
278 523 209 70 sponte:
430 523 95 70 &
468 523 114 70 id
525 523 152 70 quod
621 523 209 70 inuitus
773 523 228 70 quispiam
944 523 190 70 fecit.
1077 523 133 70 Sed
1153 523 114 70 in
1210 523 304 70 societatibus
1458 523 323 70 commerciorum,
1724 523 152 70 tale
1800 523 76 70 iu

190 578 158 82 stum
289 578 256 82 Crepassio
486 578 217 82 inquam)
644 578 138 82 per
722 578 335 82 comparationem
998 578 256 82 rationum,
1195 578 99 82 &
1235 578 138 82 non
1314 578 138 82 per
1392 578 315 82 aequalitatem
1649 578 236 82 continet
1806 578 79 82 ci

191 639 230 74 uitatem.
363 639 211 74 Ciuitas
517 639 153 74 enim
613 639 134 74 tum
689 639 307 74 conseruatur:
939 639 134 74 cum
1015 639 268 74 retributio
1226 639 134 74 fit
1303 639 115 74 vt
1360 639 268 74 comparatio
1571 639 230 74 flagitat
1725 639 153 74 ratio¬-

187 699 153 56 num.
283 699 134 56 Nam
359 699 211 56 homines
513 699 134 56 aut
589 699 211 56 reddere
743 699 172 56 malum
857 699 249 56 quaerunt,
1049 699 153 56 quod
1145 699 115 56 ni
1202 699 211 56 faciant
1356 699 230 56 seruitus
1528 699 153 56 esse
1624 699 230 56 videtur:
1777 699 96 56 aut

180 751 215 61 retribui
342 751 144 61 sibi
431 751 179 61 bonum,
557 751 144 61 quod
647 751 144 61 nisi
736 751 162 61 fiat,
844 751 162 61 actus
952 751 179 61 dandi,
1077 751 305 61 beneficiumque
1329 751 126 61 non
1400 751 144 61 fit.
1490 751 108 61 At
1544 751 233 61 ciuitates
1723 751 126 61 his
1777 751 108 61 con¬-

187 800 290 70 seruantur.
415 800 269 70 Quamobrem
622 800 104 70 &
663 800 269 70 Gratiarum
871 800 228 70 templum
1036 800 124 70 in
1098 800 248 70 ciuitate
1285 800 186 70 media
1409 800 248 70 condunt,
1595 800 124 70 vt
1637 800 248 70 retributio

194 852 147 73 sit:
285 852 129 73 hoc
359 852 147 73 enim
451 852 202 73 gratiae
598 852 220 73 proprium
763 852 147 73 est.
855 852 129 73 Nam
928 852 110 73 is
983 852 129 73 qui
1057 852 239 73 suscepit,
1240 852 294 73 subministret
1479 852 239 73 vicissim:
1663 852 92 73 &
1699 852 129 73 qui
1754 852 129 73 minus

186 917 240 70 contulit,
370 917 92 70 &
407 917 148 70 ipse
500 917 185 70 rursus
629 917 222 70 incipiat
795 917 222 70 conferre
962 917 222 70 oportet.
1128 917 259 70 Coniunctio
1331 917 166 70 autem
1442 917 148 70 quae
1535 917 129 70 per
1609 917 240 70 diametium
1775 917 111 70 est.

187 973 158 65 facit
293 973 123 65 eam
363 973 298 65 retributionem
608 973 140 65 quae
695 973 123 65 per
765 973 298 65 comparationem
1011 973 210 65 rationum
1168 973 245 65 efficitur:
1361 973 123 65 hoc
1431 973 175 65 pacto.
1554 973 123 65 Sit
1624 973 263 65 aedificator
1816 973 88 65 qui

196 1031 130 64 dem
271 1031 112 64 a,
327 1031 168 64 sutor
438 1031 168 64 autem
550 1031 112 64 b.
606 1031 168 64 domus
718 1031 112 64 in
774 1031 112 64 c,
829 1031 93 64 &
867 1031 205 64 calceus
1016 1031 261 64 collocetur
1220 1031 112 64 in
1258 1031 74 64 di

819 1085 94 72 ⁋
857 1085 319 72 Aedificatorem
1120 1085 188 72 igitur
1251 1085 113 72 ab
1308 1085 188 72 sutore
1439 1085 225 72 accipere
1608 1085 150 72 opus
1702 1085 207 72 illius,
1834 1085 56 72 &

808 1142 167 78 ipsum
920 1142 148 78 illi
1013 1142 148 78 suum
1105 1142 148 78 dare
1198 1142 223 78 oportet.
1365 1142 111 78 Si
1421 1142 186 78 igitur
1551 1142 186 78 primum
1681 1142 130 78 sit
1755 1142 111 78 id
1792 1142 93 78 iu¬-

807 1195 160 78 stum
907 1195 160 78 quod
1007 1195 320 78 comparatione
1267 1195 240 78 rationum
1447 1195 140 78 est
1527 1195 220 78 aequum:
1687 1195 200 78 deinde
1807 1195 80 78 re

812 1260 173 69 passio
933 1260 190 69 fuerit:
1071 1260 138 69 erit
1157 1260 138 69 quod
1243 1260 207 69 dicitur,
1399 1260 121 69 sin
1468 1260 173 69 minus,
1589 1260 121 69 non
1658 1260 138 69 erit
1727 1260 155 69 aequum:

820 1314 171 59 neque
934 1314 247 59 constabit
1124 1314 247 59 societas.
1314 1314 171 59 Nihil
1428 1314 152 59 enim
1523 1314 228 59 prohibet
1694 1314 171 59 vnius
1789 1314 114 59 opus

809 1366 206 69 alterius
963 1366 154 69 opere
1066 1366 292 69 praestabilius
1307 1366 154 69 esse:
1409 1366 137 69 haec
1495 1366 172 69 igitur
1615 1366 103 69 ad
1650 1366 240 69 aequalitatem

807 1426 263 71 redigantur
1014 1426 226 71 oportet.
1183 1426 132 71 Est
1258 1426 169 71 autem
1371 1426 132 71 hoc
1447 1426 94 71 &
1484 1426 113 71 in
1541 1426 226 71 caeteris
1691 1426 188 71 artibus.

807 1478 190 65 Etenim
940 1478 95 65 e
978 1478 171 65 medio
1092 1478 303 65 tollerentur,
1338 1478 152 65 nisi
1433 1478 171 65 agens
1547 1478 209 65 ageret,
1698 1478 95 65 &
1717 1478 171 65 quantum

813 1533 97 65 &
851 1533 194 65 quale:
987 1533 97 65 &
1026 1533 213 65 patiens
1181 1533 252 65 pateretur
1375 1533 136 65 hoc
1452 1533 97 65 &
1491 1533 213 65 tantum,
1646 1533 97 65 &
1685 1533 175 65 tale.
1782 1533 97 65 Non

802 1593 151 62 enim
896 1593 189 62 duobus
1028 1593 113 62 ex
1085 1593 207 62 medicis
1236 1593 132 62 fit
1311 1593 245 62 societas,
1500 1593 132 62 sed
1575 1593 113 62 ex
1632 1593 189 62 medico
1745 1593 132 62 atque

806 1653 241 53 agricola:
992 1653 93 53 &
1029 1653 111 53 ex
1084 1653 222 53 diuersis
1251 1653 204 53 omnino,
1399 1653 111 53 ac
1455 1653 148 53 inae
1548 1653 278 53 quabilibus.
1751 1653 130 53 Verum

812 1698 113 76 hi
869 1698 263 76 redigantur
1075 1698 113 76 ad
1131 1698 300 76 aequalitatem
1375 1698 225 76 oportet.
1544 1698 263 76 Quapropter
1750 1698 113 76 ea
1787 1698 94 76 vni

812 1764 173 69 uersa
927 1764 192 69 quorum
1062 1764 135 69 est
1139 1764 269 69 permutatio
1350 1764 173 69 inter
1466 1764 154 69 sese
1562 1764 308 69 comparabilia
1793 1764 96 69 quo

806 1821 224 68 dammodo
968 1821 163 68 esse
1070 1821 244 68 oportet.
1253 1821 142 68 Pro
1335 1821 142 68 quo
1416 1821 203 68 nummus
1558 1821 122 68 in
1620 1821 163 68 vsum
1701 1821 183 68 hominum

199 1873 197 67 venit.
337 1873 99 67 &
377 1873 138 67 fit
456 1873 276 67 quodammodo
673 1873 217 67 medium.
831 1873 217 67 metitur
988 1873 158 67 enim
1087 1873 217 67 cuncta:
1245 1873 178 67 quare
1363 1873 99 67 &
1403 1873 296 67 excessionem
1639 1873 178 67 atque
1738 1873 138 67 defe¬-

187 1939 227 52 ctionem:
358 1939 208 52 quotnam
509 1939 189 52 calcei
642 1939 170 52 domui
755 1939 133 52 vel
831 1939 189 52 victui
964 1939 152 52 sunt
1058 1939 246 52 aequales.
1248 1939 208 52 Oportet
1399 1939 189 52 igitur
1532 1939 152 52 quot
1627 1939 133 52 est
1684 1939 208 52 aedifica¬-

194 1983 126 67 tor
266 1983 108 67 ad
320 1983 215 67 sutorem:
481 1983 126 67 tot
553 1983 126 67 pro
625 1983 162 67 domo,
733 1983 126 67 vel
805 1983 215 67 alimento
966 1983 198 67 calceos
1110 1983 162 67 esse.
1218 1983 126 67 Qua
1289 1983 108 67 si
1343 1983 126 67 hoc
1415 1983 126 67 non
1487 1983 198 67 fuerit,
1631 1983 126 67 non
1702 1983 144 67 erit
1774 1983 108 67 per¬-

189 2046 229 67 mutatio,
360 2046 171 67 neque
475 2046 248 67 societas.
665 2046 133 67 Hoc
741 2046 171 67 autem
856 2046 133 67 non
932 2046 171 67 erit,
1046 2046 114 67 si
1103 2046 133 67 non
1179 2046 171 67 aequa
1294 2046 267 67 quodammodo
1503 2046 229 67 fuerint,
1675 2046 210 67 oportet
1808 2046 76 67 er

188 2088 118 82 go
247 2088 197 82 aliquo
386 2088 138 82 vno
465 2088 257 82 mensurari
662 2088 217 82 cuncta:
820 2088 178 82 sicut
938 2088 99 82 &
978 2088 118 82 ea
1037 2088 178 82 antea
1156 2088 237 82 diximus.
1333 2088 138 82 Hoc
1412 2088 178 82 autem
1531 2088 138 82 est
1610 2088 197 82 reuera
1728 2088 158 82 quidem

196 2156 258 67 indigentia
398 2156 166 67 ipsa:
509 2156 147 67 quae
601 2156 166 67 omnia
712 2156 240 67 continet.
896 2156 129 67 Nam
970 2156 111 67 si
1025 2156 129 67 non
1099 2156 258 67 indigeant,
1301 2156 129 67 aut
1375 2156 129 67 non
1449 2156 258 67 similiter:
1651 2156 129 67 non
1725 2156 147 67 erit
1799 2156 92 67 per

189 2210 223 63 mutatio:
357 2210 130 63 aut
431 2210 130 63 non
505 2210 167 63 eadem
617 2210 167 63 erit.
728 2210 186 63 Nummus
859 2210 167 63 autem
970 2210 112 63 ex
1026 2210 242 63 instituto
1212 2210 186 63 factus
1342 2210 149 63 est:
1435 2210 112 63 vt
1491 2210 130 63 pro
1565 2210 260 63 indigentia
1769 2210 130 63 sit
1825 2210 56 63 &

202 2267 243 66 propterea
389 2267 168 66 nomen
502 2267 131 66 hoc
576 2267 187 66 habet,
707 2267 150 66 quod
801 2267 131 66 non
876 2267 187 66 natura
1007 2267 224 66 constat:
1175 2267 131 66 sed
1250 2267 168 66 lege.
1362 2267 112 66 Et
1418 2267 112 66 in
1474 2267 168 66 nobis
1587 2267 131 66 est
1662 2267 168 66 situm
1755 2267 131 66 ipsum

196 2314 180 72 mutare
322 2314 162 72 atque
430 2314 216 72 inutilem
592 2314 198 72 facere.
735 2314 144 72 Erit
825 2314 180 72 igitur
951 2314 144 72 tunc
1041 2314 234 72 repassio:
1221 2314 126 72 cum
1293 2314 198 72 redacta
1437 2314 198 72 fuerint
1580 2314 108 72 in
1616 2314 270 72 aequalitatem:

203 2376 108 82 vt
257 2376 144 82 quod
347 2376 126 82 est
419 2376 108 82 ad
473 2376 198 82 sutorem
617 2376 234 82 agricola,
797 2376 108 82 id
851 2376 126 82 sit
923 2376 144 82 opus
1013 2376 198 82 sutoris
1158 2376 108 82 ad
1212 2376 234 82 agricolae
1392 2376 162 82 opus.
1500 2376 198 82 Oportet
1644 2376 162 82 autem
1752 2376 108 82 in
1788 2376 90 82 fi¬-

188 2429 175 75 guram
304 2429 330 75 comparationis
576 2429 233 75 rationum
750 2429 213 75 ducere,
906 2429 136 75 cum
983 2429 252 75 permutare
1177 2429 272 75 voluerint:
1391 2429 136 75 sin
1468 2429 175 75 minus
1585 2429 213 75 alterum
1721 2429 155 75 extre¬-

195 2483 125 69 mum
266 2483 214 69 excessus
427 2483 196 69 habebit
570 2483 232 69 vtrosque.
748 2483 125 69 Sed
819 2483 125 69 cum
891 2483 178 69 habent
1015 2483 143 69 sua,
1104 2483 125 69 sic
1176 2483 214 69 aequales
1336 2483 89 69 &
1372 2483 160 69 socii
1479 2483 160 69 sunt:
1586 2483 143 69 quia
1675 2483 143 69 haec
1746 2483 143 69 aequa¬-

196 2538 160 65 litas
303 2538 106 65 in
356 2538 160 65 ipsis
462 2538 160 65 fieri
569 2538 195 65 potest.
711 2538 160 65 Atque
817 2538 124 65 sit
888 2538 213 65 agricola
1048 2538 177 65 quidem
1172 2538 106 65 a,
1225 2538 89 65 &
1261 2538 231 65 alimentum
1438 2538 106 65 c.
1492 2538 160 65 Sutor
1598 2538 160 65 autem
1705 2538 106 65 b.
1758 2538 89 65 &
1776 2538 106 65 opus

197 2598 179 65 ipsius
322 2598 143 65 quod
411 2598 107 65 in
465 2598 286 65 aequalitatem
697 2598 125 65 iam
769 2598 125 65 est
840 2598 214 65 redactum
1001 2598 161 65 dquod
1108 2598 107 65 si
1162 2598 125 65 hoc
1233 2598 161 65 pacto
1340 2598 125 65 non
1412 2598 161 65 esset
1519 2598 232 65 repassio,
1697 2598 125 65 non
1751 2598 125 65 esset

199 2654 149 81 sane
274 2654 205 81 societas.

1388 2691 186 81 p

475 2682 238 103 Agricola

1123 2689 181 97 Sutor

746 2688 219 85 A

471 2766 322 77 Alimentum.

1130 2768 200 77 Calcei

770 2767 201 69 C

193 2876 104 68 ⁋
235 2876 186 68 Ipsam
359 2876 186 68 autem
483 2876 311 68 indigentiam
732 2876 290 68 continere,
959 2876 124 68 vt
1021 2876 228 68 quiddam
1187 2876 186 68 vnum,
1311 2876 145 68 hoc
1394 2876 166 68 sane
1498 2876 269 68 declarat.
1705 2876 145 68 Cum
1767 2876 124 68 enim

195 2938 130 71 aut
270 2938 148 71 ambo
362 2938 148 71 sese
455 2938 130 71 non
529 2938 223 71 indigent
696 2938 185 71 mutuo,
826 2938 130 71 aut
900 2938 185 71 alter:
1030 2938 130 71 non
1104 2938 130 71 fit
1178 2938 278 71 permutatio,
1401 2938 167 71 sicut
1512 2938 148 71 fit,
1605 2938 130 71 cum
1679 2938 148 71 eius
1753 2938 130 71 quis¬-

193 2990 160 74 piam
293 2990 220 74 indiget
453 2990 160 74 quod
554 2990 180 74 habet
674 2990 180 74 ipse:
794 2990 120 74 vt
854 2990 180 74 vini,
974 2990 140 74 pro
1055 2990 140 74 quo
1135 2990 140 74 dat
1215 2990 160 74 ille
1315 2990 240 74 triticum
1495 2990 321 74 exportandum.
1736 2990 140 74 Opor¬-

192 3054 130 70 tet
267 3054 186 70 igitur
397 3054 149 70 haec
490 3054 186 70 redigi
620 3054 111 70 ad
675 3054 279 70 qualitatem.
898 3054 149 70 quod
991 3054 111 70 si
1047 3054 149 70 nunc
1140 3054 130 70 non
1214 3054 242 70 indigeat:
1400 3054 186 70 nummus
1530 3054 167 70 quasi
1641 3054 130 70 vas
1697 3054 186 70 interce¬-

198 3105 130 63 dit
273 3105 130 63 pro
347 3105 297 63 permuratione
588 3105 204 63 futura:
736 3105 130 63 eam
810 3105 111 63 si
866 3105 148 63 ipsa
959 3105 260 63 indiguerit
1163 3105 167 63 fore.
1274 3105 185 63 Liceat
1404 3105 148 63 enim
1497 3105 204 63 oportet
1645 3105 148 63 hunc
1719 3105 167 63 afferen

199 3167 110 69 ti
254 3167 239 69 accipere.
437 3167 202 69 Patitur
584 3167 184 69 igitur
713 3167 147 69 idem
805 3167 92 69 &
841 3167 165 69 ipse.
952 3167 129 69 Non
1025 3167 147 69 enim
1117 3167 184 69 semper
1246 3167 202 69 aequale
1392 3167 202 69 potest:
1539 3167 202 69 attamen
1686 3167 165 69 magis
1778 3167 92 69 ip¬-

190 3213 105 78 se
242 3213 244 78 persistere
434 3213 174 78 solet.
556 3213 192 78 Iccirco
695 3213 244 78 diffinitae
887 3213 140 78 sint
974 3213 174 78 precio
1097 3213 122 78 res
1166 3213 157 78 omnes
1271 3213 209 78 oportet:
1428 3213 122 78 sic
1498 3213 140 78 enim
1585 3213 140 78 erit
1655 3213 209 78 permutatio

201 3271 189 76 semper:
338 3271 137 76 quae
424 3271 103 76 si
475 3271 103 76 si
527 3271 154 76 erit,
630 3271 206 76 societas
784 3271 154 76 erit.
887 3271 154 76 Numus
990 3271 172 76 igitur
1110 3271 120 76 (vt
1179 3271 206 76 mensura)
1334 3271 120 76 res
1402 3271 154 76 ipsas
1505 3271 223 76 metiendo,
1677 3271 189 76 redigit
1814 3271 103 76 ad
1849 3271 51 76 p
