2355 3602
178 270 143 94 cepti
274 270 255 94 vniuersalis.
480 270 143 94 Dicit
576 270 159 94 litera
687 270 239 94 vnumquodque
878 270 143 94 autem
974 270 191 94 iustorum
1117 270 80 94 &
1149 270 239 94 legitimorum
1340 270 95 94 vt
1388 270 223 94 vniuersale
1563 270 95 94 se
1611 270 143 94 habet
1706 270 95 94 ad
1738 270 159 94 singula.

178 347 118 63 hoc
245 347 118 63 est
313 347 252 63 singularia:
514 347 168 63 etenim
632 347 101 63 ea
683 347 134 63 quae
767 347 185 63 aguntur
901 347 134 63 sunt
985 347 168 63 multa.
1103 347 219 63 Exequutio
1271 347 286 63 praeceptionis
1506 347 118 63 est
1574 347 151 63 circa
1674 347 168 63 multa,
1775 347 118 63 vnun¬-

188 383 174 73 quodque
315 383 142 73 autem
409 383 174 73 illorum
536 383 111 73 est
599 383 142 73 vnum.
694 383 111 73 Est
757 383 126 73 enim
836 383 221 73 vniuersale
1010 383 95 73 vt
1057 383 174 73 reddere
1183 383 205 73 depositum
1341 383 111 73 est
1404 383 142 73 vnum:
1499 383 221 73 succurrere
1673 383 205 73 indigenti
1815 383 79 73 est

197 451 144 47 vnum:
293 451 128 47 quia
373 451 144 47 circa
469 451 240 47 vniuersale,
660 451 112 47 sed
724 451 192 47 impletio
868 451 80 47 &
900 451 208 47 exequutio
1059 451 160 47 illius
1171 451 144 47 iuris
1267 451 112 47 est
1331 451 144 47 circa
1427 451 240 47 singularia,
1618 451 128 47 quae
1698 451 128 47 sunt
1762 451 128 47 multa.

201 483 105 63 vel
261 483 120 63 sic.
336 483 135 63 lusta
425 483 194 63 naturalia
575 483 120 63 siue
650 483 194 63 instituta
799 483 179 63 bifariam
934 483 269 63 considerantur,
1158 483 105 63 vel
1218 483 90 63 vt
1263 483 194 63 praecepta
1412 483 75 63 &
1442 483 105 63 sic
1502 483 120 63 sunt
1577 483 239 63 vniuersalia,
1771 483 90 63 vt
1801 483 90 63 red¬-

191 521 122 71 dere
267 521 199 71 depositum
420 521 92 71 in
466 521 230 71 vniuersali:
650 521 107 71 non
711 521 184 71 loquendo
849 521 92 71 de
895 521 184 71 deposito
1033 521 184 71 Socratis
1170 521 107 71 aut
1232 521 199 71 Platonis,
1385 521 77 71 &
1415 521 107 71 ita
1477 521 92 71 de
1523 521 138 71 aliis
1614 521 138 71 legum
1691 521 199 71 praeceptis.

203 569 111 71 Vel
267 569 174 71 possunt
393 569 238 71 considerari
583 569 95 71 vt
631 569 174 71 operata
757 569 79 71 &
789 569 269 71 praeceptionum
1011 569 269 71 exequutiones,
1233 569 79 71 &
1264 569 111 71 sic
1328 569 127 71 sunt
1407 569 158 71 multa:
1518 569 127 71 quia
1597 569 127 71 sunt
1676 569 143 71 circa
1755 569 127 71 singu¬-

193 615 152 82 laria.
299 615 137 82 Patet
391 615 137 82 adhuc
482 615 183 82 exemplo:
620 615 107 82 non
681 615 229 82 praecipitur
864 615 168 82 Socrati
986 615 183 82 reuereri
1123 615 183 82 parentes
1260 615 137 82 neque
1351 615 168 82 Socrati
1473 615 168 82 tantum,
1595 615 107 82 sed
1656 615 213 82 praeceptio
1809 615 76 82 est

201 665 239 68 vniuersalis,
395 665 194 68 exequutio
545 665 105 68 est
605 665 239 68 singularium:
799 665 164 68 alioqui
918 665 209 68 vniuersali
1083 665 105 68 num
1143 665 120 68 quam
1217 665 269 68 satiffacerent.
1442 665 120 68 Post
1516 665 120 68 haec
1591 665 135 68 ponit
1666 665 209 68 differentiam

194 711 133 70 inter
283 711 178 70 iniustum
417 711 193 70 iniuriam,
565 711 163 70 iustum,
683 711 74 70 &
713 711 119 70 ius.
787 711 104 70 Nam
846 711 178 70 iniustum
980 711 163 70 dicitur
1098 711 133 70 illud
1187 711 104 70 aut
1247 711 148 70 natura
1350 711 104 70 aut
1410 711 193 70 instituto
1558 711 148 70 alteri
1662 711 104 70 non
1706 711 178 70 faciendum.

200 763 109 70 hoc
263 763 109 70 est
325 763 109 70 per
388 763 141 70 legem
481 763 172 70 naturae
606 763 109 70 aut
669 763 203 70 positiuam
825 763 187 70 vetitum,
966 763 141 70 etiam
1059 763 187 70 antequam
1200 763 187 70 operatum
1340 763 125 70 est.
1418 763 172 70 Dicimus
1543 763 125 70 enim
1622 763 125 70 ante
1700 763 172 70 hominem
1809 763 78 70 in¬-

191 806 218 70 teremptum,
363 806 187 70 iniustum
503 806 109 70 est
565 806 233 70 authoritate
752 806 171 70 priuata
876 806 187 70 occidere
1016 806 187 70 hominem:
1156 806 93 70 et
1203 806 109 70 dum
1265 806 156 70 factum
1374 806 109 70 est
1436 806 171 70 iniuria
1561 806 187 70 dicitur.
1701 806 109 70 Non
1763 806 124 70 enim
1825 806 78 70 di¬-

201 855 134 65 cimus
291 855 164 65 cuipiam
410 855 179 65 iniuriam
544 855 149 65 factam
648 855 119 65 nisi
723 855 119 65 post
797 855 149 65 operis
901 855 253 65 completionem.
1110 855 119 65 Opus
1185 855 134 65 fieri
1274 855 164 65 debitum
1393 855 134 65 etiam
1483 855 104 65 non
1542 855 149 65 factum
1647 855 164 65 dicitur
1751 855 134 65 iustum.

198 901 157 70 Dicimus
312 901 114 70 enim
383 901 142 70 iustum
482 901 100 70 est
539 901 100 70 hoc
596 901 142 70 facere
696 901 171 70 antequam
824 901 128 70 ipsum
909 901 171 70 feceris.
1037 901 128 70 ipsum
1123 901 128 70 autem
1208 901 142 70 factum
1308 901 157 70 dicitur
1421 901 114 70 ius.
1493 901 100 70 lus
1550 901 142 70 iustum
1649 901 228 70 praesupponit
1820 901 71 70 non

193 964 128 61 autem
278 964 157 61 contra:
392 964 143 61 iustum
492 964 86 61 ad
535 964 114 61 opus
606 964 171 61 redactum
735 964 157 61 dicitur
849 964 114 61 ius.
920 964 143 61 lustum
1020 964 100 61 est
1077 964 185 61 dimittere
1220 964 171 61 legatos,
1348 964 171 61 postquam
1476 964 214 61 dimittuntur
1648 964 157 61 vocatur
1762 964 114 61 ius.
1819 964 71 61 At¬-

191 994 146 73 tamen
288 994 113 73 pro
353 994 130 73 omni
434 994 146 73 iusto
531 994 130 73 actu
612 994 113 73 hoc
677 994 130 73 modo
758 994 178 73 dicendi
887 994 178 73 vtimur.
1017 994 113 73 Cum
1081 994 146 73 iudex
1179 994 194 73 iniuriam
1324 994 211 73 emendauit
1486 994 178 73 dicimus
1616 994 113 73 eum
1681 994 113 73 ius
1729 994 162 73 fecisse.

207 1042 108 69 Sed
268 1042 123 69 quae
345 1042 77 69 &
376 1042 123 69 quot
453 1042 169 69 species
576 1042 200 69 vnicuique
730 1042 169 69 istorum
853 1042 139 69 sint,
946 1042 77 69 &
977 1042 139 69 circa
1069 1042 123 69 quae
1146 1042 216 69 versentur,
1315 1042 123 69 post
1392 1042 169 69 futurus
1515 1042 108 69 est
1577 1042 139 69 sermo
1669 1042 92 69 in
1700 1042 185 69 politicis.

203 1087 82 81 ⁋
235 1087 147 81 Circa
334 1087 115 81 hoc
399 1087 147 81 caput
497 1087 262 81 interrogamus
710 1087 180 81 quomodo
841 1087 229 81 conveniunt
1021 1087 82 81 &
1054 1087 213 81 differunt
1217 1087 115 81 lex
1283 1087 180 81 naturae
1413 1087 82 81 &
1446 1087 115 81 lex
1512 1087 213 81 positiua.
1659 1087 229 81 Respondetur.

197 1137 229 79 praeceptum
377 1137 164 79 morale
491 1137 98 79 in
540 1137 131 79 lege
622 1137 131 79 siue
704 1137 115 79 lex
769 1137 180 79 naturae
900 1137 115 79 est
966 1137 98 79 in
1015 1137 245 79 creaturarum
1211 1137 245 79 rationalium
1407 1137 196 79 cordibus
1555 1137 229 79 insculpta.
1735 1137 98 79 Ad
1767 1137 115 79 Roma¬-

202 1185 122 67 nos.
278 1185 92 67 x.
324 1185 153 67 Gentes
431 1185 122 67 quae
507 1185 137 67 legem
598 1185 183 67 scriptam
736 1185 107 67 non
797 1185 168 67 habent,
919 1185 229 67 naturaliter
1102 1185 92 67 ea
1148 1185 122 67 quae
1224 1185 137 67 legis
1315 1185 122 67 sunt
1392 1185 168 67 faciunt
1514 1185 107 67 &c.
1575 1185 107 67 Nam
1636 1185 137 67 sicut
1727 1185 92 67 in
1758 1185 122 67 specu¬-

189 1231 191 76 labilibus
336 1231 118 76 sunt
410 1231 147 76 aliqua
513 1231 191 76 principia
660 1231 103 76 per
719 1231 88 76 se
763 1231 132 76 nota,
851 1231 103 76 ita
910 1231 132 76 etiam
998 1231 88 76 in
1043 1231 221 76 agibilibus.
1219 1231 88 76 Vt
1263 1231 147 76 nullum
1366 1231 132 76 turpe
1454 1231 103 76 est
1513 1231 206 76 faciendum.
1675 1231 132 76 Nulli
1763 1231 103 76 est
1807 1231 74 76 fa¬-

192 1278 151 71 cienda
298 1278 181 71 iniuria.
434 1278 136 71 Istud
524 1278 106 71 est
585 1278 106 71 ius
645 1278 166 71 gentium
766 1278 121 71 apud
842 1278 181 71 legistas
978 1278 91 71 de
1023 1278 181 71 institu.
1159 1278 91 71 de
1204 1278 106 71 re.
1265 1278 91 71 di
1310 1278 106 71 uS,
1370 1278 227 71 singulorum.
1552 1278 181 71 Interdum
1688 1278 106 71 ius
1733 1278 151 71 naturale

191 1328 222 77 extenditur
366 1328 95 77 ad
413 1328 222 77 instinctum
588 1328 175 77 naturae
715 1328 175 77 omnibus
842 1328 222 77 animalibus
1017 1328 238 77 conveniens:
1207 1328 95 77 vt
1255 1328 159 77 foetus
1366 1328 127 77 suos
1445 1328 143 77 alere
1541 1328 79 77 &
1572 1328 222 77 procreare.
1747 1328 111 77 lus
1795 1328 95 77 gen¬-

200 1376 137 75 tium
286 1376 86 75 a
320 1376 137 75 iure
406 1376 189 75 naturae
543 1376 172 75 minime
664 1376 275 75 discernitur.
887 1376 189 75 Ociosum
1024 1376 120 75 est
1093 1376 137 75 illa
1179 1376 172 75 membra
1299 1376 223 75 scindere.
1471 1376 120 75 Lex
1539 1376 206 75 positiua
1694 1376 137 75 siue
1763 1376 137 75 humana

193 1420 250 67 consuetudo,
393 1420 117 67 est
460 1420 117 67 lex
527 1420 200 67 legitima
677 1420 133 67 siue
760 1420 183 67 legalis
893 1420 83 67 a
927 1420 250 67 philosophis
1126 1420 150 67 data,
1226 1420 217 67 communius
1393 1420 200 67 positiua
1543 1420 83 67 a
1576 1420 217 67 theologis
1726 1420 167 67 vocatur.

204 1465 92 70 Ad
250 1465 123 70 hanc
326 1465 138 70 legem
418 1465 107 70 sat
480 1465 107 70 est
541 1465 107 70 eam
602 1465 92 70 in
648 1465 153 70 populi
756 1465 199 70 vtilitate
909 1465 169 70 honesta
1032 1465 138 70 cudi,
1123 1465 77 70 &
1154 1465 123 70 quod
1231 1465 169 70 rationi
1353 1465 107 70 non
1415 1465 230 70 aduersetur:
1599 1465 123 70 quia
1675 1465 107 70 sic
1737 1465 107 70 nec
1783 1465 107 70 esset

188 1512 175 74 honesta
316 1512 112 74 nec
379 1512 175 74 vtilis.
507 1512 175 74 Numquam
635 1512 128 74 enim
714 1512 144 74 verum
810 1512 144 74 vtile
906 1512 96 74 ab
954 1512 175 74 honesto
1081 1512 239 74 segregatur.
1273 1512 112 74 Non
1337 1512 207 74 deducitur
1496 1512 128 74 haec
1576 1512 112 74 lex
1640 1512 96 74 ex
1688 1512 128 74 lege
1751 1512 144 74 naturae

198 1560 158 67 tamquam
312 1560 186 67 conclusio
456 1560 86 67 ex
498 1560 201 67 principio:
656 1560 115 67 quia
728 1560 86 67 si
771 1560 100 67 sic
828 1560 129 67 esset
914 1560 100 67 lex
971 1560 172 67 naturae.
1100 1560 129 67 Licet
1186 1560 158 67 illatum
1301 1560 100 67 est
1358 1560 129 67 minus
1444 1560 158 67 euidens
1559 1560 115 67 quam
1630 1560 215 67 principium,
1788 1560 100 67 prae¬-

202 1609 149 73 missis
307 1609 224 73 euidentibus
486 1609 75 73 &
515 1609 194 73 illatione
665 1609 179 73 euidente
799 1609 239 73 conclusionem
993 1609 119 73 esse
1067 1609 194 73 euidentem
1217 1609 104 73 est
1276 1609 179 73 necesse,
1411 1609 134 73 primo
1500 1609 239 73 Posteriorum.
1694 1609 119 73 Haec
1754 1609 134 73 positi¬-

202 1661 97 71 ua
250 1661 113 71 lex
315 1661 225 71 diuiditur.
492 1661 113 71 Nam
556 1661 177 71 quaedam
685 1661 113 71 est
749 1661 161 71 diuina
862 1661 161 71 (magna
975 1661 145 71 autem
1071 1661 129 71 pars
1152 1661 145 71 iuris
1248 1661 161 71 diuini
1361 1661 113 71 est
1425 1661 209 71 positiua)
1586 1661 177 71 quaedam
1715 1661 113 71 est
1763 1661 129 71 humana

194 1708 205 66 canonica,
352 1708 189 66 ciuilis,
494 1708 252 66 municipalis,
699 1708 110 66 vel
762 1708 315 66 consuetudinalis,
1030 1708 79 66 &
1061 1708 142 66 nulla
1156 1708 110 66 est
1219 1708 110 66 lex
1282 1708 126 66 quin
1361 1708 110 66 sub
1424 1708 110 66 vna
1487 1708 173 66 istarum
1613 1708 252 66 contineatur.
1802 1708 95 66 Con¬-

204 1744 161 74 suetudo
321 1744 102 74 est
380 1744 190 74 naturalis
526 1744 102 74 vel
585 1744 190 74 positiua.
731 1744 190 74 Differunt
878 1744 132 74 autem
966 1744 102 74 hae
1024 1744 146 74 leges:
1127 1744 117 74 quia
1200 1744 176 74 positiua
1332 1744 102 74 est
1390 1744 190 74 mutabilis
1537 1744 146 74 contra
1639 1744 117 74 quam
1712 1744 102 74 est
1756 1744 132 74 dispen¬-

198 1791 139 76 satio,
295 1791 69 76 &
323 1791 194 76 nonnumquam
476 1791 194 76 reuocatio:
628 1791 69 76 &
656 1791 97 76 per
712 1791 236 76 consuetudinem
906 1791 180 76 oppositam
1045 1791 194 76 abrogatio.
1197 1791 111 76 Haec
1267 1791 125 76 omnia
1350 1791 111 76 legi
1419 1791 153 76 naturae
1530 1791 222 76 aduersantur.
1711 1791 153 76 Numquam
1808 1791 83 76 con¬-

204 1838 103 81 tra
263 1838 103 81 eam
322 1838 236 81 dispensatur.
514 1838 133 81 Nihil
603 1838 103 81 est
662 1838 118 81 quod
735 1838 192 81 Gratianus
883 1838 103 81 in.
942 1838 103 81 ie.
1001 1838 236 81 distinctione
1193 1838 148 81 dicit.
1296 1838 177 81 Aduersus
1429 1838 118 81 inus
1503 1838 177 81 naturale
1635 1838 133 81 nulla
1709 1838 192 81 dispensatio

203 1887 233 78 admittitur,
390 1887 124 78 nisi
468 1887 140 78 forte
561 1887 109 78 duo
623 1887 124 78 mala
701 1887 109 78 ita
763 1887 171 78 vrgeant
888 1887 93 78 vt
934 1887 171 78 alterum
1059 1887 140 78 eorum
1152 1887 171 78 necesse
1276 1887 109 78 sit
1339 1887 156 78 eligi.
1448 1887 156 78 Nullum
1556 1887 140 78 malum
1650 1887 202 78 signanter
1790 1887 93 78 cul¬-

200 1933 109 83 pae
263 1933 109 83 est
325 1933 219 83 eligendum.
497 1933 109 83 Nec
560 1933 94 83 in
606 1933 125 83 vlla
685 1933 125 83 lege
763 1933 109 83 est
825 1933 156 83 reuera
934 1933 250 83 perplexitas.
1137 1933 125 83 Bene
1215 1933 141 83 autem
1309 1933 187 83 secundum
1450 1933 172 83 stultam
1575 1933 219 83 opinatione
1731 1933 156 83 hominis,

206 1997 79 61 &
238 1997 142 61 sicut
333 1997 111 61 non
396 1997 126 61 sunt
475 1997 190 61 facienda
617 1997 126 61 mala
696 1997 95 61 vt
743 1997 126 61 inde
822 1997 190 61 eueniant
965 1997 142 61 bona,
1059 1997 111 61 ita
1123 1997 111 61 nec
1186 1997 205 61 faciendum
1344 1997 111 61 est
1407 1997 142 61 minus
1502 1997 142 61 malum
1597 1997 95 61 vt
1644 1997 190 61 euitetur
1771 1997 126 61 maius.

208 2028 83 74 ⁋
242 2028 232 74 Ambigitur.
424 2028 100 74 An
474 2028 182 74 habitus
607 2028 149 74 legis
706 2028 182 74 naturae
839 2028 116 74 sit
905 2028 182 74 nostris
1038 2028 199 74 cordibus
1187 2028 249 74 insculptus?
1386 2028 249 74 Respondetur
1585 2028 216 74 negatiue,
1751 2028 100 74 ex
1784 2028 100 74 eui¬-

199 2073 154 78 dentia
306 2073 154 78 ipsius
414 2073 169 78 obiecti
537 2073 184 78 complexi
675 2073 92 78 ac
721 2073 246 78 inclinatione
921 2073 230 78 intellectus
1105 2073 184 78 assensus
1243 2073 138 78 talis
1335 2073 200 78 proloquii
1489 2073 154 78 statim
1597 2073 200 78 elicitur,
1735 2073 138 78 illique

198 2122 221 73 assentitur
372 2122 221 73 iuuenculus
546 2122 158 73 absque
656 2122 158 73 habitu
767 2122 142 73 vnius
861 2122 237 73 anteloquii.
1051 2122 126 73 Illi
1130 2122 221 73 proponatur
1304 2122 253 73 anteloquium,
1509 2122 142 73 primo
1604 2122 142 73 talis
1698 2122 126 73 illi
1761 2122 111 73 assen

207 2172 163 69 tietur
321 2172 130 69 sine
402 2172 130 69 vllo
484 2172 163 69 habitu
598 2172 196 69 praeuio.
745 2172 114 69 Sed
810 2172 98 69 an
859 2172 98 69 ex
908 2172 130 69 actu
990 2172 163 69 postea
1104 2172 179 69 habitus
1234 2172 228 69 generetur,
1414 2172 114 69 non
1463 2172 179 69 altercor.

202 2208 82 85 ⁋
234 2208 247 85 Subdubitas,
432 2208 99 85 an
481 2208 164 85 licite
596 2208 148 85 vinum
695 2208 164 85 minore
810 2208 148 85 pinta
909 2208 82 85 &
942 2208 181 85 mensura
1073 2208 197 85 vendatur
1221 2208 132 85 quam
1303 2208 197 85 plebeius
1451 2208 164 85 potus,
1567 2208 99 85 vt
1616 2208 197 85 ceruisia
1764 2208 99 85 in
1797 2208 82 85 re¬-

205 2263 153 83 gione
307 2263 102 83 in
358 2263 119 83 qua
425 2263 119 83 non
493 2263 203 83 crescunt
646 2263 169 83 vites.
764 2263 136 83 Quid
849 2263 169 83 ni?Nam
968 2263 102 83 in
1019 2263 169 83 Anglia
1137 2263 237 83 Britanniae
1324 2263 153 83 parte
1425 2263 153 83 nobis
1527 2263 203 83 finitima
1680 2263 169 83 quarta
1781 2263 102 83 vini

203 2307 147 75 magno
300 2307 228 75 interuallo
480 2307 81 75 a
512 2307 179 75 Scotica
643 2307 147 75 pinta
740 2307 179 75 distat.
871 2307 196 75 Mensuram
1017 2307 196 75 Gallicam
1164 2307 130 75 haud
1246 2307 179 75 aequat.
1376 2307 114 75 Nec
1441 2307 130 75 vlna
1523 2307 98 75 in
1571 2307 179 75 vtroque
1685 2307 196 75 Britanniae

194 2359 160 71 regno
301 2359 195 71 Francam
443 2359 160 71 vlnam
549 2359 231 71 adaequat.
727 2359 213 71 Existimo
887 2359 178 71 pannum
1011 2359 213 71 vaenalem
1171 2359 160 71 primo
1277 2359 89 71 e
1313 2359 249 71 continenti
1508 2359 107 71 ad
1561 2359 124 71 nos
1632 2359 231 71 Britannos
1792 2359 89 71 de¬-

205 2406 203 81 uenisse,
358 2406 136 81 hinc
442 2406 102 81 in
493 2406 237 81 continente
680 2406 136 81 vlna
764 2406 153 81 maior
866 2406 203 81 remanet:
1019 2406 119 81 sic
1086 2406 186 81 mensura
1222 2406 186 81 tritici
1358 2406 254 81 consentanee
1561 2406 102 81 ad
1612 2406 254 81 Aristotelem
1798 2406 85 81 di¬-

202 2451 188 74 centem:
339 2451 205 74 mensuras
492 2451 137 74 esse
578 2451 188 74 maiores
714 2451 102 74 in
765 2451 154 74 locis
868 2451 171 74 quibus
987 2451 171 74 merces
1107 2451 188 74 emuntur
1243 2451 137 74 quam
1329 2451 120 74 vbi
1397 2451 273 74 venundantur.
1619 2451 154 74 Angli
1704 2451 188 74 discrimen

199 2497 101 76 in
250 2497 134 76 suis
334 2497 151 76 vasis
434 2497 218 76 ceruisiae
602 2497 151 76 atque
703 2497 134 76 vini
787 2497 269 76 mensuratiuis
1006 2497 202 76 noscunt.
1157 2497 118 76 Est
1224 2497 134 76 enim
1308 2497 202 76 regionis
1459 2497 151 76 vsus.
1560 2497 185 76 Scienti
1694 2497 151 76 autem
1795 2497 84 76 &
1812 2497 84 76 vo¬-

212 2546 147 73 lenti
309 2546 114 73 non
375 2546 114 73 fit
440 2546 196 73 iniuria,
586 2546 81 73 &
619 2546 114 73 hoc
684 2546 212 73 sufficit.
847 2546 212 73 Assuetudo
1010 2546 130 73 illa
1092 2546 244 73 discriminis
1287 2546 147 73 inter
1385 2546 196 73 mensuram
1532 2546 130 73 vini
1613 2546 98 73 ac
1662 2546 212 73 ceruisiae
1825 2546 98 73 in

211 2592 189 73 Scotia,
348 2592 103 73 vt
400 2592 120 73 mea
469 2592 137 73 fert
555 2592 189 73 opinio,
692 2592 120 73 vix
761 2592 120 73 est
830 2592 258 73 introducta:
1036 2592 189 73 proinde
1173 2592 189 73 patrium
1311 2592 155 73 morem
1414 2592 172 73 tutius
1517 2592 189 73 tenebunt.

218 2637 82 79 ⁋
250 2637 163 79 Haeres
364 2637 163 79 quonam
479 2637 147 79 pacto
576 2637 228 79 consuetudo
756 2637 82 79 &
788 2637 114 79 lex
854 2637 147 79 mutuo
951 2637 130 79 sese
1033 2637 196 79 habeant.
1180 2637 261 79 Respondetur,
1392 2637 130 79 quod
1473 2637 163 79 contra
1587 2637 114 79 ius
1652 2637 179 79 naturae
1783 2637 98 79 ac
1815 2637 82 79 di¬-

206 2687 148 79 uinum
304 2687 230 79 consuetudo
484 2687 115 79 est
550 2687 180 79 inanis:
681 2687 115 79 non
747 2687 131 79 enim
829 2687 131 79 plus
911 2687 262 79 authoritatis
1124 2687 213 79 assuetudo
1288 2687 131 79 sibi
1370 2687 197 79 vendicat
1518 2687 131 79 quam
1600 2687 164 79 humana
1698 2687 197 79 authoritas

197 2742 132 65 modo
279 2742 149 65 omnis
378 2742 149 65 talis
477 2742 198 65 naturali
626 2742 215 65 aequitati
791 2742 99 65 ac
840 2742 198 65 supernae
989 2742 215 65 sanctioni
1154 2742 215 65 subditur.
1319 2742 198 65 Panormi.
1467 2742 99 65 c.
1517 2742 165 65 finali
1632 2742 99 65 de
1665 2742 231 65 consuetudine

210 2782 139 68 dicit
302 2782 262 68 consuetudinem
518 2782 154 68 contra
626 2782 170 68 diuinas
749 2782 262 68 praeceptiones
965 2782 170 68 valere,
1088 2782 154 68 hocque
1196 2782 108 68 per
1258 2782 247 68 cerimonialia
1458 2782 139 68 atque
1551 2782 216 68 iudicialia
1705 2782 185 68 verificat:

208 2836 107 63 sed
269 2836 169 63 insulsa
392 2836 107 63 est
453 2836 200 63 assertio,
607 2836 246 63 insulsiorque
806 2836 200 63 probatio:
960 2836 107 63 Nam
1021 2836 123 63 illa
1098 2836 107 63 iam
1159 2836 153 63 multis
1267 2836 169 63 seculis
1389 2836 153 63 diuina
1497 2836 123 63 esse
1574 2836 215 63 desierunt.
1743 2836 92 63 In
1773 2836 123 63 humana

208 2874 125 73 lege
287 2874 141 73 scito
380 2874 250 73 quoassuetudo
584 2874 172 73 humanam
709 2874 219 73 sanctionem
881 2874 172 73 sequens
1006 2874 110 73 eam
1069 2874 282 73 interpretatur,
1303 2874 125 73 illi
1382 2874 188 73 derogat,
1523 2874 94 73 ac
1569 2874 188 73 interdum
1710 2874 110 73 eam
1757 2874 141 73 prorsus

202 2922 197 69 euertit:
349 2922 115 69 iam
415 2922 131 69 tota
497 2922 229 69 communitas
677 2922 279 69 consuetudinem
906 2922 115 69 pro
972 2922 246 69 praescripto
1169 2922 213 69 suscipit:
1332 2922 131 69 modo
1414 2922 164 69 libera
1529 2922 229 69 communitas
1709 2922 115 69 non
1775 2922 115 69 est
1824 2922 82 69 mi¬-

193 2973 154 67 noris
296 2973 291 67 authoritatis,
536 2973 137 67 immo
621 2973 189 67 maioris
759 2973 137 67 quam
844 2973 137 67 rex.
930 2973 103 67 Ab
981 2973 103 67 ea
1033 2973 137 67 enim
1118 2973 154 67 primi
1221 2973 154 67 reges
1324 2973 326 67 instituebantur.
1598 2973 103 67 Et
1650 2973 154 67 licet
1736 2973 171 67 Pontifex

204 3016 178 70 maximus
333 3016 81 70 a
366 3016 113 70 deo
431 3016 259 70 instituatur,
642 3016 162 70 illius
755 3016 146 70 tamen
852 3016 146 70 leges
950 3016 146 70 etiam
1047 3016 81 70 e
1079 3016 146 70 medio
1177 3016 113 70 per
1241 3016 227 70 contrariam
1420 3016 259 70 assuetudinem
1631 3016 227 70 tolluntur.
1793 3016 97 70 Olim

203 3064 127 72 lege
282 3064 206 72 cauebatur
441 3064 95 72 vt
488 3064 174 72 clerici
615 3064 206 72 immediate
773 3064 127 72 post
853 3064 238 72 sexagesimam
1043 3064 190 72 ieiunium
1185 3064 285 72 auspicarentur.
1423 3064 143 72 dist.
1518 3064 95 72 a,
1565 3064 222 72 statuimus.
1740 3064 127 72 Pari
1803 3064 95 72 modo

200 3109 285 76 praecipiebatur
438 3109 190 76 feriatio
581 3109 158 76 diabus
691 3109 222 76 rogationum
866 3109 95 76 de
913 3109 143 76 cose.
1008 3109 143 76 dist.
1104 3109 79 76 .
1135 3109 285 76 pronunciandum.
1373 3109 143 76 omnia
1468 3109 127 76 illa
1547 3109 127 76 sunt
1627 3109 79 76 e
1658 3109 143 76 medio
1738 3109 158 76 sublata.

197 3157 103 74 Nec
256 3157 177 74 interest
389 3157 118 74 siue
462 3157 132 74 primi
551 3157 118 74 legi
624 3157 280 74 contrauenientes
860 3157 191 74 peccarunt
1007 3157 118 74 siue
1081 3157 118 74 non,
1154 3157 177 74 postquam
1287 3157 236 74 sufficienter
1478 3157 103 74 est
1537 3157 250 74 praescriptum:
1743 3157 132 74 satis
1817 3157 88 74 enim

206 3201 111 74 est
270 3201 223 74 tolerantia
445 3201 223 74 superiorum
620 3201 127 74 quae
699 3201 111 74 hoc
763 3201 95 74 in
811 3201 127 74 casu
890 3201 254 74 praecedentem
1097 3201 223 74 sanctionem
1272 3201 191 74 euertit,
1415 3201 111 74 Sed
1479 3201 159 74 quando
1590 3201 111 74 lex
1654 3201 143 74 habet
1733 3201 175 74 clausulam

204 3254 254 82 consuetudini
411 3254 239 82 derogatiuam
602 3254 111 82 est
665 3254 143 82 maior
761 3254 254 82 difficultas:
968 3254 127 82 sane
1047 3254 111 82 hoc
1111 3254 143 82 totum
1206 3254 254 82 praescriptum
1413 3254 143 82 vltra
1508 3254 175 82 humanas
1636 3254 239 82 traditiones
1826 3254 111 82 non
