2340 3607
409 275 239 81 clarissima,
600 275 127 81 tunc
680 275 127 81 enim
759 275 127 81 quis
839 275 111 81 est
902 275 191 81 iniustus
1046 275 80 81 &
1078 275 175 81 prauus,
1205 275 191 81 consulto
1348 275 80 81 &
1380 275 207 81 electione
1539 275 191 81 officit.
1682 275 239 81 Corollarium
1873 275 159 81 infert
1969 275 143 81 inquie¬-

415 336 134 74 ens.
499 336 234 74 Quapropter
683 336 100 74 ea
733 336 134 74 quae
817 336 100 74 ab
867 336 117 74 ira
934 336 301 74 proficiscuntur
1185 336 117 74 non
1252 336 234 74 iudicantur
1436 336 100 74 ex
1487 336 251 74 prouidentia
1688 336 167 74 fieri.
1805 336 167 74 Primo,
1922 336 117 74 nam
1989 336 100 74 is
2022 336 84 74 non

413 397 179 54 incipit
543 397 114 54 qui
608 397 196 54 quicquam
755 397 114 54 per
820 397 130 54 iram
902 397 196 54 molitur,
1049 397 114 54 sed
1114 397 98 54 is
1163 397 114 54 qui
1228 397 147 54 alium
1326 397 98 54 ad
1375 397 130 54 iram
1440 397 212 54 prouocauit.

411 413 89 81 ⁋
447 413 197 81 Secundo
590 413 214 81 probatur
751 413 143 81 idem
840 413 89 81 a
876 413 161 81 signo
983 413 143 81 sic.
1072 413 143 81 Ille
1162 413 125 81 qui
1233 413 107 81 ob
1287 413 143 81 iram
1376 413 214 81 operatur
1537 413 161 81 palam
1644 413 214 81 operatur
1805 413 89 81 &
1841 413 125 81 non
1912 413 197 81 dubitat
2038 413 71 81 de

416 477 158 67 facto,
527 477 158 67 vtpote
637 477 95 67 de
685 477 253 67 percussione,
890 477 111 67 sed
953 477 111 67 eam
1016 477 205 67 concedit:
1174 477 111 67 sed
1237 477 95 67 an
1285 477 142 67 iuste
1380 477 95 67 an
1427 477 174 67 iniuste
1553 477 174 67 fecerit
1680 477 190 67 dubitat,
1822 477 126 67 sine
1901 477 174 67 iniuria
2011 477 95 67 vera

422 526 98 62 ve
471 526 212 62 apparenti
634 526 114 62 non
699 526 147 62 capit
797 526 229 62 vindictam,
977 526 82 62 &
1010 526 163 62 quando
1124 526 147 62 calet
1222 526 212 62 existimat
1385 526 98 62 se
1434 526 147 62 iuste
1532 526 147 62 alium
1630 526 196 62 pulsare.
1777 526 98 62 at
1826 526 131 62 ille
1908 526 114 62 qui
1957 526 163 62 iniustum

417 581 147 64 facit
515 581 98 64 ex
563 581 245 64 prouidentia
759 581 98 64 de
808 581 147 64 facto
906 581 179 64 dubitat
1036 581 114 64 cum
1102 581 130 64 ipse
1183 581 147 64 neget
1281 581 130 64 quod
1363 581 147 64 alter
1461 581 196 64 quaerit,
1607 581 82 64 &
1640 581 114 64 sic
1705 581 98 64 in
1754 581 163 64 dubium
1868 581 98 64 ab
1917 581 147 64 aliis
1999 581 114 64 reuo¬-

414 617 153 64 catur
516 617 153 64 ipsum
618 617 102 64 de
669 617 119 64 quo
737 617 272 64 contenditur,
958 617 204 64 fortasse
1111 617 102 64 de
1162 617 170 64 debito
1282 617 153 64 alter
1384 617 204 64 proximum
1537 617 255 64 frustratur,
1741 617 102 64 vt
1792 617 102 64 in
1843 617 187 64 debito,
1979 617 102 64 in
2013 617 102 64 com¬-

408 666 185 69 merciis
543 666 219 69 iniustis,
711 666 101 69 in
762 666 168 69 furto,
880 666 185 69 rapina,
1014 666 84 69 &
1048 666 219 69 similibus
1216 666 185 69 negatur
1351 666 152 69 ipsum
1452 666 185 69 factum:
1587 666 84 69 &
1621 666 185 69 oportet
1755 666 185 69 alterum
1873 666 236 69 contendentum

418 713 132 68 esse
501 713 165 68 malum,
617 713 198 68 scilicet
766 713 182 68 actorem
898 713 116 68 aut
964 713 149 68 reum,
1063 713 132 68 nisi
1146 713 215 68 obliuione
1312 713 232 68 excusetur,
1494 713 149 68 sicut
1593 713 116 68 non
1659 713 182 68 soluens
1791 713 182 68 tempore
1924 713 165 68 debito
2023 713 99 68 obli

418 775 159 55 uione
524 775 195 55 ductus,
666 775 124 55 vel
737 775 124 55 non
807 775 195 55 reddens
949 775 212 55 compotum
1108 775 230 55 legitimum
1285 775 230 55 superiori
1462 775 106 55 ex
1515 775 230 55 obliuione
1692 775 141 55 hinc
1780 775 141 55 inde
1868 775 230 55 expositi.
2028 775 88 55 Pa¬-

411 817 131 56 rans
492 817 163 56 alteri
607 817 147 56 certo
705 817 212 56 proposito
868 817 196 56 insidias
1015 817 131 56 scit
1097 817 98 56 se
1146 817 163 56 alteri
1260 817 212 56 nocuisse,
1423 817 147 56 licet
1521 817 261 56 dubitationem
1733 817 82 56 &
1766 817 327 56 tergiuersationem
2044 817 98 56 in

403 855 141 61 foro
491 855 317 61 contradictorio
755 855 229 61 inueniat,
931 855 123 61 non
1002 855 158 61 autem
1107 855 194 61 iratus.
1248 855 211 61 Fortasse
1406 855 158 61 magno
1512 855 194 61 tempore
1653 855 141 61 post
1741 855 176 61 factum
1864 855 158 61 etiam
1969 855 123 61 cum
2022 855 88 61 fri

423 909 116 57 get
490 909 149 57 negat
589 909 100 57 se
639 909 199 57 iniuriam
788 909 199 57 fecisse.
938 909 83 57 ⁋
971 909 133 57 Alia
1054 909 232 57 conclusio.
1237 909 116 57 Qui
1303 909 166 57 sponte
1419 909 83 57 &
1452 909 216 57 electione
1618 909 166 57 nocent
1734 909 199 57 iniuriam
1884 909 183 57 agentes
2000 909 116 57 iniu¬-

412 951 114 61 sti
477 951 147 61 sunt.
575 951 147 61 Tales
672 951 130 61 enim
754 951 212 61 moliuntur
916 951 195 61 insidias
1063 951 81 61 &
1095 951 114 61 non
1161 951 147 61 latet
1258 951 114 61 eos
1323 951 179 61 nocere,
1454 951 81 61 &
1486 951 114 61 cui
1551 951 179 61 iactura
1681 951 163 61 illata
1795 951 114 61 est
1861 951 212 61 existimat
2007 951 114 61 certe

406 995 108 64 se
460 995 144 64 pati
550 995 271 64 incommodum,
767 995 90 64 &
803 995 162 64 alter
911 995 108 64 se
966 995 144 64 pati
1056 995 126 64 non
1128 995 181 64 putat.
1254 995 199 64 Secundo
1399 995 126 64 cum
1471 995 144 64 quis
1561 995 108 64 ex
1616 995 235 64 electione
1796 995 307 64 comparationum
2031 995 90 64 ra¬-

415 1056 183 51 tionem
543 1056 128 51 hoc
616 1056 128 51 est
689 1056 402 51 proportionalitatem
1036 1056 274 51 geometricam
1255 1056 110 51 in
1310 1056 292 51 distributiua
1547 1056 128 51 aut
1620 1056 274 51 atithmetica
1839 1056 110 51 in
1876 1056 237 51 commutatiua

410 1105 310 51 transgreditur,
668 1105 207 51 iniustus
823 1105 138 51 est,
909 1105 121 51 qui
978 1105 155 51 autem
1082 1105 172 51 sponte
1202 1105 86 51 &
1237 1105 224 51 electione
1409 1105 172 51 nocent
1529 1105 138 51 sunt
1615 1105 241 51 huiusmodi,
1805 1105 189 51 igitur.
1943 1105 155 51 Eodem
2029 1105 86 51 mo¬-

403 1134 99 63 do
453 1134 165 63 iustus
569 1134 116 63 est
635 1134 165 63 quando
750 1134 182 63 eligens
882 1134 149 63 iusta
981 1134 165 63 facit,
1097 1134 149 63 facit
1196 1134 149 63 autem
1295 1134 149 63 iusta
1394 1134 99 63 si
1443 1134 132 63 modo
1526 1134 165 63 volens
1641 1134 165 63 facit.
1757 1134 116 63 Hoc
1823 1134 116 63 est
1889 1134 99 63 ad
1938 1134 182 63 hominem
2054 1134 66 63 ef

417 1192 96 55 se
465 1192 161 55 iustum
578 1192 225 55 requiritur
754 1192 177 55 electio
883 1192 145 55 iuste
979 1192 209 55 faciendi.
1140 1192 96 55 Ad
1188 1192 112 55 ius
1253 1192 112 55 aut
1317 1192 161 55 iustum
1429 1192 145 55 agere
1526 1192 193 55 sufficit
1670 1192 145 55 ipsum
1767 1192 112 55 sua
1831 1192 161 55 sponte
1927 1192 129 55 agere.

414 1233 90 63 ⁋
450 1233 180 63 Vltima
576 1233 234 63 conclusio
756 1233 162 63 huius
864 1233 198 63 capitis
1008 1233 144 63 est.
1098 1233 162 63 Eorum
1206 1233 144 63 quae
1295 1233 198 63 homines
1439 1233 198 63 faciunt
1583 1233 252 63 ignorantes
1781 1233 198 63 quaedam
1925 1233 144 63 sunt
1997 1233 126 63 venia

414 1292 169 50 digna,
532 1292 186 50 quaedam
667 1292 135 50 vero
752 1292 236 50 nequaquam.
937 1292 152 50 porro
1038 1292 101 50 ea
1089 1292 135 50 quae
1173 1292 118 50 non
1241 1292 135 50 modo
1325 1292 253 50 ignorantes,
1528 1292 118 50 sed
1595 1292 101 50 ob
1646 1292 253 50 ignorantiam
1848 1292 169 50 inuite
1949 1292 169 50 faciunt,

420 1339 246 55 ignoscenda
614 1339 211 55 veniunt,
772 1339 141 55 quod
860 1339 228 55 contingit
1035 1339 158 55 illis
1141 1339 123 55 qui
1211 1339 176 55 quando
1334 1339 105 55 id
1386 1339 246 55 cognoscunt
1580 1339 193 55 dolent,
1720 1339 123 55 hoc
1790 1339 123 55 est
1861 1339 176 55 quando
1966 1339 158 55 ignoran

411 1387 122 52 tia
480 1387 122 52 est
550 1387 191 52 totalis
689 1387 156 52 causa
793 1387 104 52 vt
845 1387 104 52 in
897 1387 191 52 tertium
1036 1387 208 52 diximus.
1192 1387 191 52 Inuitum
1331 1387 104 52 in
1383 1387 243 52 praesentia
1574 1387 208 52 extendit
1731 1387 104 52 ad
1783 1387 156 52 illum
1887 1387 122 52 cui
1939 1387 174 52 vehemens

415 1423 120 60 est
483 1423 206 60 impulsus
638 1423 103 60 ad
689 1423 240 60 faciendum:
877 1423 120 60 sed
946 1423 103 60 ea
997 1423 137 60 quae
1083 1423 188 60 faciunt
1220 1423 171 60 inuiti
1340 1423 120 60 non
1409 1423 103 60 ob
1460 1423 291 60 ignorationem,
1700 1423 120 60 sed
1768 1423 103 60 ob
1820 1423 188 60 quandam
1940 1423 171 60 perturba

413 1474 186 55 tionem
543 1474 130 55 non
618 1474 241 55 naturalem
803 1474 93 55 &
841 1474 204 55 humanam
989 1474 130 55 non
1063 1474 149 55 sunt
1156 1474 167 55 venia
1268 1474 186 55 digna.
1398 1474 241 55 Naturalis
1583 1474 223 55 affectus
1751 1474 204 55 hominem
1899 1474 223 55 excusat,
2048 1474 74 55 vt

409 1518 104 57 si
461 1518 104 57 in
513 1518 192 57 extrema
652 1518 261 57 necessitate
861 1518 174 57 pauper
983 1518 244 57 esculentum
1175 1518 296 57 poculentumque
1419 1518 122 57 pro
1488 1518 122 57 sua
1558 1518 296 57 sustentatione
1802 1518 244 57 assumeret.
1976 1518 139 57 Ebrie¬-

426 1578 113 46 tas
490 1578 113 46 est
555 1578 194 46 affectus
700 1578 113 46 non
765 1578 226 46 naturalis,
943 1578 129 46 quia
1024 1578 97 46 ab
1072 1578 178 46 hominis
1201 1578 210 46 voluntate
1363 1578 81 46 (
1395 1578 97 46 si
1444 1578 226 46 culpabilis
1621 1578 129 46 est)
1702 1578 178 46 oritur.
1831 1578 194 46 Affectus
1960 1578 162 46 vocatur,

422 1615 139 63 quia
509 1615 122 63 non
578 1615 191 63 humanus
717 1615 174 63 quando
839 1615 209 63 effrenis
996 1615 209 63 procedit
1152 1615 87 63 &
1187 1615 122 63 non
1257 1615 226 63 regulatur
1431 1615 209 63 ratione,
1587 1615 104 63 vt
1639 1615 122 63 ita
1709 1615 122 63 non
1778 1615 226 63 cohibita.
1952 1615 157 63 Decet
2039 1615 70 63 ho

420 1658 148 58 minem
518 1658 230 58 incidentes
699 1658 246 58 affectiones
896 1658 246 58 compescere.
1093 1658 131 58 Vult
1175 1658 164 58 dicere
1290 1658 131 58 quod
1372 1658 99 58 ea
1421 1658 131 58 quae
1503 1658 148 58 fiunt
1602 1658 99 58 ob
1651 1658 197 58 affectus
1799 1658 115 58 non
1864 1658 213 58 naturales
2028 1658 82 58 &
2045 1658 82 58 non

415 1712 189 52 humanos
552 1712 120 52 non
621 1712 138 52 sunt
707 1712 155 52 venia
810 1712 172 52 digna,
931 1712 120 52 sed
999 1712 103 52 ea
1051 1712 138 52 quae
1137 1712 224 52 procedunt
1309 1712 103 52 ab
1360 1712 189 52 affectu
1498 1712 206 52 naturali
1653 1712 103 52 vt
1704 1712 86 52 a
1739 1712 155 52 magna
1842 1712 155 52 fame,
1945 1712 120 52 aut
1997 1712 120 52 siti.

416 1752 195 67 dummodo
558 1752 213 67 capiatur
718 1752 106 67 in
771 1752 160 67 earum
877 1752 231 67 releuamen
1055 1752 124 67 aut
1126 1752 106 67 ab
1179 1752 177 67 aliquo
1303 1752 142 67 alio
1392 1752 195 67 affectu
1534 1752 213 67 naturali
1693 1752 89 67 &
1729 1752 195 67 humano,
1871 1752 124 67 hoc
1942 1752 124 67 est
1995 1752 124 67 licet

427 1811 258 51 naturaliter
633 1811 206 51 insurgat
788 1811 86 51 &
822 1811 240 51 refrenetur
1011 1811 103 51 eo
1062 1811 137 51 modo
1148 1811 120 51 quo
1217 1811 137 51 homo
1303 1811 172 51 potest
1423 1811 86 51 &
1457 1811 206 51 tenetur,
1612 1811 137 51 sunt
1698 1811 155 51 venia
1801 1811 172 51 digna.
1921 1811 120 51 Ira
1973 1811 137 51 subita

423 1850 82 55 &
455 1850 197 55 repressa
603 1850 115 55 est
668 1850 197 55 affectus
816 1850 197 55 humanns,
963 1850 213 55 similiter
1127 1850 197 55 impulsus
1274 1850 213 55 appetitus
1438 1850 213 55 sensitiui
1602 1850 213 55 cohibitus
1766 1850 115 55 est
1831 1850 197 55 affectus
1962 1850 164 55 humanus,

420 1902 97 57 Si
468 1902 130 57 plus
550 1902 130 57 quam
631 1902 114 57 par
696 1902 114 57 sit
761 1902 243 57 processerit
955 1902 179 57 desinit
1085 1902 130 57 esse
1166 1902 195 57 affectus
1312 1902 195 57 humanus,
1459 1902 81 57 &
1491 1902 114 57 qui
1556 1902 162 57 fuerat
1670 1902 146 57 motus
1767 1902 146 57 primo
1864 1902 179 57 primus,
1978 1902 146 57 incipit

418 1942 134 61 esse
502 1942 184 61 secundo
636 1942 184 61 primus.
770 1942 117 61 Sic
837 1942 201 61 theologi
988 1942 235 61 breuitatis
1173 1942 168 61 gratia
1290 1942 235 61 loquuntur:
1475 1942 101 61 vt
1525 1942 201 61 artistae
1676 1942 117 61 dum
1743 1942 168 61 dicunt
1860 1942 134 61 dici
1944 1942 101 61 de
1995 1942 134 61 omni
2062 1942 50 61 &

418 1998 136 59 dici
503 1998 102 59 de
537 1998 136 59 nullo.

420 2014 90 88 ⁋
456 2014 233 88 Dubitatur
635 2014 107 88 si
689 2014 215 88 Socrates
850 2014 215 88 intendat
1011 2014 215 88 occidere
1173 2014 143 88 hunc
1262 2014 197 88 hominem
1405 2014 143 88 quem
1495 2014 179 88 credit
1620 2014 143 88 esse
1710 2014 197 88 hostem,
1853 2014 125 88 qui
1925 2014 179 88 reuera
2032 2014 90 88 sit

428 2096 170 54 pater,
547 2096 102 54 an
598 2096 204 54 intendat
751 2096 170 54 patrem
853 2096 187 54 occidere.

430 2112 84 81 ⁋
464 2112 253 81 Respondetur
667 2112 135 81 quod
751 2112 203 81 Socrates
903 2112 135 81 casu
987 2112 152 81 illo,
1089 2112 169 81 patrem
1207 2112 203 81 intendit
1359 2112 220 81 occidere.
1528 2112 169 81 Patet,
1646 2112 135 81 hunc
1731 2112 186 81 hominem
1866 2112 203 81 occidere
2001 2112 118 81 inten

423 2186 132 55 dit,
505 2186 82 55 &
538 2186 115 55 hic
604 2186 132 55 homo
686 2186 115 55 est
752 2186 148 55 pater
850 2186 148 55 eius,
949 2186 132 55 ergo
1031 2186 165 55 patrem
1146 2186 132 55 suum
1229 2186 197 55 intendit
1377 2186 214 55 occidere,
1541 2186 82 55 &
1574 2186 99 55 si
1623 2186 230 55 ignorantia
1804 2186 263 55 inuincibilis
2002 2186 115 55 inter

420 2230 171 61 ueniat
540 2230 103 61 in
591 2230 120 61 hac
660 2230 137 61 nece
745 2230 120 61 non
814 2230 188 61 peccat.
951 2230 120 61 Sed
1019 2230 205 61 Socrates
1173 2230 120 61 non
1242 2230 205 61 intendit
1396 2230 171 61 patrem
1516 2230 223 61 occidere,
1687 2230 205 61 intentio
1841 2230 137 61 enim
1910 2230 205 61 occisionis

418 2271 119 62 non
486 2271 154 62 cadit
589 2271 102 62 in
640 2271 188 62 patrem,
776 2271 136 62 quia
862 2271 205 62 intendit
1015 2271 205 62 occidere
1169 2271 188 62 hostem,
1305 2271 85 62 &
1339 2271 171 62 patrem
1459 2271 102 62 de
1510 2271 119 62 per
1578 2271 205 62 accidens
1732 2271 205 62 occidit.
1885 2271 222 62 Huiusmodi
2039 2271 85 62 ca¬-

420 2319 191 69 ptiones
558 2319 104 69 ad
610 2319 208 69 verbosos
766 2319 225 69 sophistas
940 2319 208 69 tractare
1096 2319 139 69 haud
1182 2319 243 69 negligimus
1373 2319 104 69 ne
1425 2319 139 69 suis
1511 2319 277 69 captiunculis
1737 2319 208 69 lectorem
1875 2319 243 69 circunuenire

431 2365 258 63 contendant.
637 2365 155 63 Verum
740 2365 224 63 huiusmodi
912 2365 258 63 praestigiae
1119 2365 138 63 sunt
1205 2365 224 63 curriculo
1377 2365 258 63 transeundi,
1583 2365 206 63 siquidem
1738 2365 224 63 indecorum
1910 2365 120 63 est
1961 2365 155 63 talibus

434 2421 228 60 nugamentis
613 2421 260 60 insenescere,
824 2421 146 60 atque
922 2421 146 60 totos
1020 2421 130 60 dies
1101 2421 98 60 in
1150 2421 114 60 eis
1215 2421 228 60 consumere,
1394 2421 146 60 etiam
1491 2421 212 60 contingit
1654 2421 260 60 nescientibus
1866 2421 130 60 haec
1931 2421 195 60 intellige¬-

423 2475 123 54 re,
494 2475 194 54 subinde
635 2475 123 54 non
705 2475 194 54 insulse
846 2475 123 54 hoc
916 2475 194 54 carptim
1040 2475 211 54 attigimus.

435 2510 83 72 ⁋
469 2510 217 72 Dubitatur
635 2510 100 72 ex
685 2510 133 72 isto
769 2510 150 72 dicto
869 2510 100 72 de
918 2510 183 72 extrema
1052 2510 267 72 necessitate,
1268 2510 100 72 an
1318 2510 267 72 incarceratus
1535 2510 150 72 iuste
1635 2510 167 72 potest
1751 2510 200 72 carceres
1901 2510 233 72 infringere
2068 2510 50 72 &

439 2567 165 51 egredi
555 2567 116 51 pro
621 2567 116 51 sua
687 2567 132 51 vita
770 2567 215 51 seruanda,
935 2567 99 51 si
985 2567 182 51 iniuste
1117 2567 264 51 includeretur
1332 2567 116 51 non
1398 2567 198 51 vertitur
1546 2567 99 51 in
1579 2567 149 51 dubium.

444 2575 82 100 ⁋
476 2575 246 100 Respondetur
674 2575 115 100 per
739 2575 181 100 aliquas
871 2575 296 100 propositiones.
1117 2575 148 100 prima
1216 2575 131 100 est.
1298 2575 115 100 Non
1363 2575 164 100 peccat
1478 2575 230 100 expectando
1659 2575 230 100 iustitiam,
1840 2575 148 100 licet
1938 2575 99 100 ei
1971 2575 148 100 pateant

429 2649 143 67 fores
525 2649 207 67 carceris.
684 2649 159 67 Patet,
795 2649 175 67 meritus
923 2649 111 67 est
986 2649 159 67 mortem
1098 2649 80 67 &
1130 2649 111 67 hoc
1193 2649 159 67 nouit,
1305 2649 127 67 quam
1385 2649 127 67 scit
1464 2649 143 67 alios
1560 2649 143 67 iuste
1655 2649 127 67 ipsi
1735 2649 255 67 inflicturos,
1942 2649 127 67 ergo
2006 2649 111 67 iuste

439 2709 165 57 potest
554 2709 165 57 mortem
669 2709 181 57 subire:
801 2709 132 57 ergo
884 2709 148 57 illic
983 2709 115 57 eam
1049 2709 214 57 expectare
1214 2709 181 57 potest.
1346 2709 132 57 Item
1428 2709 181 57 inuasus
1560 2709 181 57 patiens
1692 2709 99 57 se
1742 2709 165 57 occidi
1857 2709 99 57 ne
1907 2709 181 57 occidat
2039 2709 115 57 non

437 2745 174 63 peccat,
564 2745 127 63 ergo
643 2745 111 63 nec
706 2745 127 63 iste
785 2745 79 63 a
817 2745 206 63 fortiori.
975 2745 221 63 antecedens
1149 2745 142 63 multi
1244 2745 158 63 sancti
1355 2745 79 63 &
1386 2745 190 63 literati
1513 2745 237 63 concesserunt.

433 2785 86 71 ⁋
467 2785 190 71 Secunda
605 2785 259 71 propositio.
813 2785 138 71 Iste
899 2785 173 71 potest
1020 2785 173 71 ostium
1141 2785 190 71 aperire
1279 2785 86 71 &
1313 2785 173 71 egredi
1434 2785 242 71 potissimum
1624 2785 104 71 si
1676 2785 173 71 scelus
1797 2785 259 71 perpetratum
1987 2785 138 71 emenda

433 2847 102 55 re
484 2847 205 55 proponit
638 2847 273 55 efficaciter:
859 2847 102 55 si
911 2847 154 55 tamen
1013 2847 205 55 custodes
1167 2847 205 55 carceris
1320 2847 102 55 me
1371 2847 290 55 compraehensum
1610 2847 188 55 impigre
1747 2847 239 55 sequantur,
1934 2847 119 55 non
1986 2847 136 55 possum

428 2897 181 54 reniti,
559 2897 132 54 quia
641 2897 99 54 ex
691 2897 148 54 parte
789 2897 115 54 mea
855 2897 230 54 conflictus
1036 2897 148 54 esset
1135 2897 214 54 iniustus,
1299 2897 181 54 aliique
1431 2897 148 54 iuste
1530 2897 148 54 mecum
1628 2897 247 54 confligunt.
1826 2897 181 54 Attamen
1957 2897 99 54 si
1990 2897 132 54 possum

428 2932 173 69 aliqua
549 2932 242 69 velocitate
738 2932 155 69 pedum
842 2932 242 69 proficisci
1032 2932 121 69 est
1101 2932 138 69 mihi
1187 2932 138 69 fas,
1273 2932 242 69 inuadentem
1463 2932 155 69 tamen
1567 2932 121 69 me,
1636 2932 190 69 iniuste
1774 2932 190 69 occido,
1912 2932 121 69 vbi
1981 2932 121 69 non
2032 2932 104 69 queo

445 2977 173 60 aliter
566 2977 208 60 euadere.
721 2977 156 60 secus
825 2977 121 60 est
894 2977 104 60 si
946 2977 208 60 quispiam
1102 2977 138 60 mihi
1188 2977 173 60 mortem
1309 2977 190 60 minetur
1448 2977 138 60 nisi
1534 2977 208 60 insontem
1690 2977 190 60 occidam
1828 2977 121 60 pro
1897 2977 138 60 vita
1984 2977 121 60 mea
2036 2977 86 60 de¬-

439 3034 210 55 fendenda
597 3034 210 55 innocuum
755 3034 263 55 interficere
965 3034 140 55 mihi
1053 3034 123 55 non
1106 3034 140 55 licet.

446 3081 83 61 ⁋
480 3081 216 61 Dubitatur
645 3081 149 61 super
745 3081 116 61 hoc
811 3081 166 61 dicto.
928 3081 182 61 Electio
1060 3081 265 61 praesupponit
1276 3081 315 61 deliberationem,
1541 3081 133 61 quid
1624 3081 116 61 est
1691 3081 133 61 haec
1774 3081 265 61 deliberatio.
1989 3081 83 61 ⁋
2006 3081 116 61 Alias

446 3123 102 63 ad
497 3123 119 63 hoc
565 3123 271 63 respondimus,
785 3123 102 63 ad
836 3123 254 63 intellectum
1040 3123 254 63 deliberatio
1243 3123 204 63 attinet,
1396 3123 102 63 ad
1447 3123 153 63 actum
1548 3123 153 63 bonum
1650 3123 254 63 deliberatio
1854 3123 204 63 formalis
1989 3123 136 63 requi¬-

442 3168 158 61 ritur,
553 3168 190 61 scilicet
695 3168 237 61 intellectus
885 3168 190 61 iudicium
1027 3168 253 61 prudentiale,
1233 3168 95 61 vt
1280 3168 95 61 in
1328 3168 142 61 sexto
1422 3168 206 61 videbitur
1581 3168 95 61 si
1628 3168 126 61 deus
1707 3168 158 61 coepta
1818 3168 206 61 secundet:
1960 3168 174 61 delibera¬-

430 3216 119 75 tio
498 3216 306 75 interpretatius
753 3216 102 75 ad
804 3216 153 75 malum
905 3216 221 75 sufficit,
1075 3216 102 75 vt
1126 3216 102 75 in
1177 3216 170 75 nostro
1296 3216 204 75 iracundo
1449 3216 238 75 praecipiti
1636 3216 136 75 bili
1720 3216 187 75 commoto
1856 3216 102 75 ad
1890 3216 204 75 pulsandum.
